,Total Delay,Request Delay,Saving Delay,Arrival Time,Time,Bid,Bid Size,Ask,Ask Size,Last Price,Last Size
0,0.6499999999999999,0.3,0.35,0.6499999999999999,09:30:00,52.69,200,52.74,300,52.63,100
6,0.28,0.08,0.2,2.6000000000000005,09:30:02,52.69,300,52.74,300,52.69,100
51,0.4,0.18,0.22,0.0,09:31:00,52.58,400,52.64,200,52.61,100
56,0.30000000000000004,0.07,0.23,3.0,09:31:03,52.59,1200,52.62,100,52.59,200
81,0.43000000000000005,0.17,0.26,20.080000000000002,09:31:20,52.6,200,52.64,200,52.6148,500
122,0.32,0.12,0.2,34.120000000000005,09:31:34,52.62,200,52.65,100,52.65,100
127,0.6000000000000001,0.27,0.33,36.23000000000001,09:31:36,52.69,100,52.72,100,52.67,100
202,2.2199999999999998,2.03,0.19,0.0,09:32:00,52.7,200,52.74,100,52.74,100
209,1.96,1.75,0.21,3.8,09:32:03,52.7,200,52.74,100,52.7399,100
302,0.39,0.22,0.17,33.60999999999999,09:32:33,52.6,400,52.65,200,52.625,500
405,0.5700000000000001,0.28,0.29,8.06,09:33:08,52.7,200,52.73,100,52.7,100
433,0.26,0.07,0.19,17.909999999999997,09:33:17,52.7,200,52.73,100,52.7183,300
509,2.14,1.95,0.19,9.370000000000001,09:34:09,52.54,100,52.58,100,52.56,100
522,0.33,0.07,0.26,20.459999999999997,09:34:20,52.55,100,52.57,100,52.55,100
535,0.39,0.08,0.31,26.039999999999996,09:34:26,52.52,200,52.56,200,52.54,100
618,0.34,0.07,0.27,0.0,09:35:00,52.51,100,52.55,300,52.51,100
621,0.33,0.07,0.26,1.1800000000000002,09:35:01,52.48,100,52.51,100,52.5,200
622,3.44,3.13,0.31,4.62,09:35:04,52.47,300,52.5,100,52.48,100
641,0.4,0.18,0.22,17.36,09:35:17,52.52,200,52.55,100,52.53,100
647,0.43000000000000005,0.16,0.27,19.599999999999998,09:35:19,52.56,200,52.59,100,52.57,100
748,0.4,0.22,0.18,53.57,09:35:53,52.54,100,52.56,200,52.5539,200
778,0.39,0.21,0.18,14.140000000000002,09:36:14,52.52,100,52.54,100,52.52,100
790,0.38,0.09,0.29,22.240000000000002,09:36:22,52.57,100,52.59,100,52.58,100
805,0.65,0.28,0.37,28.220000000000006,09:36:28,52.64,100,52.64,200,52.64,100
809,0.42,0.12,0.3,29.950000000000006,09:36:29,52.63,100,52.65,200,52.6499,1000
814,0.5800000000000001,0.19,0.39,32.25,09:36:32,52.61,200,52.64,200,52.62,100
870,0.35000000000000003,0.08,0.27,55.94,09:36:55,52.64,200,52.67,400,52.66,100
875,0.42000000000000004,0.08,0.34,0.42000000000000004,09:37:00,52.67,200,52.69,100,52.68,200
909,0.6000000000000001,0.26,0.34,22.15,09:37:22,52.69,100,52.71,100,52.71,100
918,0.49,0.14,0.35,26.169999999999998,09:37:26,52.76,100,52.78,400,52.76,100
931,0.5,0.07,0.43,32.660000000000004,09:37:32,52.76,100,52.79,200,52.775,100
939,0.47000000000000003,0.13,0.34,36.34000000000001,09:37:36,52.76,300,52.79,200,52.77,100
959,0.48,0.21,0.27,44.07999999999999,09:37:44,52.81,100,52.84,200,52.8,600
965,0.42,0.18,0.24,46.14999999999999,09:37:46,52.86,200,52.87,400,52.86,100
979,0.35000000000000003,0.07,0.28,52.18999999999998,09:37:52,52.82,100,52.84,100,52.83,100
989,0.36,0.07,0.29,56.32999999999998,09:37:56,52.78,300,52.82,400,52.78,100
993,0.39,0.12,0.27,57.94999999999998,09:37:57,52.79,100,52.82,300,52.795,500
1002,0.42,0.07,0.35,0.0,09:38:00,52.79,200,52.81,100,52.79,100
1011,0.56,0.27,0.29,4.200000000000001,09:38:04,52.81,300,52.85,200,52.84,100
1028,0.34,0.08,0.26,15.91,09:38:15,52.83,200,52.87,300,52.8469,300
1051,0.47,0.17,0.3,28.009999999999998,09:38:28,52.77,100,52.79,100,52.748999999999995,1000
1055,0.55,0.24,0.31,30.16,09:38:30,52.75,200,52.78,400,52.7717,1200
1071,0.39,0.13,0.26,36.050000000000004,09:38:36,52.73,100,52.74,100,52.75,100
1137,0.31,0.08,0.23,4.06,09:39:04,52.84,200,52.87,200,52.85,100
1142,0.37,0.18,0.19,5.859999999999999,09:39:05,52.83,100,52.85,300,52.8611,200
1161,0.37,0.09,0.28,18.160000000000004,09:39:18,52.81,100,52.84,500,52.82,100
1172,0.31,0.07,0.24,22.020000000000003,09:39:22,52.8,300,52.83,200,52.81,100
1226,0.27,0.08,0.19,43.95000000000002,09:39:43,52.73,300,52.76,200,52.729,1000
1245,0.42000000000000004,0.22,0.2,50.06000000000002,09:39:50,52.7,300,52.73,300,52.73,100
1261,0.35,0.17,0.18,0.0,09:40:00,52.71,300,52.74,200,52.72,100
1434,0.97,0.67,0.3,8.629999999999999,09:41:08,52.63,200,52.65,100,52.6388,200
1519,0.38,0.08,0.3,42.32000000000001,09:41:42,52.59,500,52.61,200,52.6,200
1667,0.41000000000000003,0.13,0.28,0.89,09:43:00,52.43,300,52.46,300,52.41,8045
1700,0.31,0.1,0.21,16.570000000000004,09:43:16,52.49,300,52.51,100,52.49,100
1725,0.36,0.09,0.27,28.59,09:43:28,52.46,100,52.49,200,52.46,100
1741,0.4,0.08,0.32,34.69,09:43:34,52.46,400,52.5,200,52.47,100
1783,0.29,0.08,0.21,50.660000000000004,09:43:50,52.49,300,52.5,200,52.495,200
1794,0.33,0.14,0.19,54.82,09:43:54,52.42,300,52.46,400,52.44,100
1831,0.59,0.35,0.24,13.620000000000001,09:44:13,52.46,100,52.49,100,52.475,100
1933,0.41000000000000003,0.18,0.23,53.88000000000001,09:44:53,52.43,200,52.46,200,52.45,100
1972,1.42,1.15,0.27,12.809999999999999,09:45:12,52.51,100,52.54,100,52.525,500
2353,0.37,0.07,0.3,42.419999999999995,09:47:42,52.42,200,52.44,100,52.442,800
2378,0.44,0.21,0.23,2.0500000000000003,09:48:02,52.41,300,52.45,300,52.43,100
2544,0.45,0.18,0.27,10.529999999999998,09:49:10,52.48,200,52.5,100,52.4876,200
2610,0.32,0.08,0.24,43.96000000000001,09:49:43,52.52,300,52.54,100,52.5396,500
2639,0.27,0.07,0.2,54.110000000000035,09:49:54,52.51,200,52.54,300,52.5214,100
2689,0.3,0.08,0.22,23.8,09:50:23,52.53,100,52.55,400,52.5433,101
2742,0.39,0.21,0.18,43.98000000000001,09:50:43,52.49,200,52.5,400,52.505,100
2751,5.26,5.09,0.17,52.030000000000015,09:50:52,52.49,100,52.5,100,52.4921,500
2804,0.38,0.16,0.22,16.029999999999998,09:51:16,52.42,100,52.44,400,52.42,100
2959,0.41000000000000003,0.22,0.19,22.080000000000002,09:52:22,52.47,400,52.49,200,52.4899,2000
3281,0.23,0.07,0.16,28.1,09:54:28,52.46,500,52.47,300,52.465,100
3349,0.39,0.2,0.19,50.020000000000024,09:54:50,52.48,300,52.5,200,52.4966,1000
3367,0.36,0.18,0.18,56.24000000000003,09:54:56,52.54,100,52.55,100,52.5499,100
3398,0.33999999999999997,0.13,0.21,14.119999999999997,09:55:14,52.55,200,52.56,100,52.5544,400
3469,0.52,0.24,0.28,44.150000000000006,09:55:44,52.49,100,52.51,200,52.5084,3500
3984,0.3,0.12,0.18,22.180000000000003,09:59:22,52.49,200,52.5,200,52.485,100
4376,0.26,0.07,0.19,9.68,10:02:09,52.45,100,52.46,200,52.458999999999996,5000
4385,0.24000000000000002,0.07,0.17,17.639999999999993,10:02:17,52.45,300,52.46,100,52.455,100
4811,2.55,2.21,0.34,9.57,10:05:09,52.44,100,52.45,400,52.435,100
5050,0.37,0.18,0.19,52.28000000000002,10:06:52,52.46,300,52.47,100,52.463,1000
5089,0.27,0.09,0.18,5.85,10:07:05,52.47,300,52.49,400,52.476000000000006,1200
5343,0.45999999999999996,0.24,0.22,50.04000000000002,10:08:50,52.38,400,52.4,300,52.39,100
5349,0.30000000000000004,0.07,0.23,52.08000000000001,10:08:52,52.38,400,52.39,200,52.38,100
5432,0.28,0.07,0.21,27.280000000000005,10:09:27,52.38,400,52.4,200,52.4,375
5462,168.17,168.0,0.17,0.0,10:12:00,52.27,400,52.29,200,52.2999,842
5470,0.42,0.24,0.18,2.12,10:12:02,52.27,400,52.29,200,52.28,200
5471,0.38,0.21,0.17,2.5,10:12:02,52.27,500,52.29,200,52.2892,520
5484,0.23,0.07,0.16,6.210000000000001,10:12:06,52.27,100,52.28,200,52.27,100
5498,0.33,0.08,0.25,10.53,10:12:10,52.27,200,52.28,100,52.271,200
5534,0.44,0.24,0.2,24.31000000000001,10:12:24,52.26,200,52.28,100,52.26,100
5557,0.35000000000000003,0.07,0.28,4.1499999999999995,10:13:04,52.25,6700,52.27,400,52.2588,569
5564,0.38,0.18,0.2,12.02,10:13:12,52.28,500,52.3,300,52.29,100
5575,1.53,1.22,0.31,17.02,10:13:17,52.29,100,52.31,200,52.3,100
5586,0.33,0.08,0.25,24.289999999999996,10:13:24,52.29,200,52.31,300,52.2973,760
5614,0.26,0.07,0.19,34.04999999999999,10:13:34,52.32,200,52.33,100,52.32,100
5624,0.45999999999999996,0.21,0.25,38.300000000000004,10:13:38,52.32,400,52.34,300,52.33,100
5630,0.28,0.08,0.2,40.19000000000001,10:13:40,52.32,400,52.34,200,52.3318,2000
5635,0.39,0.18,0.21,42.12000000000001,10:13:42,52.32,500,52.34,100,52.34,100
5664,0.38,0.21,0.17,52.140000000000015,10:13:52,52.32,400,52.34,200,52.3386,200
5709,0.34,0.17,0.17,0.0,10:14:00,52.34,300,52.36,400,52.35,100
5715,0.36,0.17,0.19,1.77,10:14:01,52.34,500,52.36,100,52.36,100
5772,0.23,0.07,0.16,31.720000000000013,10:14:31,52.34,100,52.35,100,52.345,100
5819,0.39,0.21,0.18,46.08000000000003,10:14:46,52.29,100,52.3,200,52.31,100
5883,0.45,0.22,0.23,25.759999999999994,10:15:25,52.31,100,52.32,500,52.305,100
5896,0.33,0.14,0.19,29.79999999999999,10:15:29,52.32,100,52.33,200,52.325,100
5961,0.30000000000000004,0.13,0.17,49.83000000000003,10:15:49,52.29,300,52.3,300,52.295,100
6068,0.28,0.08,0.2,29.769999999999996,10:16:29,52.28,500,52.29,100,52.285,300
6117,0.39,0.2,0.19,45.83000000000001,10:16:45,52.29,100,52.3,100,52.291000000000004,100
6400,0.33,0.07,0.26,30.29,10:19:30,52.33,600,52.34,500,52.335,100
6411,0.36000000000000004,0.08,0.28,34.42,10:19:34,52.34,300,52.35,300,52.3499,102
6437,0.43,0.21,0.22,0.0,10:20:00,52.38,200,52.39,100,52.3899,300
6537,0.3,0.08,0.22,0.3,10:21:00,52.43,300,52.44,100,52.4334,150
6605,0.5900000000000001,0.07,0.52,36.04999999999999,10:21:36,52.42,100,52.43,200,52.425,300
6647,0.49,0.18,0.31,23.600000000000005,10:22:23,52.41,100,52.42,300,52.415,500
6681,0.56,0.24,0.32,41.81000000000001,10:22:41,52.41,200,52.42,200,52.4176,100
6751,0.44999999999999996,0.24,0.21,3.9400000000000004,10:23:03,52.45,400,52.46,100,52.445,100
6757,0.43,0.21,0.22,6.0200000000000005,10:23:06,52.44,200,52.46,300,52.4482,755
6833,0.27,0.07,0.2,33.91000000000001,10:23:33,52.47,200,52.48,200,52.4785,100
6856,4.62,4.28,0.34,8.959999999999999,10:24:08,52.45,100,52.46,400,52.4538,200
6892,0.63,0.23,0.4,30.139999999999997,10:24:30,52.48,500,52.49,200,52.4744,1000
7262,0.5,0.23,0.27,0.0,10:28:00,52.41,200,52.42,200,52.4193,100
7271,0.44,0.25,0.19,4.33,10:28:04,52.37,1900,52.39,300,52.385,100
7330,0.30000000000000004,0.1,0.2,30.01,10:28:30,52.37,1700,52.38,300,52.37,100
7336,0.34,0.07,0.27,32.17,10:28:32,52.37,1700,52.38,300,52.375,100
7660,0.48,0.19,0.29,41.36,10:30:41,52.34,100,52.36,400,52.3488,300
7730,0.8200000000000001,0.48,0.34,18.32,10:31:18,52.32,1800,52.34,400,52.338,100
7804,0.4,0.23,0.17,0.0,10:33:00,52.34,400,52.35,100,52.3494,500
7974,1.83,1.57,0.26,21.989999999999995,10:34:21,52.35,300,52.36,400,52.355,100
8072,0.7799999999999999,0.08,0.7,0.0,10:35:00,52.37,500,52.38,100,52.3793,500
8081,0.75,0.19,0.56,5.99,10:35:05,52.37,500,52.38,100,52.376000000000005,2500
8121,0.47000000000000003,0.08,0.39,32.07,10:35:32,52.39,300,52.41,500,52.4099,100
8133,1.6199999999999999,0.19,1.43,44.43999999999999,10:35:44,52.39,400,52.41,500,52.3902,100
8210,0.8,0.07,0.73,18.049999999999997,10:36:18,52.4,300,52.41,400,52.4083,5000
8398,0.8,0.15,0.65,48.41,10:38:48,52.4,500,52.41,200,52.4053,100
8428,2.44,1.92,0.52,16.200000000000003,10:39:16,52.4,500,52.42,500,52.405,100
8758,0.76,0.22,0.54,0.0,10:43:00,52.39,100,52.4,400,52.398999999999994,100
8780,0.61,0.08,0.53,17.63,10:43:17,52.38,100,52.39,300,52.381,2300
8835,0.46,0.12,0.34,0.0,10:44:00,52.37,600,52.38,100,52.3844,110
8866,0.76,0.07,0.69,22.34,10:44:22,52.39,200,52.4,400,52.3928,400
8947,2.3600000000000003,1.84,0.52,9.38,10:45:09,52.47,300,52.49,300,52.4796,500
8975,0.74,0.09,0.65,26.98,10:45:26,52.48,100,52.49,300,52.4849,300
9012,0.61,0.24,0.37,0.0,10:46:00,52.45,300,52.46,200,52.4566,500
9420,0.44,0.08,0.36,37.960000000000015,10:50:37,52.39,600,52.4,200,52.395,100
9477,0.64,0.18,0.46,9.56,10:51:09,52.4,2500,52.41,300,52.4043,300
9657,0.5800000000000001,0.07,0.51,22.179999999999993,10:53:22,52.4,1600,52.41,500,52.4046,480
9882,0.6,0.24,0.36,28.15,10:57:28,52.43,200,52.45,500,52.4323,2500
10128,0.75,0.07,0.68,27.779999999999998,11:00:27,52.46,200,52.47,300,52.4653,250
10141,0.59,0.09,0.5,35.79000000000001,11:00:35,52.43,400,52.45,400,52.4499,100
10346,0.5800000000000001,0.07,0.51,18.120000000000005,11:05:18,52.53,400,52.54,400,52.5355,200
10352,0.59,0.23,0.36,21.75000000000001,11:05:21,52.53,200,52.54,500,52.5318,200
10355,0.43,0.07,0.36,23.37000000000001,11:05:23,52.53,200,52.54,500,52.532,2000
10431,2.0,1.44,0.56,16.79,11:06:16,52.51,700,52.52,400,52.515,100
10445,0.5700000000000001,0.07,0.5,24.39,11:06:24,52.51,700,52.52,400,52.516999999999996,1000
10525,2.18,1.6,0.58,13.549999999999999,11:07:13,52.5,300,52.51,400,52.5001,100
10529,1.39,0.94,0.45,16.77,11:07:16,52.5,200,52.51,300,52.501000000000005,100
10538,0.44,0.08,0.36,23.63,11:07:23,52.5,200,52.51,300,52.5063,200
10623,0.76,0.17,0.59,6.799999999999999,11:08:06,52.53,400,52.54,200,52.5301,692
10649,1.37,0.82,0.55,25.840000000000003,11:08:25,52.54,300,52.55,200,52.542,3000
10696,0.56,0.07,0.49,0.0,11:09:00,52.54,300,52.55,300,52.545,200
10763,0.61,0.18,0.43,42.01000000000001,11:09:42,52.56,200,52.57,400,52.5797,100
10781,0.62,0.24,0.38,51.830000000000005,11:09:51,52.58,200,52.59,600,52.5854,700
10799,3.01,2.46,0.55,0.0,11:10:00,52.58,200,52.59,300,52.585,100
10849,0.6100000000000001,0.07,0.54,30.560000000000006,11:10:30,52.55,100,52.56,300,52.555,100
11038,0.79,0.26,0.53,52.6,11:12:52,52.54,800,52.55,600,52.541000000000004,100
11162,0.5900000000000001,0.27,0.32,16.2,11:14:16,52.56,400,52.57,100,52.565,100
11168,0.57,0.09,0.48,19.98,11:14:19,52.57,400,52.58,100,52.5786,1000
11633,0.45,0.12,0.33,49.600000000000016,11:21:49,52.53,500,52.54,200,52.535,100
11690,0.5900000000000001,0.07,0.52,25.849999999999998,11:22:25,52.52,400,52.53,200,52.5246,500
11772,0.75,0.2,0.55,0.0,11:23:00,52.5,200,52.51,300,52.5007,100
11791,0.6000000000000001,0.28,0.32,11.849999999999998,11:23:11,52.5,200,52.51,400,52.5011,300
11943,0.64,0.21,0.43,34.04999999999999,11:25:34,52.52,100,52.53,500,52.5201,2000
12002,1.44,0.98,0.46,18.45,11:26:18,52.54,200,52.55,300,52.544,1000
12091,7.41,6.91,0.5,26.84,11:29:26,52.54,200,52.55,400,52.5408,100
12153,0.6200000000000001,0.07,0.55,29.26,11:30:29,52.51,400,52.52,500,52.5131,100
12291,0.6000000000000001,0.28,0.32,9.99,11:32:09,52.46,100,52.47,200,52.467,1000
12348,0.44,0.08,0.36,45.64999999999999,11:32:45,52.46,400,52.48,400,52.4722,100
12565,2.38,1.91,0.47,11.240000000000002,11:35:11,52.46,400,52.48,300,52.4678,100
12797,0.76,0.21,0.55,6.2,11:41:06,52.48,1200,52.49,500,52.4834,200
12934,0.42000000000000004,0.22,0.2,27.82999999999999,11:42:27,52.49,300,52.5,500,52.4934,200
13088,0.45,0.19,0.26,25.28,11:43:25,52.47,500,52.48,400,52.4734,200
13339,0.25,0.07,0.18,31.89,11:46:31,52.49,500,52.5,400,52.4944,183
13634,0.33999999999999997,0.16,0.18,27.769999999999992,11:48:27,52.49,400,52.5,400,52.4946,250
14049,0.36,0.14,0.22,0.0,11:51:00,52.46,500,52.47,400,52.4634,500
15032,0.25,0.08,0.17,33.8,11:57:33,52.45,400,52.46,200,52.4592,353
15107,0.41,0.12,0.29,0.0,11:58:00,52.48,500,52.49,300,52.4868,100
15370,0.5900000000000001,0.27,0.32,49.839999999999996,11:59:49,52.48,400,52.49,400,52.4844,105
15448,0.47,0.22,0.25,22.039999999999992,12:00:22,52.48,300,52.49,500,52.4848,400
15976,0.62,0.27,0.35,31.229999999999997,12:03:31,52.47,500,52.48,700,52.471000000000004,100
16633,0.38,0.2,0.18,57.600000000000044,12:07:57,52.46,100,52.47,400,52.4646,500
16899,0.23,0.07,0.16,41.81000000000001,12:09:41,52.45,300,52.46,500,52.451,100
17926,0.31000000000000005,0.14,0.17,7.910000000000002,12:16:07,52.47,400,52.48,400,52.4757,100
18587,1.26,1.04,0.22,17.890000000000004,12:20:17,52.45,200,52.46,400,52.4567,3000
19134,0.63,0.27,0.36,51.99,12:23:51,52.5,700,52.51,500,52.5032,100
19273,0.30000000000000004,0.07,0.23,42.14999999999999,12:24:42,52.5,700,52.51,400,52.507,740
19567,0.49,0.27,0.22,0.0,12:27:00,52.47,400,52.49,700,52.4701,400
20267,0.26,0.08,0.18,28.779999999999994,12:31:28,52.47,800,52.48,600,52.4741,1000
20489,0.35,0.17,0.18,2.02,12:33:02,52.48,300,52.49,300,52.4846,500
20756,0.23,0.07,0.16,11.680000000000001,12:34:11,52.48,400,52.49,2000,52.474,200
20924,0.4,0.23,0.17,38.279999999999966,12:35:38,52.48,400,52.49,100,52.4893,100
21297,0.28,0.07,0.21,3.9700000000000006,12:38:03,52.48,1500,52.49,400,52.4889,100
21344,0.34,0.14,0.2,25.929999999999996,12:38:25,52.48,1500,52.49,400,52.4825,600
23126,0.36,0.2,0.16,16.01,12:53:16,52.47,600,52.48,300,52.4746,100
24046,0.37,0.18,0.19,9.469999999999999,13:00:09,52.51,500,52.52,3000,52.5199,200
24107,0.28,0.08,0.2,29.240000000000006,13:00:29,52.5,300,52.51,500,52.5121,100
24692,0.26,0.08,0.18,42.15000000000001,13:04:42,52.51,300,52.52,400,52.511,126
25158,0.29,0.08,0.21,41.75,13:10:41,52.55,300,52.56,400,52.5575,100
25498,0.62,0.08,0.54,27.580000000000005,13:13:27,52.54,700,52.56,400,52.5599,100
25558,3.7600000000000002,3.33,0.43,11.73,13:14:11,52.54,700,52.56,400,52.5493,857
25719,0.62,0.08,0.54,36.23,13:15:36,52.54,1300,52.56,200,52.5525,100
26093,0.63,0.25,0.38,12.0,13:20:12,52.54,700,52.56,400,52.5432,500
26313,0.5900000000000001,0.07,0.52,13.829999999999998,13:22:13,52.51,500,52.52,300,52.5107,100
26317,0.72,0.3,0.42,16.029999999999998,13:22:16,52.51,400,52.52,300,52.513000000000005,100
26403,0.73,0.08,0.65,36.4,13:23:36,52.51,100,52.52,700,52.5184,100
27025,1.1900000000000002,0.07,1.12,26.589999999999996,13:36:26,52.53,600,52.55,600,52.5346,400
27190,0.98,0.22,0.76,37.17999999999999,13:39:37,52.51,500,52.52,400,52.5134,1000
27361,1.23,0.07,1.16,3.6,13:44:03,52.53,700,52.54,300,52.5399,100
27369,1.2,0.07,1.13,15.989999999999997,13:44:15,52.54,500,52.55,400,52.5425,100
27677,0.99,0.16,0.83,23.83,13:50:23,52.49,600,52.51,500,52.5009,100
27723,2.3899999999999997,1.63,0.76,20.169999999999998,13:51:20,52.49,300,52.5,400,52.4931,146
27823,0.97,0.18,0.79,11.800000000000002,13:53:11,52.5,800,52.51,100,52.5055,100
28038,2.0,0.83,1.17,17.17,13:57:17,52.52,1000,52.53,2600,52.5245,100
28233,2.21,1.4,0.81,11.829999999999998,14:01:11,52.53,800,52.54,200,52.5394,100
28379,0.8200000000000001,0.07,0.75,0.0,14:04:00,52.53,800,52.54,500,52.549,100
28637,1.01,0.13,0.88,17.400000000000002,14:09:17,52.54,600,52.55,600,52.548,100
28744,0.8200000000000001,0.07,0.75,33.41,14:11:33,52.52,500,52.53,400,52.5227,100
28846,2.81,2.14,0.67,6.18,14:13:06,52.54,600,52.55,300,52.5465,1174
28925,1.1900000000000002,0.08,1.11,35.17999999999999,14:14:35,52.55,100,52.56,200,52.5625,100
28954,0.97,0.12,0.85,15.800000000000002,14:15:15,52.55,400,52.56,300,52.551,100
29002,1.1800000000000002,0.14,1.04,0.0,14:16:00,52.56,400,52.58,500,52.575,100
29080,0.8200000000000001,0.07,0.75,33.80999999999999,14:17:33,52.61,500,52.62,2000,52.615,100
29161,2.19,1.45,0.74,0.0,14:19:00,52.59,200,52.6,300,52.595,100
29203,0.98,0.07,0.91,42.809999999999995,14:19:42,52.6,400,52.61,200,52.6099,1333
29217,1.18,0.15,1.03,3.3999999999999995,14:20:03,52.6,400,52.61,200,52.605,100
29508,0.43,0.08,0.35,0.0,14:23:00,52.62,400,52.63,300,52.629,100
29512,0.6,0.24,0.36,2.17,14:23:02,52.62,400,52.63,400,52.6287,549
29575,0.43,0.07,0.36,0.0,14:24:00,52.61,1000,52.62,200,52.6154,150
29705,0.59,0.08,0.51,29.980000000000008,14:25:29,52.61,300,52.62,400,52.6115,100
30214,0.6,0.09,0.51,2.65,14:31:02,52.62,600,52.63,700,52.6214,140
30485,104.82,104.3,0.52,0.0,14:36:00,52.65,900,52.67,1000,52.6564,100
30527,0.6200000000000001,0.07,0.55,27.380000000000003,14:36:27,52.63,800,52.64,300,52.638999999999996,400
30554,1.41,0.84,0.57,15.830000000000002,14:37:15,52.64,100,52.65,500,52.6415,500
30602,0.8,0.17,0.63,51.96,14:37:51,52.64,400,52.65,400,52.645,300
30710,0.64,0.14,0.5,0.0,14:39:00,52.66,100,52.67,1100,52.6692,100
30790,0.5900000000000001,0.07,0.52,0.0,14:40:00,52.67,200,52.68,700,52.6744,1000
30839,0.6399999999999999,0.07,0.57,39.49000000000001,14:40:39,52.67,400,52.68,600,52.675,125
31012,0.6000000000000001,0.14,0.46,39.62,14:42:39,52.67,500,52.68,600,52.6734,185
31114,4.02,3.52,0.5,0.0,14:44:00,52.66,600,52.67,400,52.665,752
31267,0.79,0.31,0.48,0.0,14:46:00,52.65,400,52.66,200,52.655,100
31527,2.4,1.88,0.52,0.0,14:49:00,52.66,500,52.67,200,52.6641,275
31845,0.6399999999999999,0.07,0.57,0.0,14:53:00,52.66,300,52.67,400,52.6686,100
32079,0.61,0.08,0.53,15.209999999999999,14:56:15,52.69,300,52.7,800,52.695,100
32151,0.6000000000000001,0.07,0.53,23.050000000000004,14:57:23,52.69,500,52.7,500,52.6956,300
32216,2.0100000000000002,1.57,0.44,14.229999999999999,14:58:14,52.68,700,52.69,300,52.685,200
32230,0.5599999999999999,0.15,0.41,21.609999999999996,14:58:21,52.65,500,52.66,200,52.6599,100
32247,0.75,0.07,0.68,32.56999999999999,14:58:32,52.66,400,52.67,400,52.661,215
32433,0.43,0.07,0.36,39.629999999999995,15:00:39,52.66,400,52.67,400,52.669,700
32488,2.64,1.98,0.66,15.89,15:01:15,52.65,300,52.66,900,52.6529,1000
32842,0.9299999999999999,0.29,0.64,53.99,15:05:53,52.67,1300,52.68,300,52.67100000000001,200
32873,0.79,0.17,0.62,19.96,15:06:19,52.65,400,52.66,400,52.6501,107
32894,0.58,0.08,0.5,34.2,15:06:34,52.66,300,52.67,400,52.6699,170
32999,0.76,0.13,0.63,7.86,15:08:07,52.68,400,52.69,300,52.6843,1000
33088,1.6,1.12,0.48,10.959999999999999,15:09:10,52.69,300,52.7,600,52.696999999999996,500
33144,0.75,0.08,0.67,47.97000000000003,15:09:47,52.67,300,52.68,300,52.6799,100
33622,0.76,0.07,0.69,21.590000000000003,15:15:21,52.63,300,52.64,800,52.635,100
33957,0.6499999999999999,0.18,0.47,5.6,15:19:05,52.61,1100,52.62,600,52.6199,100
34095,0.44,0.07,0.37,48.06000000000001,15:20:48,52.56,700,52.57,200,52.5646,150
34182,0.59,0.08,0.51,51.82000000000002,15:21:51,52.57,700,52.58,400,52.5739,399
34215,0.5700000000000001,0.14,0.43,19.57,15:22:19,52.57,600,52.58,300,52.5741,500
34284,0.44000000000000006,0.1,0.34,2.25,15:23:02,52.57,500,52.58,700,52.5754,100
34287,4.17,3.56,0.61,7.62,15:23:07,52.57,500,52.58,700,52.5753,120
34429,0.6000000000000001,0.07,0.53,50.21,15:24:50,52.62,400,52.63,300,52.6292,100
35170,0.62,0.08,0.54,44.0,15:33:44,52.64,500,52.65,700,52.6466,400
35184,0.6,0.08,0.52,53.80000000000001,15:33:53,52.63,800,52.64,500,52.6346,200
35255,0.43,0.08,0.35,29.799999999999997,15:34:29,52.64,100,52.65,400,52.6446,100
35552,0.76,0.1,0.66,0.0,15:38:00,52.66,500,52.67,300,52.6601,100
35684,0.5700000000000001,0.07,0.5,31.390000000000004,15:39:31,52.68,1300,52.69,20900,52.6866,700
35695,0.57,0.09,0.48,37.59,15:39:37,52.7,800,52.71,300,52.705,400
35716,0.6000000000000001,0.14,0.46,49.63,15:39:49,52.7,1000,52.71,400,52.7065,500
35759,0.5700000000000001,0.26,0.31,21.999999999999996,15:40:21,52.69,800,52.7,500,52.6946,500
35989,0.6100000000000001,0.28,0.33,14.6,15:43:14,52.71,800,52.72,400,52.7146,110
36033,0.5700000000000001,0.2,0.37,42.39999999999999,15:43:42,52.71,700,52.72,1500,52.7155,150
36061,0.58,0.09,0.49,0.0,15:44:00,52.71,800,52.72,1400,52.715,100
36215,0.58,0.16,0.42,41.790000000000006,15:45:41,52.66,900,52.67,600,52.662,1000
36567,0.5599999999999999,0.08,0.48,49.76000000000001,15:49:49,52.68,300,52.69,1200,52.6868,150
36591,0.6,0.18,0.42,4.0,15:50:04,52.72,400,52.73,800,52.725,300
36627,0.5900000000000001,0.07,0.52,34.210000000000015,15:50:34,52.7,1300,52.71,700,52.7039,100
36672,0.74,0.17,0.57,11.719999999999999,15:51:11,52.7,1100,52.71,900,52.7043,100
36918,0.62,0.18,0.44,21.99,15:54:21,52.69,2500,52.7,1000,52.6945,100
37054,3.4,2.83,0.57,5.1899999999999995,15:56:05,52.68,2500,52.69,3100,52.6857,200
37267,0.76,0.18,0.58,65.92000000000003,16:00:05,52.69,2500,52.7,21300,52.6915,1000
