,Total Delay,Request Delay,Saving Delay,Arrival Time,Time,Bid,Bid Size,Ask,Ask Size,Last Price,Last Size
0,0.6499999999999999,0.3,0.35,0.6499999999999999,09:30:00,156.77,100,156.8,400,156.78,100
12,0.35,0.16,0.19,4.76,09:30:04,156.77,300,156.8,400,156.7701,2000
16,0.32,0.08,0.24,6.53,09:30:06,156.77,300,156.8,100,156.77,100
22,0.3,0.08,0.22,8.47,09:30:08,156.82,300,156.83,100,156.83,100
28,0.5800000000000001,0.27,0.31,10.940000000000001,09:30:10,156.78,200,156.82,800,156.82,150
32,0.43,0.21,0.22,12.59,09:30:12,156.72,100,156.76,400,156.75,100
46,0.35000000000000003,0.08,0.27,0.0,09:31:00,156.69,100,156.72,100,156.72,100
51,0.4,0.18,0.22,1.98,09:31:01,156.62,200,156.66,500,156.64,100
56,0.30000000000000004,0.07,0.23,4.9799999999999995,09:31:04,156.64,200,156.67,100,156.66,100
59,0.33,0.1,0.23,6.17,09:31:06,156.64,600,156.67,100,156.6674,500
64,2.08,1.88,0.2,9.670000000000002,09:31:09,156.64,600,156.67,100,156.655,200
65,0.31,0.07,0.24,9.980000000000002,09:31:09,156.69,200,156.7,100,156.6968,100
69,0.42,0.21,0.21,12.030000000000003,09:31:12,156.68,600,156.71,500,156.7,100
75,0.89,0.62,0.27,16.62,09:31:16,156.69,600,156.72,400,156.69,100
77,1.79,1.43,0.36,18.84,09:31:18,156.74,100,156.76,1100,156.76,100
79,1.12,0.88,0.24,20.220000000000002,09:31:20,156.74,100,156.76,1100,156.74,100
88,0.39,0.2,0.19,24.270000000000007,09:31:24,156.76,500,156.8,1500,156.8,100
94,0.27,0.07,0.2,26.170000000000005,09:31:26,156.81,500,156.83,100,156.8138,175
103,0.26,0.08,0.18,29.490000000000006,09:31:29,156.78,100,156.81,600,156.81,100
108,0.27,0.08,0.19,31.340000000000007,09:31:31,156.84,300,156.85,6200,156.84,195
110,0.5,0.28,0.22,32.230000000000004,09:31:32,156.85,200,156.86,200,156.8599,300
117,0.3,0.08,0.22,34.38,09:31:34,156.86,500,156.88,700,156.87,100
122,0.32,0.12,0.2,36.10000000000001,09:31:36,156.83,200,156.86,300,156.845,100
127,0.6000000000000001,0.27,0.33,38.210000000000015,09:31:38,156.8,200,156.84,500,156.825,500
133,0.26,0.07,0.19,40.170000000000016,09:31:40,156.8,200,156.83,100,156.8375,100
148,0.4,0.08,0.32,46.14000000000002,09:31:46,156.71,200,156.75,900,156.724,500
163,0.43,0.24,0.19,52.29000000000002,09:31:52,156.7,600,156.75,500,156.73,100
169,0.27,0.07,0.2,54.020000000000024,09:31:54,156.7,200,156.72,100,156.71,100
182,0.33,0.07,0.26,58.26000000000002,09:31:58,156.69,600,156.71,100,156.7001,250
193,0.41000000000000003,0.21,0.2,2.27,09:32:02,156.74,300,156.75,100,156.745,100
202,2.2199999999999998,2.03,0.19,15.0,09:32:15,156.76,400,156.81,400,156.7826,200
258,0.39,0.22,0.17,34.55999999999999,09:32:34,156.77,400,156.81,100,156.784,500
264,0.24000000000000002,0.07,0.17,36.509999999999984,09:32:36,156.83,500,156.88,600,156.86,3000
276,0.24000000000000002,0.07,0.17,40.38999999999998,09:32:40,156.83,200,156.86,200,156.832,100
325,0.25,0.07,0.18,56.56999999999999,09:32:56,156.79,500,156.83,400,156.8125,100
349,0.41000000000000003,0.21,0.2,5.44,09:33:05,156.83,200,156.85,300,156.85,116
354,2.19,1.96,0.23,12.57,09:33:12,156.76,100,156.79,600,156.7601,253
356,2.15,1.91,0.24,14.98,09:33:14,156.73,100,156.77,600,156.7367,400
359,0.35,0.18,0.17,15.84,09:33:15,156.73,200,156.76,100,156.7408,800
375,0.32,0.15,0.17,23.920000000000005,09:33:23,156.7,300,156.73,300,156.72899999999998,200
393,0.35,0.18,0.17,29.870000000000005,09:33:29,156.67,100,156.69,300,156.684,500
399,0.38,0.21,0.17,31.950000000000006,09:33:31,156.66,300,156.67,400,156.6678,400
405,0.5700000000000001,0.28,0.29,33.96,09:33:33,156.67,100,156.68,100,156.67,500
433,0.26,0.07,0.19,43.81000000000001,09:33:43,156.67,200,156.7,300,156.6965,200
440,0.45,0.25,0.2,46.19000000000002,09:33:46,156.67,300,156.7,300,156.6893,2330
452,0.26,0.07,0.19,49.95000000000001,09:33:49,156.68,300,156.7,100,156.6865,200
458,0.27,0.09,0.18,52.11000000000001,09:33:52,156.67,200,156.69,100,156.68,100
470,0.41000000000000003,0.19,0.22,56.35000000000001,09:33:56,156.63,100,156.66,400,156.63,100
475,0.32,0.09,0.23,58.21000000000001,09:33:58,156.66,100,156.68,200,156.6688,300
481,0.24000000000000002,0.07,0.17,0.24000000000000002,09:34:00,156.69,300,156.71,100,156.702,1000
492,0.34,0.14,0.2,4.010000000000001,09:34:04,156.62,100,156.64,100,156.6356,500
499,0.38,0.19,0.19,6.22,09:34:06,156.6,300,156.62,1500,156.6,100
503,0.44,0.22,0.22,8.04,09:34:08,156.62,100,156.64,100,156.62,100
508,1.78,1.57,0.21,11.239999999999998,09:34:11,156.63,300,156.66,500,156.6301,5000
511,0.48,0.27,0.21,14.19,09:34:14,156.66,100,156.69,300,156.6816,100
513,2.17,1.87,0.3,16.61,09:34:16,156.66,500,156.69,200,156.6733,1000
515,1.4000000000000001,1.06,0.34,21.779999999999998,09:34:21,156.69,500,156.72,700,156.7125,118
516,0.42000000000000004,0.2,0.22,22.2,09:34:22,156.72,500,156.74,100,156.725,265
535,0.39,0.08,0.31,30.049999999999994,09:34:30,156.69,300,156.7,100,156.68200000000002,200
566,0.33,0.08,0.25,42.08999999999999,09:34:42,156.64,300,156.66,400,156.65,100
588,0.29000000000000004,0.07,0.22,50.01999999999999,09:34:50,156.65,500,156.67,500,156.656,2000
614,0.38,0.08,0.3,0.0,09:35:00,156.64,200,156.66,400,156.6401,317
618,0.34,0.07,0.27,5.17,09:35:05,156.64,100,156.65,2300,156.6599,5000
621,0.33,0.07,0.26,6.3500000000000005,09:35:06,156.61,200,156.63,300,156.61,100
623,1.67,1.41,0.26,11.46,09:35:11,156.61,200,156.62,300,156.6199,1100
641,0.4,0.18,0.22,22.53,09:35:22,156.69,300,156.71,100,156.7025,100
663,0.29000000000000004,0.07,0.22,31.039999999999996,09:35:31,156.74,400,156.75,300,156.7498,100
674,0.44999999999999996,0.21,0.24,34.75,09:35:34,156.72,300,156.74,400,156.7201,250
689,0.28,0.07,0.21,40.66000000000001,09:35:40,156.75,100,156.76,300,156.755,100
701,0.26,0.08,0.18,44.800000000000004,09:35:44,156.71,300,156.73,1200,156.727,500
720,0.24000000000000002,0.07,0.17,50.64000000000001,09:35:50,156.75,300,156.76,300,156.7515,300
741,0.23,0.07,0.16,56.81000000000002,09:35:56,156.75,200,156.77,300,156.7686,1000
759,0.38,0.21,0.17,0.0,09:36:00,156.79,300,156.8,200,156.7964,900
765,0.44000000000000006,0.17,0.27,2.13,09:36:02,156.78,2900,156.8,200,156.79,200
772,0.24000000000000002,0.07,0.17,9.8,09:36:09,156.8,100,156.81,200,156.805,200
774,2.31,2.11,0.2,12.360000000000001,09:36:12,156.79,100,156.8,1400,156.8001,100
778,0.39,0.21,0.18,14.140000000000002,09:36:14,156.76,300,156.77,100,156.7693,2000
780,0.43,0.19,0.24,18.330000000000002,09:36:18,156.72,600,156.74,100,156.7279,600
790,0.38,0.09,0.29,22.240000000000002,09:36:22,156.74,100,156.75,100,156.7443,1000
822,0.30000000000000004,0.07,0.23,35.88999999999999,09:36:35,156.76,300,156.77,200,156.7588,300
846,0.75,0.21,0.54,46.32999999999999,09:36:46,156.74,100,156.75,200,156.7435,1000
875,0.42000000000000004,0.08,0.34,0.0,09:37:00,156.79,100,156.8,600,156.795,100
893,0.28,0.07,0.21,9.77,09:37:09,156.79,400,156.8,400,156.7999,100
902,0.39,0.14,0.25,18.529999999999998,09:37:18,156.71,100,156.72,200,156.715,100
914,0.41000000000000003,0.21,0.2,23.889999999999997,09:37:23,156.75,200,156.77,200,156.765,300
934,0.35000000000000003,0.07,0.28,33.71,09:37:33,156.74,300,156.77,600,156.7567,100
939,0.47000000000000003,0.13,0.34,35.92,09:37:35,156.73,500,156.75,400,156.7413,100
944,0.43,0.08,0.35,37.949999999999996,09:37:37,156.73,500,156.75,300,156.7391,200
948,0.46,0.19,0.27,39.559999999999995,09:37:39,156.73,500,156.75,300,156.7429,900
979,0.35000000000000003,0.07,0.28,51.769999999999975,09:37:51,156.83,300,156.85,500,156.8437,1000
1007,0.48000000000000004,0.2,0.28,4.16,09:38:04,156.73,100,156.74,200,156.7354,400
1028,0.34,0.08,0.26,17.89,09:38:17,156.67,200,156.69,500,156.67700000000002,100
1039,0.49,0.07,0.42,24.03,09:38:24,156.72,200,156.74,600,156.7205,140
1071,0.39,0.13,0.26,38.029999999999994,09:38:38,156.65,600,156.67,400,156.6575,170
1080,0.46,0.23,0.23,42.17999999999999,09:38:42,156.62,200,156.64,500,156.645,200
1108,0.35000000000000003,0.08,0.27,53.76999999999998,09:38:53,156.67,300,156.68,400,156.675,100
1117,0.62,0.27,0.35,57.899999999999984,09:38:57,156.63,200,156.65,300,156.632,500
1118,0.37,0.13,0.24,58.26999999999998,09:38:58,156.63,100,156.64,200,156.6334,1000
1123,0.44999999999999996,0.21,0.24,0.44999999999999996,09:39:00,156.63,200,156.64,400,156.6399,1800
1132,0.47,0.23,0.24,4.19,09:39:04,156.62,200,156.63,600,156.6225,100
1181,0.43,0.18,0.25,29.96000000000001,09:39:29,156.61,400,156.62,200,156.6192,140
1187,0.34,0.08,0.26,32.19000000000001,09:39:32,156.61,400,156.62,200,156.6125,1000
1197,0.53,0.17,0.36,36.18000000000002,09:39:36,156.6,100,156.61,700,156.6001,1000
1202,0.47,0.18,0.29,38.08000000000003,09:39:38,156.57,800,156.58,300,156.5799,200
1211,0.45,0.2,0.25,42.32000000000003,09:39:42,156.6,700,156.61,800,156.6039,106
1216,0.49,0.22,0.27,44.52000000000004,09:39:44,156.59,100,156.6,800,156.59,100
1226,0.27,0.08,0.19,48.140000000000036,09:39:48,156.57,300,156.58,200,156.57,200
1232,0.28,0.07,0.21,50.140000000000036,09:39:50,156.57,300,156.58,100,156.58,100
1256,0.5800000000000001,0.3,0.28,58.28000000000003,09:39:58,156.58,300,156.6,700,156.5868,300
1266,0.52,0.28,0.24,2.3200000000000003,09:40:02,156.54,300,156.55,400,156.55,200
1273,0.31,0.09,0.22,6.52,09:40:06,156.55,200,156.57,300,156.56,100
1281,1.3,0.91,0.39,10.76,09:40:10,156.5,2600,156.52,400,156.5,100
1283,2.42,2.13,0.29,13.54,09:40:13,156.5,100,156.51,100,156.51,100
1285,0.43,0.19,0.24,14.259999999999998,09:40:14,156.5,400,156.52,900,156.52,1000
1291,0.36,0.17,0.19,16.189999999999998,09:40:16,156.53,300,156.55,700,156.54,150
1294,4.24,3.94,0.3,21.129999999999995,09:40:21,156.53,300,156.55,700,156.53,150
1295,0.29000000000000004,0.07,0.22,21.419999999999995,09:40:21,156.5,200,156.52,300,156.5113,100
1308,0.42,0.18,0.24,26.049999999999997,09:40:26,156.47,500,156.48,300,156.47,300
1314,0.45999999999999996,0.21,0.25,28.31,09:40:28,156.43,600,156.45,300,156.44,100
1319,0.49,0.28,0.21,30.119999999999997,09:40:30,156.41,1300,156.43,300,156.42,100
1331,0.33,0.14,0.19,34.309999999999995,09:40:34,156.44,100,156.45,300,156.445,200
1337,0.48,0.21,0.27,36.419999999999995,09:40:36,156.44,300,156.45,500,156.45,700
1346,0.45,0.19,0.26,39.949999999999996,09:40:39,156.45,100,156.46,100,156.465,100
1352,0.44,0.24,0.2,42.33999999999999,09:40:42,156.46,400,156.48,700,156.49,100
1357,0.29,0.08,0.21,44.10999999999998,09:40:44,156.46,500,156.48,400,156.48,100
1378,0.36,0.07,0.29,52.02999999999998,09:40:52,156.51,400,156.53,900,156.505,100
1391,0.49,0.22,0.27,58.19999999999999,09:40:58,156.5,300,156.51,100,156.5001,2500
1395,0.34,0.08,0.26,0.0,09:41:00,156.5,300,156.51,800,156.5057,1000
1401,0.29000000000000004,0.1,0.19,2.09,09:41:02,156.53,100,156.54,400,156.5092,100
1410,0.4,0.2,0.2,6.090000000000001,09:41:06,156.55,300,156.56,700,156.555,100
1422,0.4,0.21,0.19,10.13,09:41:10,156.52,600,156.54,800,156.529,1350
1430,0.3,0.08,0.22,14.68,09:41:14,156.52,700,156.54,900,156.5372,100
1451,0.31,0.08,0.23,26.179999999999996,09:41:26,156.52,200,156.53,500,156.52700000000002,300
1482,0.45999999999999996,0.24,0.22,36.36999999999999,09:41:36,156.56,400,156.57,200,156.5654,200
1493,0.38,0.21,0.17,40.379999999999995,09:41:40,156.58,100,156.59,100,156.5714,500
1509,0.35,0.15,0.2,46.279999999999994,09:41:46,156.59,300,156.61,700,156.595,500
1528,0.33,0.07,0.26,54.33,09:41:54,156.61,500,156.62,100,156.6143,100
1533,0.41000000000000003,0.17,0.24,56.15999999999999,09:41:56,156.61,300,156.62,200,156.615,200
1555,0.30000000000000004,0.07,0.23,8.86,09:42:08,156.6,300,156.61,700,156.605,200
1560,2.34,2.03,0.31,13.59,09:42:13,156.58,700,156.6,500,156.585,300
1566,0.41000000000000003,0.09,0.32,18.380000000000003,09:42:18,156.57,100,156.58,700,156.5754,300
1568,0.38,0.07,0.31,20.05,09:42:20,156.57,200,156.58,700,156.5701,465
1591,0.39,0.08,0.31,29.889999999999993,09:42:29,156.54,200,156.55,400,156.533,1050
1606,0.48,0.22,0.26,36.20999999999999,09:42:36,156.58,100,156.59,700,156.5899,2000
1614,0.42,0.07,0.35,40.19999999999999,09:42:40,156.57,700,156.58,700,156.575,100
1637,0.4,0.18,0.22,49.87999999999999,09:42:49,156.59,500,156.6,1100,156.5938,200
1658,0.76,0.29,0.47,58.21999999999998,09:42:58,156.57,800,156.59,700,156.576,1000
1676,0.54,0.25,0.29,6.07,09:43:06,156.56,700,156.58,800,156.5635,1000
1730,0.3,0.08,0.22,31.82,09:43:31,156.63,500,156.64,300,156.635,150
1752,0.28,0.07,0.21,40.07000000000001,09:43:40,156.64,300,156.65,400,156.6444,200
1762,0.34,0.08,0.26,44.19000000000001,09:43:44,156.64,500,156.66,700,156.654,200
1773,0.29000000000000004,0.07,0.22,48.08000000000001,09:43:48,156.65,200,156.66,400,156.6566,250
1783,0.29,0.08,0.21,52.02000000000001,09:43:52,156.64,100,156.65,800,156.638,400
1827,0.29000000000000004,0.07,0.22,7.94,09:44:07,156.63,700,156.65,800,156.648,700
1831,0.59,0.35,0.24,13.620000000000001,09:44:13,156.66,200,156.67,100,156.6699,3500
1886,0.35,0.17,0.18,37.89999999999999,09:44:37,156.62,500,156.64,900,156.6298,166
1909,0.31,0.11,0.2,45.77,09:44:45,156.63,200,156.65,1200,156.634,500
1939,0.3,0.08,0.22,55.86000000000001,09:44:55,156.64,400,156.65,500,156.649,300
1972,1.42,1.15,0.27,14.759999999999998,09:45:14,156.59,1000,156.61,1000,156.5968,3000
2014,0.5700000000000001,0.26,0.31,34.100000000000016,09:45:34,156.61,200,156.62,300,156.6212,480
2115,0.34,0.08,0.26,13.95,09:46:13,156.74,300,156.75,2400,156.744,200
2168,0.45999999999999996,0.21,0.25,38.04000000000001,09:46:38,156.73,200,156.74,300,156.7384,500
2191,0.27,0.08,0.19,46.00000000000003,09:46:46,156.74,400,156.75,600,156.7467,325
2195,0.41000000000000003,0.21,0.2,47.44000000000002,09:46:47,156.74,400,156.75,600,156.7468,325
2215,0.39,0.21,0.18,53.93000000000003,09:46:53,156.72,500,156.73,200,156.7238,100
2263,1.56,1.22,0.34,18.969999999999995,09:47:18,156.76,300,156.77,400,156.77100000000002,3500
2273,0.37,0.2,0.17,21.899999999999995,09:47:21,156.77,200,156.78,500,156.7731,116
2283,0.46,0.23,0.23,25.999999999999993,09:47:25,156.78,100,156.79,500,156.7865,1000
2284,0.28,0.08,0.2,26.279999999999994,09:47:26,156.78,100,156.79,200,156.7815,100
2304,0.44,0.18,0.26,34.249999999999986,09:47:34,156.81,400,156.82,200,156.813,500
2334,0.6499999999999999,0.24,0.41,44.67999999999999,09:47:44,156.77,100,156.78,700,156.785,100
2378,0.44,0.21,0.23,2.0500000000000003,09:48:02,156.77,200,156.79,400,156.7809,100
2394,0.28,0.07,0.21,7.680000000000001,09:48:07,156.77,400,156.78,100,156.7757,637
2399,0.32,0.07,0.25,10.13,09:48:10,156.77,200,156.79,300,156.7714,200
2409,0.31,0.08,0.23,15.780000000000003,09:48:15,156.78,300,156.8,1200,156.7955,1000
2440,0.24000000000000002,0.07,0.17,29.699999999999992,09:48:29,156.74,2000,156.75,400,156.749,300
2496,0.41000000000000003,0.21,0.2,49.73,09:48:49,156.74,300,156.75,400,156.7463,500
2528,0.48000000000000004,0.2,0.28,1.6800000000000002,09:49:01,156.72,700,156.74,300,156.7389,100
2542,1.92,1.56,0.36,9.350000000000001,09:49:09,156.71,200,156.72,300,156.7199,5000
2554,0.4,0.21,0.19,21.66,09:49:21,156.73,300,156.74,100,156.7399,600
2581,0.44,0.2,0.24,33.63999999999999,09:49:33,156.74,300,156.75,500,156.7401,391
2644,0.43,0.21,0.22,57.780000000000015,09:49:57,156.74,400,156.75,500,156.7457,200
2658,0.41000000000000003,0.15,0.26,4.050000000000001,09:50:04,156.74,400,156.75,500,156.7464,700
2673,0.45,0.12,0.33,14.040000000000001,09:50:14,156.74,200,156.75,500,156.746,100
2677,0.45999999999999996,0.21,0.25,16.03,09:50:16,156.74,1100,156.75,500,156.741,250
2689,0.3,0.08,0.22,23.8,09:50:23,156.74,800,156.75,2000,156.7456,1700
2742,0.39,0.21,0.18,43.98000000000001,09:50:43,156.74,400,156.75,500,156.7466,1000
2751,5.26,5.09,0.17,52.030000000000015,09:50:52,156.74,300,156.75,500,156.7407,100
2766,0.4,0.18,0.22,57.69000000000001,09:50:57,156.74,100,156.75,2100,156.7449,295
2767,0.33,0.08,0.25,58.02000000000001,09:50:58,156.74,100,156.74,800,156.7499,300
2773,0.29,0.08,0.21,0.0,09:51:00,156.73,700,156.74,100,156.743,1000
2791,0.26,0.07,0.19,6.019999999999999,09:51:06,156.73,600,156.74,200,156.735,400
2807,1.46,1.23,0.23,18.13,09:51:18,156.74,100,156.75,500,156.7442,400
2836,0.44,0.2,0.24,29.990000000000002,09:51:29,156.74,600,156.75,500,156.7436,500
2907,0.25,0.07,0.18,55.879999999999974,09:51:55,156.74,1000,156.75,500,156.7444,120
3030,0.39,0.22,0.17,46.13000000000001,09:52:46,156.83,500,156.84,300,156.83100000000002,3800
3042,0.57,0.21,0.36,50.410000000000004,09:52:50,156.83,300,156.84,300,156.8356,1000
3047,0.41000000000000003,0.18,0.23,52.18000000000001,09:52:52,156.83,400,156.84,100,156.835,100
3065,0.32999999999999996,0.12,0.21,58.169999999999995,09:52:58,156.84,3100,156.85,3300,156.8401,500
3075,0.6,0.23,0.37,2.08,09:53:02,156.84,200,156.85,700,156.8462,100
3093,3.09,2.82,0.27,14.209999999999999,09:53:14,156.88,200,156.89,1100,156.885,300
3098,0.28,0.07,0.21,15.669999999999998,09:53:15,156.88,200,156.89,1000,156.8862,400
3102,1.28,1.0,0.28,18.599999999999998,09:53:18,156.89,600,156.9,3600,156.9,500
3106,0.75,0.54,0.21,20.21,09:53:20,156.89,400,156.9,3400,156.8915,138
3111,0.29000000000000004,0.09,0.2,21.8,09:53:21,156.91,200,156.92,600,156.92,263
3116,0.44,0.23,0.21,23.810000000000002,09:53:23,156.94,300,156.95,900,156.95,100
3133,0.29000000000000004,0.09,0.2,29.60000000000001,09:53:29,156.95,500,156.96,1000,156.9569,400
3140,0.34,0.17,0.17,31.650000000000002,09:53:31,156.93,400,156.94,400,156.94,200
3146,0.36,0.18,0.18,33.63,09:53:33,156.94,400,156.95,100,156.9399,195
3158,0.42,0.24,0.18,37.73,09:53:37,156.92,300,156.93,400,156.9256,600
3165,0.26,0.08,0.18,39.66999999999999,09:53:39,156.89,200,156.9,300,156.91,100
3172,0.31,0.13,0.18,41.84999999999998,09:53:41,156.88,300,156.89,200,156.89,100
3189,0.44,0.23,0.21,47.779999999999966,09:53:47,156.86,600,156.87,100,156.865,200
3201,0.36,0.2,0.16,51.829999999999956,09:53:51,156.86,700,156.87,100,156.864,2000
3214,0.24000000000000002,0.07,0.17,55.72999999999997,09:53:55,156.82,100,156.83,600,156.8203,100
3220,0.23,0.07,0.16,57.54999999999996,09:53:57,156.82,400,156.83,300,156.821,200
3243,0.27,0.07,0.2,14.690000000000001,09:54:14,156.87,100,156.88,800,156.88,300
3267,0.23,0.07,0.16,25.99000000000001,09:54:25,156.88,200,156.89,600,156.8846,231
3306,0.26,0.08,0.18,37.92,09:54:37,156.86,100,156.87,400,156.8601,600
3336,0.38,0.21,0.17,47.87000000000002,09:54:47,156.82,500,156.84,700,156.8312,200
3387,1.64,1.43,0.21,6.67,09:55:06,156.85,300,156.87,600,156.855,100
3389,1.5,1.26,0.24,8.49,09:55:08,156.85,300,156.87,400,156.8584,1000
3414,0.55,0.18,0.37,22.409999999999997,09:55:22,156.83,400,156.85,300,156.8343,100
3453,0.38,0.08,0.3,37.94,09:55:37,156.83,300,156.85,400,156.8403,200
3459,0.33,0.08,0.25,40.29,09:55:40,156.83,400,156.85,300,156.8489,100
3563,0.33,0.07,0.26,28.089999999999996,09:56:28,156.81,100,156.83,700,156.8209,300
3568,0.55,0.21,0.34,30.299999999999997,09:56:30,156.81,600,156.83,1000,156.828,2867
3572,0.4,0.07,0.33,32.129999999999995,09:56:32,156.81,100,156.82,300,156.812,1000
3586,0.36,0.09,0.27,38.03999999999999,09:56:38,156.79,6000,156.8,300,156.8036,100
3610,0.25,0.08,0.17,45.88999999999999,09:56:45,156.79,6100,156.81,700,156.8013,290
3673,3.0,2.75,0.25,14.75,09:57:14,156.75,3100,156.77,800,156.7698,255
3674,0.26,0.07,0.19,15.01,09:57:15,156.75,3100,156.76,600,156.7543,100
3683,0.33999999999999997,0.09,0.25,22.07,09:57:22,156.75,400,156.77,700,156.761,100
3700,0.33,0.14,0.19,27.92,09:57:27,156.75,700,156.76,400,156.756,300
3707,0.29,0.08,0.21,29.81,09:57:29,156.75,700,156.76,300,156.7553,460
3735,0.42000000000000004,0.23,0.19,40.230000000000004,09:57:40,156.75,200,156.76,500,156.7599,3200
3753,0.28,0.1,0.18,45.95,09:57:45,156.77,300,156.78,400,156.7799,1800
3766,0.28,0.08,0.2,50.12,09:57:50,156.77,300,156.78,200,156.776,100
3772,0.26,0.07,0.19,51.830000000000005,09:57:51,156.77,400,156.78,300,156.7746,100
3816,2.62,2.27,0.35,15.73,09:58:15,156.74,200,156.75,300,156.7471,150
3875,0.35,0.12,0.23,40.150000000000006,09:58:40,156.75,300,156.77,300,156.752,100
3908,0.3,0.09,0.21,52.04,09:58:52,156.79,200,156.8,400,156.7975,100
3984,0.3,0.12,0.18,23.88,09:59:23,156.7,600,156.72,700,156.713,500
3996,0.24000000000000002,0.07,0.17,27.719999999999995,09:59:27,156.72,300,156.73,300,156.7244,800
4116,1.8800000000000001,1.59,0.29,15.88,10:00:15,156.76,300,156.77,500,156.7675,350
4199,0.48000000000000004,0.08,0.4,58.39999999999997,10:00:58,156.8,500,156.82,1200,156.8137,100
4218,0.6799999999999999,0.43,0.25,5.859999999999999,10:01:05,156.79,400,156.8,500,156.7901,252
4232,0.42,0.21,0.21,15.73,10:01:15,156.77,100,156.78,400,156.7766,200
4269,0.32,0.13,0.19,29.680000000000003,10:01:29,156.78,100,156.79,300,156.7843,150
4324,0.28,0.08,0.2,47.580000000000034,10:01:47,156.78,200,156.79,400,156.7934,145
4330,0.28,0.08,0.2,49.56000000000004,10:01:49,156.78,100,156.79,500,156.7878,2000
4337,0.36,0.19,0.17,51.670000000000044,10:01:51,156.76,100,156.77,400,156.762,600
4353,0.35,0.18,0.17,0.0,10:02:00,156.75,700,156.77,400,156.7636,100
4404,0.33,0.07,0.26,27.959999999999994,10:02:27,156.81,200,156.82,800,156.8101,100
4410,0.38,0.09,0.29,30.20999999999999,10:02:30,156.83,500,156.84,700,156.8366,3000
4467,0.37,0.13,0.24,50.00000000000002,10:02:50,156.77,200,156.78,500,156.7756,100
4511,0.28,0.08,0.2,5.860000000000001,10:03:05,156.82,400,156.83,600,156.8259,584
4520,0.36000000000000004,0.08,0.28,10.000000000000004,10:03:10,156.8,400,156.81,300,156.8053,150
4536,0.25,0.08,0.17,18.530000000000005,10:03:18,156.81,200,156.82,600,156.8199,200
4576,0.35,0.18,0.17,33.940000000000005,10:03:33,156.77,200,156.78,400,156.7772,1575
4589,0.36,0.2,0.16,37.86,10:03:37,156.76,200,156.77,200,156.7677,1000
4608,0.24000000000000002,0.07,0.17,43.650000000000006,10:03:43,156.77,200,156.78,300,156.7765,232
4639,0.4,0.2,0.2,53.86999999999999,10:03:53,156.75,100,156.76,400,156.7558,100
4668,0.32,0.08,0.24,4.23,10:04:04,156.73,100,156.74,400,156.7301,193
4683,2.75,2.41,0.34,19.63,10:04:19,156.77,300,156.78,300,156.774,164
4737,0.26,0.07,0.19,40.08,10:04:40,156.79,500,156.81,700,156.7963,150
4828,0.48,0.23,0.25,23.830000000000005,10:05:23,156.83,200,156.84,400,156.8352,100
4886,0.39,0.09,0.3,43.929999999999986,10:05:43,156.87,3500,156.88,700,156.8799,600
4896,0.30000000000000004,0.07,0.23,47.879999999999974,10:05:47,156.89,600,156.9,700,156.895,400
4907,0.42000000000000004,0.22,0.2,51.92999999999997,10:05:51,156.9,600,156.91,300,156.905,200
4934,0.28,0.08,0.2,1.95,10:06:01,156.92,100,156.93,700,156.925,100
4935,0.26,0.07,0.19,2.21,10:06:02,156.92,300,156.93,400,156.9142,5000
4939,1.7,1.53,0.17,7.920000000000001,10:06:07,156.92,100,156.93,300,156.93,100
4949,0.38,0.21,0.17,11.870000000000003,10:06:11,156.94,400,156.95,300,156.941,100
4952,2.39,2.14,0.25,18.880000000000003,10:06:18,156.96,300,156.97,300,156.97,200
4954,2.28,2.11,0.17,21.510000000000005,10:06:21,156.95,100,156.96,200,156.9549,1250
4962,0.31,0.15,0.16,24.009999999999998,10:06:24,156.93,300,156.94,200,156.944,200
4970,0.24,0.08,0.16,26.049999999999994,10:06:26,156.91,1000,156.92,200,156.9199,1215
4977,0.47,0.23,0.24,28.389999999999993,10:06:28,156.93,300,156.94,100,156.9234,750
4999,0.37,0.17,0.2,36.12999999999999,10:06:36,156.93,500,156.94,100,156.9337,177
5005,0.41000000000000003,0.08,0.33,38.24999999999999,10:06:38,156.94,100,156.95,400,156.945,263
5015,0.38,0.14,0.24,42.06000000000001,10:06:42,156.92,300,156.93,400,156.924,1000
5044,0.24000000000000002,0.07,0.17,52.000000000000014,10:06:52,156.93,200,156.94,300,156.9308,100
5063,0.27,0.08,0.19,57.93000000000003,10:06:57,156.9,400,156.91,400,156.9044,500
5098,3.45,3.23,0.22,19.000000000000004,10:07:19,156.87,500,156.88,200,156.875,367
5141,0.39,0.17,0.22,33.60000000000001,10:07:33,156.89,800,156.9,300,156.898,400
5168,0.37,0.18,0.19,43.660000000000004,10:07:43,156.94,700,156.95,400,156.9401,2000
5175,0.36,0.15,0.21,45.830000000000005,10:07:45,156.95,300,156.96,300,156.955,100
5187,0.31,0.12,0.19,49.590000000000025,10:07:49,156.95,500,156.96,400,156.9558,100
5227,0.23,0.07,0.16,2.1799999999999997,10:08:02,156.95,300,156.96,700,156.9541,100
5256,0.38,0.21,0.17,18.209999999999997,10:08:18,156.95,4000,156.97,600,156.96,100
5262,0.30000000000000004,0.13,0.17,20.07,10:08:20,156.95,1700,156.97,1300,156.9599,1481
5273,0.34,0.07,0.27,24.1,10:08:24,156.96,200,156.97,1000,156.9653,500
5278,0.36000000000000004,0.08,0.28,26.26,10:08:26,156.96,200,156.97,1000,156.965,100
5283,0.36,0.13,0.23,28.07,10:08:28,156.97,1700,156.98,300,156.98,100
5300,0.34,0.07,0.27,33.95,10:08:33,156.99,100,157.0,15600,157.0,1000
5306,0.44999999999999996,0.24,0.21,36.440000000000005,10:08:36,156.98,400,156.99,400,156.99,100
5321,0.29000000000000004,0.07,0.22,42.18000000000001,10:08:42,156.98,200,156.99,200,156.988,100
5326,0.33,0.08,0.25,44.09000000000001,10:08:44,156.96,400,156.97,300,156.9647,100
5355,0.32,0.08,0.24,53.97000000000001,10:08:53,156.97,300,156.98,1400,156.975,100
5361,0.29000000000000004,0.07,0.22,55.900000000000006,10:08:55,156.97,200,156.98,1400,156.97899999999998,100
5378,4.11,3.81,0.3,6.090000000000001,10:09:06,156.99,26100,157.0,13400,156.991,2000
5381,3.4,3.07,0.33,10.88,10:09:10,157.03,300,157.04,300,157.0401,300
5383,0.8999999999999999,0.59,0.31,12.070000000000002,10:09:12,157.04,300,157.05,2000,157.0499,447
5386,2.83,2.65,0.18,15.490000000000002,10:09:15,157.04,400,157.05,1200,157.0408,500
5387,0.41000000000000003,0.24,0.17,15.900000000000002,10:09:15,157.04,500,157.05,300,157.045,455
5388,2.6500000000000004,2.43,0.22,18.550000000000004,10:09:18,157.05,200,157.06,200,157.06,100
5391,0.45999999999999996,0.22,0.24,19.790000000000006,10:09:19,157.03,300,157.04,200,157.03,200
5394,0.44999999999999996,0.21,0.24,21.110000000000007,10:09:21,157.03,300,157.04,200,157.04,100
5401,0.36,0.07,0.29,23.740000000000006,10:09:23,157.05,200,157.06,900,157.0532,500
5408,0.28,0.08,0.2,26.000000000000007,10:09:26,157.05,300,157.06,200,157.055,460
5414,0.26,0.08,0.18,27.790000000000006,10:09:27,157.04,300,157.05,100,157.05,200
5426,0.26,0.08,0.18,31.74000000000001,10:09:31,157.07,300,157.08,100,157.08,100
5432,0.28,0.07,0.21,33.690000000000005,10:09:33,157.07,100,157.08,600,157.0746,100
5444,0.26,0.07,0.19,37.76,10:09:37,157.07,400,157.08,300,157.0744,100
5450,0.37,0.18,0.19,39.709999999999994,10:09:39,157.07,400,157.08,300,157.0799,400
5455,0.38,0.19,0.19,41.73,10:09:41,157.07,400,157.08,300,157.0765,102
5462,168.17,168.0,0.17,0.0,10:12:00,156.94,200,156.95,300,156.9449,100
5471,0.38,0.21,0.17,2.5,10:12:02,156.94,300,156.95,100,156.9434,400
5529,0.42,0.18,0.24,22.64000000000001,10:12:22,156.82,400,156.83,100,156.815,100
5546,0.32,0.12,0.2,0.0,10:13:00,156.85,200,156.87,200,156.8573,800
5561,1.9400000000000002,1.6,0.34,10.979999999999999,10:13:10,156.88,400,156.9,14000,156.8933,100
5586,0.33,0.08,0.25,24.289999999999996,10:13:24,156.89,300,156.9,200,156.8966,1000
5635,0.39,0.18,0.21,42.12000000000001,10:13:42,156.93,600,156.94,200,156.9365,147
5651,0.42000000000000004,0.19,0.23,48.04000000000001,10:13:48,156.93,100,156.94,600,156.9394,300
5658,0.37,0.17,0.2,50.00000000000001,10:13:50,156.93,200,156.94,1000,156.939,150
5664,0.38,0.21,0.17,52.140000000000015,10:13:52,156.93,300,156.94,900,156.9316,122
5671,0.27,0.08,0.19,54.25000000000002,10:13:54,156.94,500,156.95,400,156.9495,1000
5697,0.35,0.18,0.17,0.0,10:14:00,156.93,700,156.94,300,156.9325,100
5709,0.34,0.17,0.17,3.98,10:14:03,156.94,400,156.95,200,156.935,300
5725,0.39,0.22,0.17,19.76,10:14:19,156.97,200,156.98,300,156.9766,1000
5748,0.36,0.17,0.19,27.740000000000002,10:14:27,156.97,700,156.98,500,156.9742,1000
5760,0.26,0.09,0.17,31.950000000000006,10:14:31,156.97,400,156.98,600,156.9736,1222
5765,0.26,0.07,0.19,33.74,10:14:33,156.97,300,156.98,600,156.9758,100
5786,0.26,0.09,0.17,39.95000000000002,10:14:39,156.9,200,156.92,800,156.9002,100
5863,1.73,1.47,0.26,12.74,10:15:12,156.92,400,156.93,200,156.9201,154
5879,0.34,0.07,0.27,24.009999999999994,10:15:24,156.95,700,156.97,600,156.9699,650
5883,0.45,0.22,0.23,25.759999999999994,10:15:25,156.95,700,156.97,900,156.9603,110
5896,0.33,0.14,0.19,29.79999999999999,10:15:29,156.95,700,156.96,200,156.9501,300
5902,0.41000000000000003,0.23,0.18,32.08999999999999,10:15:32,156.94,300,156.96,600,156.9528,1000
5939,0.24000000000000002,0.07,0.17,43.71000000000001,10:15:43,156.96,500,156.98,200,156.9695,140
5940,0.30000000000000004,0.13,0.17,44.010000000000005,10:15:44,156.97,100,156.98,200,156.974,100
6003,1.88,1.71,0.17,2.1999999999999997,10:16:02,156.98,300,156.99,100,156.9853,200
6062,0.28,0.09,0.19,30.01,10:16:30,156.98,200,156.99,100,156.9872,900
6133,0.33,0.08,0.25,53.92000000000002,10:16:53,156.97,500,156.98,100,156.9752,400
6201,0.39,0.07,0.32,31.990000000000006,10:17:31,156.98,500,156.99,1100,156.9899,300
6275,0.35000000000000003,0.07,0.28,2.0700000000000003,10:18:02,156.93,400,156.95,700,156.9378,300
6292,1.16,0.95,0.21,14.649999999999999,10:18:14,156.95,600,156.96,100,156.9509,200
6299,1.5899999999999999,1.21,0.38,20.34,10:18:20,156.97,500,156.98,900,156.9701,1000
6334,0.3,0.08,0.22,6.3,10:19:06,156.94,300,156.96,600,156.9471,1000
6346,0.28,0.07,0.21,10.51,10:19:10,156.92,1100,156.94,300,156.9347,100
6379,0.42000000000000004,0.19,0.23,22.569999999999993,10:19:22,156.92,300,156.94,200,156.9294,100
6384,0.39,0.17,0.22,24.249999999999996,10:19:24,156.91,300,156.93,300,156.9254,486
6422,0.46,0.2,0.26,38.32,10:19:38,156.86,300,156.88,1300,156.8594,500
6432,0.33,0.08,0.25,1.9900000000000002,10:20:01,156.87,300,156.88,200,156.8742,205
6440,4.45,4.13,0.32,9.14,10:20:09,156.89,500,156.91,300,156.891,104
6459,0.4,0.21,0.19,17.759999999999998,10:20:17,156.93,300,156.94,500,156.9397,175
6537,0.3,0.08,0.22,0.3,10:21:00,156.98,500,157.0,7800,156.9934,955
6566,0.43,0.07,0.36,14.299999999999999,10:21:14,156.98,300,156.99,300,156.986,109
6637,2.21,1.94,0.27,21.610000000000003,10:22:21,156.85,200,156.86,100,156.8595,900
6656,0.41,0.12,0.29,30.250000000000004,10:22:30,156.85,500,156.87,1000,156.8663,200
6689,0.37,0.09,0.28,47.87000000000002,10:22:47,156.78,1200,156.8,600,156.7916,1000
6704,0.64,0.24,0.4,54.170000000000016,10:22:54,156.79,100,156.8,200,156.7953,100
6719,0.49,0.27,0.22,0.0,10:23:00,156.78,300,156.79,100,156.787,200
6747,0.48,0.09,0.39,24.3,10:23:24,156.79,100,156.8,200,156.7942,100
6808,0.33,0.13,0.2,47.87,10:23:47,156.78,800,156.79,200,156.7899,100
6821,0.43,0.22,0.21,52.06000000000001,10:23:52,156.78,700,156.79,300,156.7858,1000
6833,0.27,0.07,0.2,55.88000000000002,10:23:55,156.78,500,156.79,200,156.789,131
6859,1.61,1.32,0.29,9.18,10:24:09,156.83,100,156.84,500,156.838,300
6883,0.43000000000000005,0.2,0.23,24.060000000000002,10:24:24,156.85,500,156.86,400,156.851,2000
6888,0.34,0.08,0.26,26.080000000000002,10:24:26,156.83,300,156.84,200,156.8399,207
6930,0.44999999999999996,0.21,0.24,44.010000000000005,10:24:44,156.81,400,156.83,900,156.8194,250
6944,0.45,0.14,0.31,50.16000000000001,10:24:50,156.82,600,156.83,300,156.8299,339
6948,0.4,0.1,0.3,51.77000000000001,10:24:51,156.82,400,156.83,300,156.8258,100
6965,0.91,0.27,0.64,2.21,10:25:02,156.75,300,156.76,500,156.7575,500
6972,4.779999999999999,4.47,0.31,10.54,10:25:10,156.75,300,156.77,400,156.7609,200
6975,1.27,1.01,0.26,12.759999999999998,10:25:12,156.75,100,156.77,700,156.7624,800
6984,0.42,0.07,0.35,18.6,10:25:18,156.75,400,156.77,300,156.7585,100
7001,0.4,0.08,0.32,26.08,10:25:26,156.75,400,156.76,100,156.7595,200
7015,0.45999999999999996,0.17,0.29,33.0,10:25:33,156.75,300,156.76,100,156.7592,400
7020,0.44,0.18,0.26,35.74999999999999,10:25:35,156.73,300,156.75,500,156.7492,500
7044,0.4,0.17,0.23,46.11999999999998,10:25:46,156.74,300,156.75,500,156.7418,1000
7089,0.4,0.08,0.32,7.869999999999999,10:26:07,156.75,300,156.76,100,156.7631,6200
7103,0.54,0.21,0.33,19.959999999999997,10:26:19,156.79,400,156.8,200,156.7937,1000
7104,0.35000000000000003,0.07,0.28,20.31,10:26:20,156.79,300,156.8,300,156.7998,7500
7112,0.42000000000000004,0.1,0.32,24.250000000000004,10:26:24,156.79,300,156.8,300,156.791,2500
7140,0.39,0.07,0.32,35.050000000000004,10:26:35,156.81,200,156.82,300,156.8164,932
7222,0.4,0.2,0.2,12.930000000000003,10:27:12,156.82,200,156.83,200,156.8295,1000
7299,0.41000000000000003,0.23,0.18,18.42,10:28:18,156.82,600,156.83,500,156.8244,200
7336,0.34,0.07,0.27,30.600000000000005,10:28:30,156.84,300,156.85,700,156.8457,100
7417,0.33,0.07,0.26,1.59,10:29:01,156.9,500,156.91,100,156.9037,1200
7436,0.42,0.21,0.21,10.990000000000002,10:29:10,156.91,600,156.92,100,156.911,150
7441,0.25,0.07,0.18,15.81,10:29:15,156.92,400,156.93,200,156.9204,200
7575,0.41000000000000003,0.08,0.33,2.3600000000000003,10:30:02,156.98,600,156.99,200,156.9801,520
7579,0.27,0.07,0.2,3.99,10:30:03,157.01,600,157.02,400,157.01,500
7584,0.33999999999999997,0.1,0.24,5.88,10:30:05,157.01,1900,157.02,200,157.02,100
7590,0.26,0.07,0.19,11.99,10:30:11,156.98,600,157.0,700,156.985,100
7625,0.39,0.21,0.18,29.820000000000004,10:30:29,157.0,400,157.01,200,157.0015,1000
7649,0.37,0.14,0.23,38.01,10:30:38,156.99,100,157.0,2400,156.995,200
7660,0.48,0.19,0.29,41.910000000000004,10:30:41,156.97,100,156.98,200,156.9799,100
7665,0.45,0.18,0.27,44.07,10:30:44,156.97,600,156.98,200,156.972,600
7670,0.46,0.2,0.26,46.17,10:30:46,156.96,400,156.97,300,156.961,230
7693,0.62,0.24,0.38,56.00000000000001,10:30:56,156.93,200,156.94,400,156.9301,200
7704,0.29000000000000004,0.07,0.22,0.0,10:31:00,156.95,400,156.96,300,156.951,184
7811,0.41000000000000003,0.24,0.17,4.830000000000001,10:33:04,156.94,300,156.95,100,156.9466,1000
7822,0.29000000000000004,0.12,0.17,8.610000000000003,10:33:08,156.94,600,156.95,5100,156.9458,200
7874,0.38,0.19,0.19,26.790000000000017,10:33:26,156.93,300,156.94,100,156.9358,100
7893,0.25,0.08,0.17,32.820000000000014,10:33:32,156.93,400,156.94,300,156.93200000000002,586
7906,0.48,0.22,0.26,36.95000000000002,10:33:36,156.93,500,156.94,200,156.9372,1000
7919,0.34,0.08,0.26,40.85000000000002,10:33:40,156.94,500,156.95,500,156.9483,100
7924,0.44,0.19,0.25,42.920000000000016,10:33:42,156.94,500,156.95,300,156.9499,100
7935,0.28,0.07,0.21,0.0,10:34:00,156.94,200,156.95,500,156.94299999999998,100
7946,0.41000000000000003,0.21,0.2,3.7600000000000002,10:34:03,156.97,400,156.98,200,156.9732,2373
7952,0.41000000000000003,0.21,0.2,5.92,10:34:05,156.98,400,156.99,300,156.9833,100
7963,0.5,0.23,0.27,15.57,10:34:15,156.99,400,157.0,2100,156.9957,200
7967,0.41000000000000003,0.15,0.26,16.98,10:34:16,156.99,400,157.0,2100,156.9908,300
7969,0.38,0.14,0.24,17.79,10:34:17,157.0,500,157.01,700,157.005,3000
7979,0.36,0.13,0.23,23.75,10:34:23,156.97,500,156.98,200,156.976,1000
7998,0.29000000000000004,0.07,0.22,29.69,10:34:29,156.97,400,156.98,200,156.971,105
8042,0.48,0.23,0.25,48.02,10:34:48,157.01,700,157.02,1000,157.015,100
8057,0.34,0.08,0.26,53.870000000000005,10:34:53,157.02,400,157.03,800,157.025,100
8095,0.5900000000000001,0.28,0.31,19.819999999999997,10:35:19,156.96,200,156.97,300,156.9654,100
8111,0.62,0.08,0.54,29.849999999999998,10:35:29,156.93,300,156.94,300,156.934,150
8114,0.47000000000000003,0.08,0.39,31.669999999999998,10:35:31,156.93,300,156.94,400,156.9342,1000
8126,0.7899999999999999,0.09,0.7,40.3,10:35:40,156.94,300,156.95,200,156.9453,122
8190,0.62,0.15,0.47,34.44,10:36:34,156.98,600,156.99,200,156.9868,325
8203,0.58,0.09,0.49,42.009999999999984,10:36:42,156.96,400,156.97,500,156.966,290
8283,0.59,0.08,0.51,35.710000000000015,10:37:35,156.94,500,156.95,400,156.9454,150
8295,0.61,0.18,0.43,43.49000000000002,10:37:43,156.94,500,156.95,200,156.9476,250
8357,0.45,0.07,0.38,24.23,10:38:24,156.93,700,156.94,700,156.9368,100
8398,0.8,0.15,0.65,48.41,10:38:48,156.91,300,156.92,300,156.915,100
8409,1.01,0.13,0.88,56.63999999999999,10:38:56,156.92,200,156.93,500,156.921,175
8419,1.44,0.86,0.58,8.37,10:39:08,156.93,700,156.94,300,156.9364,200
8477,0.78,0.18,0.6,53.490000000000016,10:39:53,156.96,600,156.97,100,156.9649,127
8523,0.61,0.08,0.53,33.95,10:40:33,157.0,300,157.01,600,157.0075,500
8526,0.64,0.17,0.47,35.95,10:40:35,157.0,300,157.01,600,157.001,300
8545,0.5900000000000001,0.07,0.52,48.27000000000003,10:40:48,157.0,600,157.01,400,157.0072,100
8558,0.5800000000000001,0.2,0.38,55.88000000000003,10:40:55,156.96,400,156.97,300,156.9601,100
8575,0.77,0.27,0.5,6.379999999999999,10:41:06,156.96,500,156.97,500,156.9625,100
8601,0.5700000000000001,0.07,0.5,27.589999999999996,10:41:27,156.94,200,156.95,200,156.9429,400
8608,0.64,0.19,0.45,32.019999999999996,10:41:32,156.95,1100,156.96,300,156.952,201
8621,0.5900000000000001,0.07,0.52,39.6,10:41:39,156.94,300,156.95,300,156.9425,100
8632,0.6,0.08,0.52,46.0,10:41:46,156.95,500,156.97,1000,156.9585,100
8684,0.6,0.09,0.51,19.71,10:42:19,156.98,400,156.99,200,156.9839,100
8702,0.6,0.25,0.35,31.92,10:42:31,156.98,700,156.99,400,156.9875,100
8749,0.63,0.08,0.55,0.0,10:43:00,156.95,700,156.96,500,156.9559,800
8766,0.62,0.08,0.54,12.019999999999998,10:43:12,156.96,100,156.97,1200,156.9681,2000
8794,0.6000000000000001,0.07,0.53,33.980000000000004,10:43:33,156.94,200,156.95,1100,156.9427,600
8800,0.66,0.21,0.45,38.040000000000006,10:43:38,156.94,100,156.95,800,156.9493,100
8868,0.6200000000000001,0.07,0.55,24.200000000000003,10:44:24,156.93,500,156.94,300,156.9334,1800
8898,0.61,0.25,0.36,42.22000000000002,10:44:42,156.92,500,156.93,400,156.9157,365
8943,1.17,0.63,0.54,14.149999999999999,10:45:14,156.98,500,156.99,4400,156.9835,150
8993,0.59,0.08,0.51,47.75,10:45:47,156.98,1300,156.99,200,156.981,138
9019,0.61,0.21,0.4,2.37,10:46:02,156.97,500,156.98,200,156.977,105
9023,0.59,0.23,0.36,4.57,10:46:04,156.97,600,156.98,100,156.9753,100
9046,0.64,0.19,0.45,21.189999999999998,10:46:21,156.96,700,156.97,400,156.9697,100
9051,0.6200000000000001,0.07,0.55,24.609999999999996,10:46:24,156.95,300,156.96,700,156.9508,3000
9068,0.6100000000000001,0.07,0.54,36.169999999999995,10:46:36,156.97,200,156.98,300,156.967,100
9080,0.8,0.07,0.73,44.769999999999996,10:46:44,156.94,200,156.95,600,156.9402,100
9095,0.61,0.21,0.4,54.210000000000015,10:46:54,156.95,500,156.96,100,156.9542,250
9105,0.76,0.32,0.44,0.0,10:47:00,156.95,500,156.96,100,156.9553,400
9108,0.62,0.19,0.43,3.0100000000000002,10:47:03,156.95,200,156.96,300,156.9584,2500
9129,0.43000000000000005,0.1,0.33,21.860000000000003,10:47:21,156.98,600,156.99,300,156.9805,200
9132,0.63,0.17,0.46,23.650000000000002,10:47:23,156.98,600,156.99,700,156.9858,300
9143,0.58,0.08,0.5,29.809999999999995,10:47:29,156.98,300,156.99,400,156.9873,2000
9166,0.5900000000000001,0.07,0.52,43.82999999999999,10:47:43,156.99,500,157.0,1200,156.9992,170
9172,0.7999999999999999,0.23,0.57,47.82999999999999,10:47:47,156.99,400,157.0,1400,156.9901,200
9189,0.57,0.08,0.49,0.0,10:48:00,157.02,700,157.03,400,157.0242,100
9195,0.5700000000000001,0.13,0.44,3.41,10:48:03,157.02,700,157.03,100,157.0288,500
9204,2.38,1.77,0.61,17.009999999999998,10:48:17,157.03,900,157.04,300,157.035,100
9209,0.58,0.08,0.5,19.809999999999995,10:48:19,157.03,600,157.04,200,157.0366,100
9242,0.5800000000000001,0.14,0.44,39.4,10:48:39,157.04,500,157.05,100,157.0487,200
9268,0.5700000000000001,0.07,0.5,53.81999999999999,10:48:53,157.03,600,157.04,300,157.0346,100
9275,0.5700000000000001,0.07,0.5,57.78999999999999,10:48:57,157.02,200,157.03,700,157.0201,200
9296,0.43,0.08,0.35,13.45,10:49:13,157.03,200,157.04,400,157.0368,253
9338,0.64,0.09,0.55,38.66000000000001,10:49:38,157.01,200,157.02,900,157.0115,100
9363,0.98,0.18,0.8,56.430000000000014,10:49:56,156.99,300,157.0,400,156.999,100
9373,0.77,0.19,0.58,4.01,10:50:04,156.97,200,156.98,400,156.9747,250
9381,3.3899999999999997,2.88,0.51,11.989999999999998,10:50:11,156.97,200,156.98,400,156.9728,1000
9417,0.63,0.21,0.42,36.350000000000016,10:50:36,156.93,300,156.94,400,156.9353,200
9467,0.63,0.17,0.46,6.449999999999999,10:51:06,156.91,200,156.92,700,156.9197,100
9473,2.8099999999999996,2.34,0.47,15.620000000000001,10:51:15,156.87,200,156.88,1200,156.8847,100
9523,0.58,0.09,0.49,48.32000000000003,10:51:48,156.87,500,156.89,200,156.8899,1000
9526,0.79,0.17,0.62,50.53000000000002,10:51:50,156.88,400,156.89,200,156.8885,394
9545,0.45,0.07,0.38,2.39,10:52:02,156.87,200,156.88,300,156.8701,100
9554,3.45,2.83,0.62,15.0,10:52:15,156.86,400,156.87,100,156.8657,500
9570,0.75,0.23,0.52,26.54000000000001,10:52:26,156.85,200,156.86,1000,156.8546,100
9579,0.6300000000000001,0.07,0.56,32.38000000000001,10:52:32,156.86,200,156.87,400,156.861,100
9679,0.5700000000000001,0.07,0.5,38.199999999999996,10:53:38,156.96,300,156.97,200,156.9657,200
9696,0.43,0.07,0.36,47.849999999999994,10:53:47,156.92,500,156.94,1100,156.9313,100
9747,0.5800000000000001,0.07,0.51,22.39,10:54:22,156.97,400,156.98,500,156.9765,1000
9750,0.61,0.17,0.44,24.020000000000003,10:54:24,156.97,400,156.98,900,156.9762,200
9897,0.6,0.08,0.52,58.37000000000003,10:57:58,157.0,1100,157.01,500,157.0046,164
9952,0.5800000000000001,0.2,0.38,36.0,10:58:36,157.04,400,157.05,600,157.0464,600
9963,0.5700000000000001,0.17,0.4,42.190000000000005,10:58:42,157.06,600,157.07,600,157.07,100
9976,0.61,0.21,0.4,50.39000000000001,10:58:50,157.07,1300,157.08,400,157.0786,2800
9979,0.59,0.08,0.51,52.180000000000014,10:58:52,157.08,500,157.09,1100,157.09,100
9982,0.43,0.07,0.36,53.84000000000001,10:58:53,157.12,900,157.13,2600,157.12,1000
9986,0.6000000000000001,0.2,0.4,56.02000000000001,10:58:56,157.09,400,157.1,300,157.11,100
9989,0.6,0.22,0.38,57.63000000000001,10:58:57,157.09,300,157.1,300,157.095,100
9997,0.5700000000000001,0.2,0.37,2.21,10:59:02,157.09,300,157.1,200,157.0995,100
10001,0.57,0.08,0.49,5.980000000000001,10:59:05,157.12,500,157.13,1200,157.13,100
10007,2.17,1.58,0.59,11.190000000000001,10:59:11,157.1,200,157.11,300,157.106,100
10010,0.6,0.25,0.35,12.8,10:59:12,157.1,300,157.11,400,157.105,100
10012,0.58,0.29,0.29,13.82,10:59:13,157.1,500,157.11,200,157.1,100
10018,2.77,2.34,0.43,19.8,10:59:19,157.1,500,157.11,300,157.1015,535
10027,0.5800000000000001,0.07,0.51,25.970000000000006,10:59:25,157.11,500,157.12,100,157.119,200
10085,0.5700000000000001,0.18,0.39,57.96000000000003,10:59:57,157.09,300,157.1,400,157.0952,150
10089,0.62,0.16,0.46,0.0,11:00:00,157.09,300,157.1,400,157.0999,102
10097,0.76,0.23,0.53,12.169999999999998,11:00:12,157.06,600,157.08,300,157.0763,636
10103,0.6,0.08,0.52,19.999999999999996,11:00:19,157.06,200,157.07,200,157.0566,3000
10155,0.43,0.08,0.35,49.80000000000001,11:00:49,157.01,200,157.02,200,157.0199,150
10162,0.6100000000000001,0.07,0.54,54.01000000000001,11:00:54,157.01,600,157.02,100,157.0186,500
10185,4.38,3.9,0.48,16.56,11:01:16,157.07,100,157.08,900,157.0672,7500
10192,0.5900000000000001,0.27,0.32,24.37,11:01:24,157.06,300,157.07,400,157.0675,165
10195,0.44,0.11,0.33,26.020000000000003,11:01:26,157.07,300,157.08,700,157.0665,100
10217,0.61,0.31,0.3,37.970000000000006,11:01:37,157.07,400,157.08,400,157.0766,750
10225,0.5700000000000001,0.07,0.5,42.36000000000001,11:01:42,157.07,300,157.09,700,157.0791,200
10243,0.61,0.22,0.39,52.39,11:01:52,157.09,200,157.1,2400,157.0933,207
10246,0.5800000000000001,0.14,0.44,54.160000000000004,11:01:54,157.09,200,157.1,2400,157.093,650
10323,0.6200000000000001,0.07,0.55,0.0,11:05:00,157.03,5100,157.04,200,157.0399,100
10329,0.7999999999999999,0.08,0.72,4.39,11:05:04,157.01,11200,157.02,200,157.0133,1000
10411,0.5800000000000001,0.27,0.31,58.45,11:05:58,157.0,200,157.01,200,157.0055,300
10420,3.67,3.37,0.3,6.63,11:06:06,157.0,400,157.01,100,157.006,400
10422,0.59,0.18,0.41,7.8,11:06:07,157.0,300,157.01,200,157.0005,550
10426,0.61,0.18,0.43,10.2,11:06:10,157.0,300,157.01,300,157.0099,200
10519,0.97,0.53,0.44,7.59,11:07:07,157.1,500,157.11,900,157.1033,200
10521,3.98,3.41,0.57,12.16,11:07:12,157.11,100,157.12,300,157.1167,2040
10522,0.43,0.07,0.36,12.59,11:07:12,157.11,400,157.13,400,157.122,300
10525,2.18,1.6,0.58,15.76,11:07:15,157.12,400,157.13,400,157.1332,100
10529,1.39,0.94,0.45,18.98,11:07:18,157.13,600,157.14,1500,157.14,400
10532,0.63,0.28,0.35,22.61,11:07:22,157.12,200,157.13,300,157.1365,150
10542,0.5700000000000001,0.07,0.5,27.98,11:07:27,157.11,300,157.12,200,157.107,271
10579,0.44,0.07,0.37,48.03,11:07:48,157.07,300,157.08,1100,157.085,312
10598,0.5900000000000001,0.19,0.4,58.2,11:07:58,157.07,200,157.08,400,157.0737,400
10623,0.76,0.17,0.59,15.809999999999999,11:08:15,157.07,400,157.08,400,157.071,100
10626,0.64,0.22,0.42,17.86,11:08:17,157.07,400,157.08,400,157.0701,293
10632,0.59,0.08,0.51,21.83,11:08:21,157.07,300,157.08,500,157.0711,200
10717,0.59,0.17,0.42,21.830000000000002,11:09:21,157.06,300,157.07,100,157.0605,795
10724,0.62,0.18,0.44,25.810000000000006,11:09:25,157.05,700,157.06,100,157.0501,161
10731,0.5800000000000001,0.07,0.51,30.000000000000007,11:09:30,157.05,700,157.06,100,157.0543,135
10785,0.58,0.08,0.5,60.190000000000005,11:10:00,157.07,200,157.08,900,157.0733,1195
10791,0.44,0.07,0.37,1.6099999999999999,11:10:01,157.07,200,157.08,900,157.075,100
10834,0.6000000000000001,0.2,0.4,32.23,11:10:32,157.08,300,157.09,200,157.0866,1000
10859,0.59,0.17,0.42,48.18000000000003,11:10:48,157.08,700,157.1,300,157.0993,100
10891,2.18,1.59,0.59,10.580000000000002,11:11:10,157.08,100,157.09,700,157.0899,100
10893,1.5699999999999998,0.96,0.61,12.580000000000002,11:11:12,157.09,200,157.1,300,157.0853,100
10912,0.43,0.08,0.35,26.070000000000004,11:11:26,157.1,300,157.11,18100,157.1009,2000
10916,0.61,0.18,0.43,28.250000000000004,11:11:28,157.1,2500,157.11,18000,157.1046,500
10960,0.5900000000000001,0.07,0.52,54.270000000000046,11:11:54,157.11,300,157.12,300,157.1169,135
10971,0.44,0.07,0.37,0.44,11:12:00,157.13,1100,157.14,1500,157.1342,125
10976,0.44,0.07,0.37,3.24,11:12:03,157.12,600,157.13,400,157.1242,2000
10982,3.4,2.78,0.62,12.780000000000001,11:12:12,157.12,500,157.13,2700,157.127,100
10983,0.44999999999999996,0.09,0.36,13.23,11:12:13,157.12,300,157.13,2700,157.1299,120
10984,2.54,2.04,0.5,15.77,11:12:15,157.12,300,157.13,2600,157.121,100
11002,0.7699999999999999,0.08,0.69,26.789999999999996,11:12:26,157.12,300,157.13,2600,157.1243,100
11035,0.62,0.13,0.49,50.22,11:12:50,157.11,600,157.12,500,157.1184,200
11058,0.62,0.08,0.54,9.99,11:13:09,157.09,700,157.1,100,157.0934,100
11060,2.4000000000000004,1.61,0.79,13.15,11:13:13,157.09,100,157.1,500,157.0808,100
11068,0.8300000000000001,0.18,0.65,20.21,11:13:20,157.08,200,157.09,500,157.0801,100
11099,0.6200000000000001,0.07,0.55,41.77,11:13:41,157.09,300,157.1,600,157.0916,229
11102,0.6000000000000001,0.07,0.53,43.59,11:13:43,157.09,200,157.1,700,157.0935,125
11122,0.61,0.2,0.41,55.56000000000002,11:13:55,157.06,300,157.07,800,157.0635,250
11134,0.43,0.08,0.35,5.01,11:14:05,157.06,500,157.07,200,157.065,240
11136,3.83,3.39,0.44,9.41,11:14:09,157.07,600,157.08,500,157.0738,100
11137,0.5700000000000001,0.2,0.37,9.98,11:14:09,157.06,300,157.07,400,157.0658,500
11182,0.62,0.18,0.44,37.98999999999999,11:14:37,157.05,600,157.06,200,157.054,250
11186,0.44,0.07,0.37,40.219999999999985,11:14:40,157.05,600,157.06,100,157.0599,116
11200,0.5700000000000001,0.07,0.5,47.969999999999985,11:14:47,157.04,200,157.05,300,157.0467,2000
11211,0.6599999999999999,0.18,0.48,5.670000000000001,11:16:05,157.05,200,157.06,300,157.064,125
11214,0.79,0.17,0.62,7.830000000000001,11:16:07,157.05,300,157.06,100,157.0553,100
11223,0.62,0.24,0.38,14.08,11:16:14,157.05,400,157.06,100,157.0564,200
11251,0.5800000000000001,0.18,0.4,17.39,11:17:17,157.06,300,157.07,100,157.0643,425
11304,0.42,0.07,0.35,47.41000000000002,11:17:47,157.04,500,157.05,300,157.0536,100
11315,0.6,0.22,0.38,53.390000000000015,11:17:53,157.04,500,157.05,200,157.0493,888
11328,0.62,0.18,0.44,0.62,11:18:00,157.04,1000,157.05,300,157.047,100
11352,0.6000000000000001,0.07,0.53,21.840000000000007,11:18:21,157.05,400,157.06,400,157.0554,157
11370,0.6100000000000001,0.07,0.54,33.82000000000001,11:18:33,157.06,300,157.07,300,157.0667,100
11378,0.6000000000000001,0.2,0.4,39.03,11:18:39,157.07,300,157.08,900,157.0712,100
11385,0.6,0.11,0.49,44.190000000000005,11:18:44,157.07,100,157.08,900,157.0796,375
11427,3.81,3.17,0.64,15.670000000000002,11:19:15,157.05,200,157.06,600,157.0596,200
11458,0.58,0.22,0.36,37.459999999999994,11:19:37,157.04,100,157.05,500,157.046,215
11478,0.62,0.08,0.54,49.459999999999994,11:19:49,157.04,200,157.05,400,157.0483,100
11482,0.76,0.19,0.57,52.19,11:19:52,157.03,5000,157.04,400,157.0339,100
11487,0.6100000000000001,0.07,0.54,55.63,11:19:55,157.04,500,157.05,500,157.0458,100
11530,0.77,0.07,0.7,31.919999999999998,11:20:31,157.06,300,157.07,900,157.061,100
11533,0.76,0.23,0.53,34.15,11:20:34,157.06,400,157.07,900,157.0601,100
11542,0.6000000000000001,0.07,0.53,39.940000000000005,11:20:39,157.05,600,157.06,200,157.0542,1000
11566,0.6200000000000001,0.07,0.55,56.1,11:20:56,157.06,700,157.07,900,157.0668,100
11591,0.5900000000000001,0.25,0.34,12.399999999999999,11:21:12,157.04,500,157.05,300,157.041,1000
11616,0.76,0.07,0.69,30.400000000000002,11:21:30,157.03,5000,157.04,300,157.0333,151
11630,0.5800000000000001,0.13,0.45,40.38,11:21:40,157.04,300,157.05,700,157.0468,100
11665,0.98,0.47,0.51,0.98,11:22:00,157.03,5200,157.04,1200,157.0325,300
11690,0.5900000000000001,0.07,0.52,19.61,11:22:19,157.04,700,157.05,700,157.0425,200
11707,0.6,0.23,0.37,29.389999999999997,11:22:29,157.05,400,157.06,400,157.0517,100
11726,0.75,0.22,0.53,40.77999999999999,11:22:40,157.05,300,157.06,3500,157.05700000000002,114
11736,0.6100000000000001,0.07,0.54,0.0,11:23:00,157.04,400,157.05,300,157.043,382
11760,0.6100000000000001,0.07,0.54,22.81,11:23:22,157.03,300,157.04,400,157.0301,200
11804,0.63,0.18,0.45,50.19000000000002,11:23:50,157.03,400,157.04,400,157.0373,500
11815,0.65,0.11,0.54,57.79000000000001,11:23:57,157.02,400,157.03,200,157.0205,145
11831,0.5900000000000001,0.14,0.45,7.6,11:24:07,157.02,300,157.03,300,157.0246,100
11839,3.02,2.48,0.54,21.38,11:24:21,157.02,500,157.03,300,157.02700000000002,300
11856,0.61,0.08,0.53,32.03000000000001,11:24:32,157.05,600,157.06,3500,157.0528,100
11869,0.61,0.08,0.53,40.04000000000002,11:24:40,157.05,700,157.06,3500,157.0515,1400
11910,0.59,0.08,0.51,6.02,11:25:06,157.05,600,157.06,3500,157.05100000000002,700
11961,0.61,0.14,0.47,46.419999999999995,11:25:46,157.08,600,157.09,400,157.0804,5000
11963,0.6100000000000001,0.07,0.54,47.839999999999996,11:25:47,157.08,500,157.09,500,157.0836,1000
11983,0.75,0.08,0.67,2.16,11:26:02,157.08,300,157.09,400,157.0862,125
12038,0.77,0.34,0.43,1.76,11:27:01,157.06,300,157.07,200,157.0636,500
12057,0.5700000000000001,0.13,0.44,0.0,11:28:00,157.11,400,157.12,900,157.115,100
12059,0.73,0.08,0.65,1.34,11:28:01,157.14,500,157.15,3100,157.15,2500
12066,0.64,0.08,0.56,2.25,11:29:02,157.14,200,157.15,3100,157.1444,100
12071,0.78,0.22,0.56,6.24,11:29:06,157.13,300,157.14,5500,157.135,100
12084,0.5800000000000001,0.12,0.46,15.829999999999998,11:29:15,157.1,500,157.11,700,157.1044,500
12099,0.63,0.08,0.55,32.24,11:29:32,157.08,200,157.09,500,157.0859,1000
12126,0.76,0.18,0.58,50.58,11:29:50,157.07,1000,157.08,700,157.0747,100
12143,0.8,0.18,0.62,3.41,11:30:03,157.06,900,157.07,300,157.0633,1200
12171,0.6,0.08,0.52,43.43999999999999,11:30:43,157.04,300,157.05,500,157.049,410
12182,0.77,0.21,0.56,51.21999999999999,11:30:51,157.04,400,157.05,600,157.0415,200
12217,0.63,0.23,0.4,24.2,11:31:24,157.04,400,157.05,700,157.0446,178
12220,0.61,0.26,0.35,26.0,11:31:26,157.04,400,157.05,400,157.04399999999998,110
12317,0.7699999999999999,0.08,0.69,30.419999999999995,11:32:30,157.04,100,157.05,600,157.0457,400
12320,0.5800000000000001,0.07,0.51,32.239999999999995,11:32:32,157.03,200,157.04,900,157.0375,100
12391,0.5900000000000001,0.07,0.52,16.020000000000003,11:33:16,157.01,500,157.02,300,157.0163,500
12395,0.5800000000000001,0.07,0.51,18.400000000000006,11:33:18,157.01,100,157.02,1800,157.0146,122
12471,0.77,0.26,0.51,3.98,11:34:03,156.93,300,156.94,600,156.9331,200
12477,2.15,1.64,0.51,9.17,11:34:09,156.92,200,156.93,500,156.9265,130
12508,0.6000000000000001,0.07,0.53,33.97000000000001,11:34:33,156.93,100,156.94,500,156.9366,150
12517,0.62,0.14,0.48,39.59000000000002,11:34:39,156.94,400,156.95,500,156.9463,499
12541,0.76,0.07,0.69,56.11000000000001,11:34:56,156.98,300,156.99,200,156.9885,500
12544,0.61,0.19,0.42,57.96000000000001,11:34:57,156.98,300,156.99,300,156.9816,250
12547,0.6000000000000001,0.07,0.53,0.0,11:35:00,156.96,1600,156.97,700,156.9615,250
12566,79.02,78.7,0.32,0.0,11:36:00,156.95,200,156.96,700,156.959,139
12582,0.5800000000000001,0.18,0.4,8.96,11:36:08,156.95,200,156.96,500,156.9533,100
12636,0.64,0.28,0.36,19.21,11:37:19,156.97,300,156.99,700,156.9826,500
12645,0.75,0.23,0.52,24.950000000000003,11:37:24,156.97,300,156.98,300,156.9754,1000
12666,0.43000000000000005,0.09,0.34,36.98,11:37:36,156.98,400,156.99,1100,156.9855,1000
12676,0.57,0.08,0.49,42.74,11:37:42,156.96,200,156.97,100,156.9677,100
12722,1.6,1.07,0.53,16.830000000000002,11:38:16,156.95,300,156.96,100,156.9565,100
12776,0.5800000000000001,0.07,0.51,54.00000000000002,11:38:54,156.96,400,156.97,100,156.9675,100
12779,0.62,0.21,0.41,56.02000000000002,11:38:56,156.96,300,156.97,100,156.9689,100
12797,0.76,0.21,0.55,4.2,11:41:04,156.99,300,157.0,600,156.998,200
12813,1.57,1.07,0.5,19.990000000000002,11:41:19,157.01,200,157.02,900,157.0114,100
12819,0.61,0.21,0.4,24.02,11:41:24,157.01,300,157.02,900,157.0164,177
12866,0.75,0.07,0.68,54.40000000000003,11:41:54,157.01,500,157.02,400,157.0108,500
12934,0.42000000000000004,0.22,0.2,27.82999999999999,11:42:27,157.01,500,157.02,400,157.0116,166
12945,0.5700000000000001,0.27,0.3,32.379999999999995,11:42:32,157.01,600,157.02,400,157.011,100
13004,0.39,0.19,0.2,51.790000000000006,11:42:51,157.01,400,157.02,200,157.0101,132
13027,0.39,0.2,0.19,0.0,11:43:00,157.02,200,157.03,300,157.0282,628
13049,1.2,0.9,0.3,10.45,11:43:10,157.01,200,157.02,200,157.0165,330
13061,0.57,0.22,0.35,22.12,11:43:22,157.02,300,157.03,300,157.026,1000
13196,0.23,0.07,0.16,16.71,11:45:16,157.05,300,157.06,600,157.059,240
13265,0.29000000000000004,0.12,0.17,38.919999999999995,11:45:38,157.05,100,157.06,500,157.0558,173
13291,0.25,0.08,0.17,0.0,11:46:00,157.05,700,157.06,200,157.0556,100
13311,0.54,0.29,0.25,18.37,11:46:18,157.03,500,157.04,200,157.0343,391
13366,0.31000000000000005,0.14,0.17,36.220000000000006,11:46:36,157.05,200,157.06,400,157.0561,136
13409,0.49,0.28,0.21,52.160000000000004,11:46:52,157.05,200,157.06,600,157.0593,100
13444,0.42000000000000004,0.23,0.19,6.129999999999999,11:47:06,157.04,400,157.05,300,157.0416,130
13494,0.28,0.07,0.21,28.07,11:47:28,157.04,500,157.05,100,157.0454,100
13578,0.37,0.2,0.17,56.18,11:47:56,157.03,200,157.04,500,157.037,100
13607,0.35,0.19,0.16,11.159999999999998,11:48:11,157.02,400,157.03,400,157.0251,100
13613,0.7999999999999999,0.58,0.22,13.780000000000001,11:48:13,157.02,300,157.03,400,157.029,100
13622,0.38,0.21,0.17,17.21,11:48:17,157.02,400,157.03,400,157.0235,500
13738,0.30000000000000004,0.14,0.16,1.79,11:49:01,157.06,300,157.07,800,157.0654,100
13751,0.25,0.08,0.17,9.65,11:49:09,157.05,200,157.06,600,157.0511,300
13768,0.38,0.21,0.17,23.759999999999998,11:49:23,157.05,300,157.06,300,157.0507,130
13864,0.27,0.07,0.2,53.93000000000001,11:49:53,157.05,500,157.06,500,157.0535,100
13919,0.35,0.18,0.17,22.0,11:50:22,157.06,2900,157.07,900,157.0634,133
13939,0.4,0.24,0.16,28.109999999999996,11:50:28,157.07,1700,157.08,600,157.0742,150
13970,0.33,0.17,0.16,37.96,11:50:37,157.07,1300,157.08,500,157.0749,100
14071,3.9400000000000004,3.66,0.28,21.26,11:51:21,157.08,1500,157.09,300,157.089,500
14091,0.27,0.07,0.2,27.869999999999997,11:51:27,157.08,1500,157.09,300,157.0854,100
14146,0.27,0.08,0.19,45.800000000000004,11:51:45,157.05,300,157.06,800,157.056,200
14175,0.38,0.19,0.19,55.630000000000024,11:51:55,157.05,500,157.06,800,157.0557,1000
14338,0.37,0.19,0.18,56.23,11:52:56,157.06,600,157.07,800,157.0646,100
14344,0.28,0.07,0.21,58.11,11:52:58,157.06,500,157.07,800,157.0627,100
14349,0.41000000000000003,0.19,0.22,0.0,11:53:00,157.06,500,157.07,400,157.069,318
14369,1.55,1.35,0.2,8.920000000000002,11:53:08,157.05,500,157.06,700,157.0546,350
14378,2.21,1.97,0.24,18.67,11:53:18,157.06,300,157.07,500,157.067,300
14390,0.39,0.22,0.17,23.960000000000008,11:53:23,157.06,500,157.07,500,157.0656,350
14429,0.4,0.22,0.18,35.85,11:53:35,157.07,200,157.08,900,157.0741,600
14487,0.42,0.24,0.18,56.18000000000005,11:53:56,157.08,400,157.09,900,157.0867,100
14722,0.3,0.08,0.22,34.150000000000006,11:55:34,157.08,200,157.09,400,157.0842,100
14781,0.5700000000000001,0.23,0.34,56.040000000000035,11:55:56,157.12,200,157.13,900,157.1266,500
14812,0.28,0.07,0.21,9.939999999999998,11:56:09,157.12,700,157.13,100,157.1201,300
14822,1.77,1.53,0.24,16.7,11:56:16,157.12,500,157.13,1000,157.1247,150
14865,0.36,0.18,0.18,30.200000000000006,11:56:30,157.11,300,157.12,500,157.1144,300
14888,0.26,0.07,0.19,37.85000000000002,11:56:37,157.11,100,157.12,800,157.111,250
14997,0.36,0.17,0.19,21.790000000000003,11:57:21,157.08,700,157.09,700,157.088,200
15032,0.25,0.08,0.17,33.8,11:57:33,157.09,500,157.1,400,157.099,114
15066,0.44999999999999996,0.21,0.24,45.91000000000002,11:57:45,157.09,400,157.1,900,157.096,100
15131,0.37,0.2,0.17,19.06,11:58:19,157.08,200,157.09,800,157.0864,1000
15161,0.37,0.2,0.17,30.160000000000007,11:58:30,157.08,400,157.09,700,157.084,100
15234,0.41000000000000003,0.21,0.2,52.3,11:58:52,157.06,300,157.07,400,157.0644,317
15307,0.3,0.08,0.22,27.740000000000013,11:59:27,157.05,500,157.06,400,157.0548,100
15370,0.5900000000000001,0.27,0.32,49.839999999999996,11:59:49,157.03,1200,157.04,100,157.0344,200
15414,0.27,0.08,0.19,5.880000000000001,12:00:05,157.06,300,157.07,2900,157.0624,254
15516,0.24,0.08,0.16,43.71999999999999,12:00:43,157.06,400,157.07,2700,157.0671,100
15522,0.39,0.23,0.16,45.84999999999999,12:00:45,157.05,600,157.06,600,157.0545,2700
15571,0.41000000000000003,0.2,0.21,0.0,12:01:00,157.04,500,157.05,600,157.0471,100
15732,0.55,0.24,0.31,2.38,12:02:02,157.03,600,157.04,1100,157.0369,125
15791,0.34,0.17,0.17,30.419999999999995,12:02:30,157.03,600,157.04,400,157.0384,300
15803,0.36,0.18,0.18,34.269999999999996,12:02:34,157.03,500,157.04,300,157.032,1022
15843,0.36,0.2,0.16,46.25999999999997,12:02:46,157.03,600,157.04,300,157.0331,200
15850,0.37,0.19,0.18,48.139999999999965,12:02:48,157.03,600,157.04,400,157.0358,100
15853,0.36,0.19,0.17,49.069999999999965,12:02:49,157.03,600,157.04,400,157.0365,100
15857,0.24000000000000002,0.07,0.17,50.19999999999997,12:02:50,157.03,500,157.04,500,157.0332,716
15887,0.23,0.07,0.16,3.85,12:03:03,157.03,600,157.04,400,157.0311,4000
15911,2.04,1.72,0.32,16.999999999999996,12:03:16,157.05,600,157.06,400,157.0508,2800
15922,0.28,0.09,0.19,22.21,12:03:22,157.06,600,157.07,2200,157.0669,100
16013,0.56,0.22,0.34,53.540000000000006,12:03:53,157.06,400,157.07,2100,157.0659,143
16036,0.36,0.15,0.21,5.080000000000001,12:04:05,157.05,200,157.06,400,157.0544,100
16214,0.24000000000000002,0.07,0.17,21.819999999999997,12:05:21,157.04,200,157.05,600,157.0486,344
16220,0.36,0.2,0.16,23.98,12:05:23,157.05,500,157.06,300,157.053,159
16290,0.37,0.19,0.18,46.160000000000004,12:05:46,157.06,200,157.07,2500,157.0657,100
16296,0.42,0.18,0.24,48.13000000000001,12:05:48,157.06,400,157.07,2500,157.0653,100
16313,0.36,0.17,0.19,54.04,12:05:54,157.06,400,157.07,2300,157.063,300
16345,0.24000000000000002,0.07,0.17,3.920000000000001,12:06:03,157.07,200,157.08,900,157.0743,500
16363,0.38,0.21,0.17,15.550000000000006,12:06:15,157.06,400,157.07,500,157.0651,100
16485,0.32,0.09,0.23,58.11,12:06:58,157.03,500,157.04,200,157.0351,100
16526,0.23,0.07,0.16,21.7,12:07:21,157.03,200,157.04,400,157.0336,1267
16539,0.37,0.18,0.19,25.99,12:07:25,157.03,600,157.04,200,157.0334,325
16544,0.37,0.18,0.19,27.61,12:07:27,157.03,300,157.04,400,157.0349,200
16621,0.33999999999999997,0.15,0.19,53.80000000000003,12:07:53,157.04,300,157.05,600,157.042,200
16649,0.4,0.21,0.19,3.0900000000000003,12:08:03,157.04,300,157.05,600,157.0488,100
16742,0.39,0.17,0.22,43.720000000000006,12:08:43,157.02,400,157.03,300,157.0293,650
16775,0.48,0.15,0.33,55.990000000000016,12:08:55,157.03,600,157.05,1400,157.0413,223
16785,0.39,0.17,0.22,0.0,12:09:00,157.04,200,157.05,1000,157.048,100
16917,0.25,0.08,0.17,46.81,12:09:46,157.03,900,157.04,300,157.0354,100
16947,0.37,0.19,0.18,55.88,12:09:55,157.04,400,157.05,900,157.0449,275
17061,0.41000000000000003,0.2,0.21,40.09999999999999,12:10:40,157.02,400,157.03,300,157.0258,140
17109,0.34,0.17,0.17,54.25999999999998,12:10:54,157.04,300,157.05,700,157.0472,636
17137,0.39,0.17,0.22,3.93,12:11:03,157.04,400,157.05,600,157.0451,250
17213,0.25,0.08,0.17,32.07,12:11:32,157.02,200,157.03,300,157.0249,250
17259,0.28,0.12,0.16,46.290000000000006,12:11:46,157.04,300,157.05,1600,157.0465,200
17295,0.30000000000000004,0.14,0.16,0.0,12:12:00,157.04,200,157.05,1100,157.0453,200
17301,0.36,0.18,0.18,2.02,12:12:02,157.04,300,157.05,1000,157.0443,1000
17312,0.25,0.07,0.18,9.86,12:12:09,157.01,700,157.02,300,157.0197,100
17321,1.3900000000000001,1.06,0.33,14.84,12:12:14,157.02,400,157.03,600,157.0259,1267
17343,0.35,0.17,0.18,25.82,12:12:25,157.02,100,157.03,500,157.0267,138
17458,3.11,2.8,0.31,7.09,12:13:07,157.02,300,157.03,1300,157.0269,100
17459,0.27,0.08,0.19,7.359999999999999,12:13:07,157.02,300,157.03,1300,157.02100000000002,100
17466,2.19,2.0,0.19,19.07,12:13:19,157.02,500,157.03,1400,157.0262,100
17475,0.24000000000000002,0.07,0.17,21.939999999999998,12:13:21,157.02,500,157.03,1400,157.0213,419
17487,0.33999999999999997,0.18,0.16,25.819999999999997,12:13:25,157.02,500,157.03,1400,157.0233,1000
17777,1.45,1.17,0.28,20.18,12:15:20,156.95,900,156.96,800,156.9534,1000
17803,0.30000000000000004,0.07,0.23,29.720000000000002,12:15:29,156.94,200,156.95,1400,156.9485,300
17831,0.44999999999999996,0.24,0.21,39.810000000000024,12:15:39,156.93,200,156.94,500,156.9354,100
17912,0.33,0.14,0.19,0.0,12:16:00,156.92,1000,156.93,1000,156.929,250
17926,0.31000000000000005,0.14,0.17,5.940000000000001,12:16:05,156.93,400,156.94,300,156.9386,100
18014,0.44000000000000006,0.17,0.27,41.82000000000003,12:16:41,156.94,200,156.95,700,156.9415,130
18027,0.27,0.09,0.18,45.890000000000036,12:16:45,156.94,500,156.95,200,156.9467,700
18058,0.29000000000000004,0.12,0.17,2.01,12:17:02,156.95,300,156.96,400,156.9546,130
18117,0.24,0.08,0.16,29.96999999999999,12:17:29,157.0,500,157.01,400,157.0051,208
18131,0.25,0.09,0.16,34.12999999999999,12:17:34,157.0,500,157.01,300,157.004,300
18170,0.38,0.22,0.16,46.36999999999999,12:17:46,156.99,600,157.0,400,156.9914,200
18305,0.23,0.07,0.16,29.89999999999999,12:18:29,156.98,400,156.99,700,156.9823,100
18524,0.4,0.21,0.19,47.970000000000006,12:19:47,156.98,500,156.99,300,156.9832,403
18542,0.42000000000000004,0.26,0.16,54.310000000000024,12:19:54,156.99,400,157.0,5500,156.997,140
18604,0.41000000000000003,0.21,0.2,24.150000000000006,12:20:24,156.99,1100,157.0,5300,156.9953,170
18712,0.31000000000000005,0.14,0.17,0.0,12:21:00,156.99,400,157.0,5400,156.9944,100
18716,2.56,2.35,0.21,3.43,12:21:03,156.99,400,157.0,5400,156.9935,200
18802,0.27,0.07,0.2,40.25000000000001,12:21:40,157.01,600,157.02,300,157.0137,500
18872,0.28,0.08,0.2,5.9399999999999995,12:22:05,157.01,500,157.02,300,157.0122,130
18886,3.2800000000000002,3.1,0.18,18.369999999999997,12:22:18,157.01,400,157.02,400,157.0109,300
18947,0.4,0.21,0.19,40.13,12:22:40,157.01,300,157.02,700,157.0185,154
18978,0.27,0.07,0.2,49.82,12:22:49,157.01,200,157.02,400,157.019,100
19077,0.24000000000000002,0.07,0.17,29.94000000000001,12:23:29,157.02,600,157.03,400,157.0237,500
19122,0.3,0.09,0.21,45.93,12:23:45,157.02,700,157.03,300,157.0268,200
19148,0.48,0.24,0.24,55.67000000000001,12:23:55,157.02,600,157.03,500,157.0266,1000
19154,0.4,0.07,0.33,0.0,12:24:00,157.02,600,157.03,300,157.0252,200
19177,3.42,3.16,0.26,11.870000000000001,12:24:11,157.02,400,157.03,300,157.0234,638
19289,0.44999999999999996,0.24,0.21,56.25999999999998,12:24:56,156.96,200,156.97,600,156.9686,125
19415,0.26,0.07,0.19,49.6,12:25:49,157.03,700,157.04,400,157.0316,103
19439,3.4499999999999997,3.15,0.3,7.13,12:26:07,157.03,700,157.04,100,157.0327,150
19637,0.4,0.21,0.19,33.910000000000004,12:27:33,157.08,200,157.1,4300,157.08100000000002,300
19758,0.24,0.08,0.16,16.140000000000004,12:28:16,157.08,400,157.09,500,157.0814,200
19871,0.31,0.12,0.19,54.169999999999995,12:28:54,157.08,700,157.09,400,157.083,100
19887,0.27,0.07,0.2,1.8099999999999998,12:29:01,157.08,800,157.09,500,157.0858,100
19967,0.37,0.18,0.19,33.94,12:29:33,157.09,1000,157.1,1700,157.0944,100
20041,0.31,0.08,0.23,0.0,12:30:00,157.09,600,157.1,700,157.0901,110
20190,0.33999999999999997,0.13,0.21,0.0,12:31:00,157.03,600,157.05,400,157.0397,300
20212,3.6,3.43,0.17,15.01,12:31:15,157.04,600,157.06,300,157.0592,200
20260,0.41000000000000003,0.22,0.19,31.809999999999988,12:31:31,157.06,300,157.07,300,157.06799999999998,300
20291,0.34,0.17,0.17,41.919999999999995,12:31:41,157.06,200,157.07,300,157.066,250
20483,0.29000000000000004,0.1,0.19,1.7800000000000002,12:33:01,157.05,500,157.06,400,157.0595,130
20518,1.5299999999999998,1.16,0.37,20.840000000000003,12:33:20,157.02,300,157.03,200,157.0299,105
20568,0.4,0.19,0.21,38.21,12:33:38,157.03,300,157.04,500,157.0352,320
20604,0.28,0.08,0.2,49.839999999999996,12:33:49,157.03,400,157.04,400,157.036,100
20649,0.30000000000000004,0.07,0.23,3.7199999999999998,12:34:03,157.03,300,157.04,500,157.0357,100
20756,0.23,0.07,0.16,43.61,12:34:43,157.06,500,157.07,200,157.0661,174
20818,4.34,4.17,0.17,9.64,12:35:09,157.07,400,157.08,1100,157.0757,100
20981,0.45,0.27,0.18,16.19,12:36:16,157.06,400,157.07,100,157.0638,287
21029,0.30000000000000004,0.13,0.17,33.89,12:36:33,157.08,700,157.09,400,157.0852,200
21049,0.29000000000000004,0.13,0.16,40.07999999999999,12:36:40,156.78,100,156.79,100,156.7801,100
21127,0.26,0.08,0.18,4.07,12:37:04,156.7,200,156.71,100,156.685,200
21187,0.36,0.15,0.21,28.16999999999999,12:37:28,156.65,300,156.67,200,156.665,100
21264,0.41000000000000003,0.17,0.24,56.21,12:37:56,156.72,200,156.74,200,156.7202,500
21303,0.42000000000000004,0.2,0.22,13.89,12:38:13,156.67,700,156.69,200,156.689,100
21311,1.28,1.08,0.2,18.870000000000008,12:38:18,156.7,200,156.71,100,156.7089,500
21320,0.49,0.29,0.2,21.980000000000008,12:38:21,156.7,200,156.72,500,156.7099,129
21328,0.31,0.09,0.22,25.080000000000005,12:38:25,156.72,500,156.73,200,156.7292,200
21366,0.46,0.27,0.19,39.900000000000006,12:38:39,156.69,200,156.71,300,156.7086,100
21378,0.37,0.18,0.19,44.07,12:38:44,156.69,500,156.72,700,156.7102,150
21409,0.25,0.07,0.18,0.8999999999999999,12:39:00,156.77,200,156.79,600,156.7813,100
21514,3.46,3.29,0.17,19.700000000000003,12:40:19,156.73,500,156.74,300,156.7346,160
21607,0.28,0.07,0.21,47.899999999999984,12:40:47,156.62,400,156.65,1200,156.6499,800
21631,0.27,0.07,0.2,55.779999999999994,12:40:55,156.66,400,156.68,200,156.6708,500
21637,0.33,0.1,0.23,0.0,12:41:00,156.68,600,156.7,300,156.6838,400
21652,2.04,1.74,0.3,6.850000000000001,12:41:06,156.66,100,156.68,300,156.668,1000
21655,3.78,3.59,0.19,11.360000000000001,12:41:11,156.67,500,156.69,200,156.678,100
21659,0.24000000000000002,0.07,0.17,15.900000000000002,12:41:15,156.69,100,156.7,400,156.6957,201
21665,0.24000000000000002,0.07,0.17,17.900000000000002,12:41:17,156.69,100,156.7,300,156.695,200
21754,0.36,0.17,0.19,49.88000000000002,12:41:49,156.66,100,156.68,300,156.6635,100
21784,0.26,0.07,0.19,0.0,12:42:00,156.67,300,156.68,200,156.6541,100
21893,4.58,4.3,0.28,11.02,12:45:11,156.88,200,156.89,200,156.8801,100
21932,0.39,0.2,0.19,30.090000000000007,12:45:30,156.85,200,156.86,200,156.8565,500
21983,0.26,0.07,0.19,47.7,12:45:47,156.86,1200,156.88,200,156.862,200
22009,0.45999999999999996,0.24,0.22,56.120000000000005,12:45:56,156.87,900,156.89,200,156.8812,500
22019,0.36000000000000004,0.08,0.28,0.0,12:46:00,156.87,400,156.89,600,156.8755,2000
22020,0.57,0.22,0.35,0.57,12:46:00,156.87,500,156.89,300,156.8736,550
22027,0.87,0.6,0.27,7.04,12:46:07,156.89,200,156.9,400,156.8963,100
22046,2.09,1.75,0.34,21.38,12:46:21,156.88,1000,156.9,600,156.8986,200
22272,0.26,0.07,0.19,47.82000000000003,12:47:47,156.86,700,156.88,400,156.876,500
22442,0.35,0.18,0.17,43.820000000000014,12:48:43,156.88,500,156.9,700,156.8872,1000
22454,0.26,0.07,0.19,47.820000000000014,12:48:47,156.89,500,156.9,300,156.8982,400
22522,0.28,0.08,0.2,24.110000000000007,12:49:24,156.89,600,156.91,900,156.8987,150
22537,0.38,0.12,0.26,29.09000000000001,12:49:29,156.89,600,156.91,900,156.904,105
22556,0.29000000000000004,0.07,0.22,35.930000000000014,12:49:35,156.9,400,156.91,200,156.9001,6000
22561,0.53,0.2,0.33,38.08000000000002,12:49:38,156.9,400,156.91,300,156.903,225
22633,3.79,3.57,0.22,11.420000000000002,12:50:11,156.87,600,156.89,1100,156.8714,100
22642,3.65,3.29,0.36,21.06,12:50:21,156.87,300,156.88,100,156.8715,486
22670,0.37,0.17,0.2,30.09000000000001,12:50:30,156.86,800,156.88,300,156.8726,600
22756,0.3,0.12,0.18,58.160000000000025,12:50:58,156.89,700,156.9,400,156.8952,100
22789,0.25,0.07,0.18,5.6499999999999995,12:51:05,156.89,700,156.9,700,156.8925,1000
22794,1.99,1.66,0.33,9.889999999999999,12:51:09,156.89,500,156.9,1300,156.8992,150
22868,0.29000000000000004,0.13,0.16,32.62999999999999,12:51:32,156.9,500,156.91,500,156.9046,500
22943,0.35,0.19,0.16,1.08,12:52:01,156.88,100,156.89,600,156.8808,200
22973,0.24,0.08,0.16,16.020000000000003,12:52:16,156.88,200,156.89,400,156.881,290
23018,0.24000000000000002,0.07,0.17,32.0,12:52:32,156.86,100,156.87,900,156.8666,1000
23071,0.37,0.13,0.24,50.07999999999996,12:52:50,156.85,300,156.86,100,156.8507,500
23086,0.26,0.07,0.19,55.14999999999996,12:52:55,156.86,200,156.87,500,156.8662,100
23156,0.33999999999999997,0.18,0.16,24.880000000000003,12:53:24,156.83,300,156.84,400,156.8346,100
23187,0.26,0.07,0.19,34.88,12:53:34,156.8,200,156.81,400,156.80100000000002,800
23194,0.39,0.17,0.22,36.910000000000004,12:53:36,156.8,400,156.81,500,156.8028,588
23255,0.37,0.18,0.19,0.0,12:54:00,156.8,300,156.82,400,156.8008,500
23258,0.37,0.21,0.16,1.0,12:54:01,156.8,300,156.82,400,156.8076,185
23266,2.0,1.76,0.24,8.14,12:54:08,156.79,200,156.8,200,156.7946,130
23269,2.01,1.71,0.3,13.950000000000001,12:54:13,156.79,200,156.8,1200,156.7954,200
23322,0.33999999999999997,0.09,0.25,33.030000000000015,12:54:33,156.8,300,156.81,300,156.8088,6839
23390,0.33,0.07,0.26,55.94000000000005,12:54:55,156.76,700,156.77,600,156.7634,300
23393,0.62,0.23,0.39,0.0,12:55:00,156.77,3100,156.78,500,156.7699,1600
23408,0.26,0.07,0.19,8.78,12:55:08,156.74,300,156.75,300,156.7454,500
23462,0.25,0.08,0.17,35.870000000000005,12:55:35,156.72,1400,156.73,1000,156.7289,1000
23486,0.37,0.21,0.16,43.08000000000001,12:55:43,156.72,1400,156.73,800,156.7254,115
23554,0.53,0.22,0.31,4.11,12:56:04,156.73,500,156.74,900,156.7386,2000
23626,0.5900000000000001,0.27,0.32,36.17000000000001,12:56:36,156.73,300,156.74,400,156.7368,100
23645,0.30000000000000004,0.13,0.17,41.91000000000001,12:56:41,156.74,200,156.75,5500,156.7481,100
23696,0.37,0.18,0.19,58.140000000000015,12:56:58,156.73,800,156.74,300,156.7315,1000
23714,3.21,2.87,0.34,4.89,12:57:04,156.74,300,156.75,5900,156.7425,100
23733,0.37,0.17,0.2,18.84,12:57:18,156.74,200,156.75,5800,156.7473,1000
23824,0.45000000000000007,0.28,0.17,48.15999999999999,12:57:48,156.76,100,156.77,500,156.775,300
23967,0.23,0.07,0.16,35.43999999999997,12:58:35,156.74,400,156.75,200,156.7458,352
24152,0.37,0.21,0.16,21.84,13:01:21,156.71,300,156.72,400,156.718,500
24247,0.35,0.18,0.17,51.899999999999984,13:01:51,156.74,400,156.75,2400,156.7415,200
24328,0.23,0.07,0.16,23.769999999999992,13:02:23,156.74,700,156.76,1500,156.7508,200
24343,0.30000000000000004,0.14,0.16,27.889999999999983,13:02:27,156.74,700,156.75,300,156.7465,135
24446,2.6100000000000003,2.37,0.24,7.829999999999999,13:03:07,156.77,200,156.79,700,156.7775,1000
24469,0.35,0.18,0.17,22.179999999999996,13:03:22,156.79,200,156.8,300,156.7915,100
24551,0.26,0.07,0.19,48.26,13:03:48,156.81,500,156.82,700,156.8146,215
24566,0.33999999999999997,0.18,0.16,53.47,13:03:53,156.81,600,156.82,700,156.8157,1000
24575,0.25,0.08,0.17,56.169999999999995,13:03:56,156.82,500,156.83,200,156.8232,127
24609,0.44,0.25,0.19,11.700000000000001,13:04:11,156.81,5200,156.82,2000,156.817,500
24649,0.41000000000000003,0.24,0.17,28.039999999999996,13:04:28,156.82,600,156.83,600,156.8208,100
24661,0.39,0.22,0.17,32.13999999999999,13:04:32,156.82,700,156.83,400,156.8212,2000
24673,0.24,0.08,0.16,36.0,13:04:36,156.83,100,156.84,5100,156.8357,200
24772,3.23,3.06,0.17,11.02,13:05:11,156.82,300,156.83,600,156.8225,300
24817,0.39,0.22,0.17,25.439999999999998,13:05:25,156.84,500,156.85,900,156.8434,228
24870,0.38,0.17,0.21,42.64000000000001,13:05:42,156.84,300,156.85,800,156.846,400
25098,0.31,0.07,0.24,18.059999999999995,13:10:18,156.82,200,156.83,600,156.822,200
25145,0.25,0.07,0.18,34.01999999999999,13:10:34,156.83,600,156.84,100,156.8368,100
25177,0.4,0.2,0.2,44.089999999999996,13:10:44,156.81,4900,156.82,300,156.8165,200
25193,0.38,0.19,0.19,49.879999999999995,13:10:49,156.81,4900,156.82,500,156.8103,100
25244,0.31,0.07,0.24,18.099999999999998,13:11:18,156.8,600,156.81,100,156.8007,100
25286,0.63,0.19,0.44,38.31,13:11:38,156.79,200,156.8,200,156.803,300
25306,0.55,0.14,0.41,48.10999999999998,13:11:48,156.78,15700,156.8,500,156.782,318
25358,2.7800000000000002,2.49,0.29,18.38,13:12:18,156.79,400,156.8,1300,156.7913,238
25384,0.28,0.08,0.2,29.910000000000004,13:12:29,156.79,600,156.8,1300,156.792,100
25465,0.5800000000000001,0.25,0.33,5.98,13:13:05,156.79,200,156.8,1600,156.7927,1700
25484,0.59,0.24,0.35,22.139999999999997,13:13:22,156.79,300,156.8,1100,156.799,120
25535,0.61,0.15,0.46,52.14000000000001,13:13:52,156.77,900,156.78,600,156.7733,100
25545,0.5800000000000001,0.25,0.33,57.92000000000001,13:13:57,156.77,800,156.78,600,156.7732,200
25552,0.45,0.13,0.32,1.6199999999999999,13:14:01,156.76,500,156.77,200,156.7643,500
25559,0.41000000000000003,0.07,0.34,13.759999999999998,13:14:13,156.77,100,156.78,300,156.779,113
25628,0.63,0.13,0.5,53.970000000000006,13:14:53,156.78,500,156.79,700,156.7842,500
25677,0.6100000000000001,0.07,0.54,27.83,13:15:27,156.79,600,156.8,200,156.7969,125
25736,0.61,0.18,0.43,9.77,13:16:09,156.81,400,156.82,1200,156.8133,100
25738,0.64,0.18,0.46,13.21,13:16:13,156.81,400,156.82,1200,156.8154,100
25762,0.43000000000000005,0.09,0.34,33.39,13:16:33,156.82,400,156.83,300,156.8257,100
25782,0.62,0.19,0.43,45.55000000000002,13:16:45,156.87,300,156.88,300,156.8759,100
25798,0.44,0.07,0.37,55.73000000000002,13:16:55,156.86,100,156.87,600,156.8646,900
25813,0.6200000000000001,0.07,0.55,4.359999999999999,13:17:04,156.85,300,156.86,400,156.857,100
25815,3.83,3.22,0.61,12.19,13:17:12,156.85,300,156.86,200,156.8537,500
25817,2.8299999999999996,2.26,0.57,15.6,13:17:15,156.86,100,156.87,600,156.8501,140
25841,0.57,0.21,0.36,29.95,13:17:29,156.86,300,156.87,500,156.8632,100
25900,2.81,2.46,0.35,3.42,13:18:03,156.86,400,156.87,1700,156.8616,100
25928,0.43,0.14,0.29,28.050000000000008,13:18:28,156.85,400,156.86,400,156.8568,100
25932,0.42,0.07,0.35,29.840000000000014,13:18:29,156.85,500,156.86,200,156.859,125
26035,0.61,0.22,0.39,35.989999999999995,13:19:35,156.83,100,156.84,300,156.8354,200
26069,0.6,0.09,0.51,54.23999999999999,13:19:54,156.84,400,156.85,400,156.843,1000
26076,0.5599999999999999,0.08,0.48,0.0,13:20:00,156.84,500,156.85,300,156.8455,100
26172,1.22,0.73,0.49,4.42,13:21:04,156.89,500,156.9,2800,156.8916,100
26257,0.59,0.21,0.38,3.5700000000000003,13:22:03,156.89,700,156.9,2200,156.8962,100
26261,0.44,0.07,0.37,5.620000000000001,13:22:05,156.89,700,156.9,2200,156.894,100
26264,3.04,2.57,0.47,9.64,13:22:09,156.89,900,156.9,2200,156.8901,200
26280,0.61,0.08,0.53,19.850000000000005,13:22:19,156.89,600,156.9,2300,156.8907,300
26306,0.43,0.12,0.31,33.670000000000016,13:22:33,156.89,700,156.9,2300,156.8968,100
26395,0.6,0.08,0.52,34.42000000000001,13:23:34,156.82,300,156.83,300,156.8265,100
26422,0.57,0.08,0.49,52.57000000000003,13:23:52,156.84,900,156.85,300,156.8499,179
26435,0.5499999999999999,0.08,0.47,0.0,13:24:00,156.84,400,156.85,100,156.8447,152
26450,0.99,0.4,0.59,14.21,13:24:14,156.82,300,156.83,300,156.8201,100
26527,1.02,0.07,0.95,29.43,13:25:29,156.84,600,156.85,200,156.844,120
26548,1.0,0.07,0.93,0.0,13:26:00,156.82,600,156.83,300,156.8252,200
26560,1.4,0.43,0.97,14.200000000000003,13:26:14,156.81,800,156.83,500,156.8221,100
26562,1.79,0.39,1.4,17.180000000000003,13:26:17,156.81,500,156.82,100,156.8195,133
26576,1.0,0.18,0.82,32.180000000000014,13:26:32,156.82,600,156.84,500,156.833,100
26603,1.22,0.09,1.13,4.0,13:27:04,156.84,400,156.85,200,156.84799999999998,900
26610,1.21,0.24,0.97,16.6,13:27:16,156.85,500,156.86,200,156.858,100
26619,1.2,0.15,1.05,26.42,13:27:26,156.86,300,156.87,200,156.86700000000002,100
26624,1.02,0.07,0.95,32.43000000000001,13:27:32,156.86,100,156.87,400,156.8725,100
26642,1.1800000000000002,0.08,1.1,52.780000000000015,13:27:52,156.87,400,156.88,200,156.8724,200
26666,1.37,0.1,1.27,20.98,13:28:20,156.87,700,156.88,700,156.8707,200
26670,1.3800000000000001,0.07,1.31,25.78,13:28:25,156.87,600,156.88,700,156.871,504
26673,1.02,0.13,0.89,29.01,13:28:29,156.87,800,156.88,500,156.8729,500
26683,1.21,0.24,0.97,40.62000000000002,13:28:40,156.87,1000,156.88,400,156.8791,100
26691,1.2,0.07,1.13,50.65000000000003,13:28:50,156.87,1000,156.88,300,156.8783,3054
26699,1.4100000000000001,0.07,1.34,8.21,13:29:08,156.88,700,156.89,500,156.8845,188
26715,1.17,0.34,0.83,33.59,13:29:33,156.87,500,156.88,300,156.8702,100
26719,1.1900000000000002,0.08,1.11,38.39,13:29:38,156.87,500,156.88,200,156.8752,100
26743,1.21,0.19,1.02,8.629999999999999,13:30:08,156.89,400,156.9,600,156.8946,150
26747,1.4000000000000001,0.08,1.32,13.799999999999999,13:30:13,156.89,500,156.9,600,156.8944,200
26794,1.03,0.24,0.79,11.819999999999999,13:31:11,156.89,400,156.9,700,156.89600000000002,130
26802,1.03,0.08,0.95,21.62,13:31:21,156.88,500,156.89,400,156.8877,500
26836,1.21,0.07,1.14,2.58,13:32:02,156.92,400,156.93,200,156.9246,600
26850,1.23,0.07,1.16,24.189999999999998,13:32:24,156.9,300,156.91,400,156.9099,200
26875,5.99,4.8,1.19,10.21,13:33:10,156.91,600,156.92,300,156.9141,435
26912,1.2200000000000002,0.14,1.08,0.0,13:34:00,156.92,300,156.93,300,156.92600000000002,159
26913,1.1800000000000002,0.08,1.1,1.1800000000000002,13:34:01,156.92,200,156.93,300,156.9243,180
26917,1.2000000000000002,0.14,1.06,5.590000000000001,13:34:05,156.92,300,156.93,600,156.931,100
26929,1.2100000000000002,0.09,1.12,24.0,13:34:24,156.94,700,156.95,100,156.9443,1000
26932,1.1800000000000002,0.07,1.11,27.77,13:34:27,156.94,800,156.95,100,156.9433,122
26943,1.21,0.24,0.97,39.79,13:34:39,156.96,400,156.97,300,156.969,100
26944,1.0,0.07,0.93,40.79,13:34:40,156.96,400,156.97,300,156.9664,500
26955,1.1700000000000002,0.07,1.1,53.370000000000005,13:34:53,156.97,400,156.98,100,156.9708,400
26969,2.59,1.44,1.15,14.360000000000001,13:35:14,156.95,500,156.96,200,156.9557,100
26972,2.62,1.65,0.97,19.39,13:35:19,156.94,300,156.95,1100,156.946,1000
27018,1.6099999999999999,0.43,1.18,12.599999999999998,13:36:12,156.94,600,156.96,400,156.9487,224
27025,1.1900000000000002,0.07,1.12,21.2,13:36:21,156.94,1000,156.95,200,156.9444,100
27041,0.99,0.25,0.74,39.400000000000006,13:36:39,156.95,300,156.96,100,156.9543,200
27043,0.81,0.07,0.74,41.190000000000005,13:36:41,156.95,400,156.97,500,156.9611,120
27072,1.03,0.07,0.96,17.240000000000002,13:37:17,156.93,300,156.94,200,156.9377,700
27076,1.01,0.07,0.94,21.430000000000003,13:37:21,156.92,300,156.93,200,156.9233,100
27086,0.8099999999999999,0.08,0.73,31.419999999999998,13:37:31,156.91,400,156.92,200,156.9135,103
27088,1.59,0.27,1.32,34.18,13:37:34,156.9,700,156.92,400,156.9015,1000
27091,1.21,0.07,1.14,38.199999999999996,13:37:38,156.88,700,156.9,300,156.8891,250
27093,1.03,0.07,0.96,40.61,13:37:40,156.88,400,156.89,400,156.8866,800
27166,1.21,0.14,1.07,23.229999999999997,13:39:23,156.92,600,156.93,300,156.9219,259
27192,1.1800000000000002,0.07,1.11,52.98999999999999,13:39:52,156.93,500,156.94,400,156.9346,150
27211,54.8,53.89,0.91,0.0,13:41:00,156.92,500,156.93,600,156.9269,175
27228,1.2,0.07,1.13,19.200000000000003,13:41:19,156.92,200,156.93,500,156.9244,150
27262,3.59,2.35,1.24,11.609999999999998,13:42:11,156.98,400,156.99,300,156.9846,300
27320,1.1800000000000002,0.07,1.11,28.000000000000004,13:43:28,156.92,2200,156.93,300,156.9236,1500
27372,1.2,0.17,1.03,27.79,13:44:27,156.94,400,156.95,200,156.9436,368
27386,1.19,0.19,1.0,43.59999999999999,13:44:43,156.94,400,156.95,300,156.9446,261
27401,1.19,0.2,0.99,0.0,13:45:00,156.98,100,156.99,1100,156.9884,100
27404,1.59,0.28,1.31,4.4,13:45:04,156.98,100,156.98,700,156.983,100
27408,1.22,0.17,1.05,9.64,13:45:09,156.97,500,156.98,400,156.9733,688
27437,1.02,0.07,0.95,43.84,13:45:43,156.97,400,156.98,700,156.9713,130
27445,0.8200000000000001,0.07,0.75,51.83,13:45:51,156.97,800,156.98,500,156.9745,100
27501,1.4,0.18,1.22,2.8,13:47:02,156.97,700,156.98,600,156.9787,131
27503,1.82,0.91,0.91,5.83,13:47:05,156.97,700,156.98,400,156.9716,125
27510,1.21,0.23,0.98,14.43,13:47:14,156.97,800,156.98,400,156.9725,400
27517,1.22,0.17,1.05,26.019999999999996,13:47:26,156.99,600,157.0,4400,156.9977,500
27533,1.21,0.17,1.04,45.6,13:47:45,156.99,700,157.0,4200,156.9931,2857
27539,1.1900000000000002,0.07,1.12,52.18999999999999,13:47:52,156.99,900,157.0,200,157.002,300
27606,1.2,0.07,1.13,4.58,13:49:04,156.98,700,156.99,300,156.9867,300
27608,1.01,0.17,0.84,6.79,13:49:06,156.98,600,156.99,300,156.9854,100
27614,1.3900000000000001,0.74,0.65,13.58,13:49:13,156.99,400,157.0,500,156.9932,130
27626,1.1800000000000002,0.13,1.05,26.18,13:49:26,156.98,400,156.99,300,156.9887,211
27690,0.81,0.14,0.67,36.239999999999995,13:50:36,156.99,1500,157.0,600,156.9963,1800
27719,1.2,0.21,0.99,8.78,13:51:08,156.98,500,156.99,200,156.987,195
27721,1.2000000000000002,0.27,0.93,11.18,13:51:11,156.98,600,156.99,100,156.9859,100
27730,1.39,0.24,1.15,25.580000000000002,13:51:25,156.98,100,156.99,600,156.9831,115
27762,0.98,0.15,0.83,1.98,13:52:01,156.99,800,157.0,200,156.993,970
27773,0.99,0.26,0.73,17.59,13:52:17,156.98,1000,156.99,300,156.9847,185
27791,1.17,0.42,0.75,33.989999999999995,13:52:33,156.99,200,157.0,400,156.996,1000
27797,1.1600000000000001,0.07,1.09,40.17,13:52:40,156.99,600,157.0,600,156.9999,192
27813,1.02,0.24,0.78,0.0,13:53:00,156.99,1400,157.0,800,156.9964,636
27820,1.0,0.18,0.82,6.98,13:53:06,156.99,1400,157.0,800,156.9911,270
27838,1.03,0.22,0.81,29.220000000000006,13:53:29,156.99,1200,157.0,1400,156.9946,128
27872,1.2,0.2,1.0,0.0,13:54:00,156.99,1400,157.0,2900,156.9975,200
27881,0.98,0.07,0.91,11.790000000000001,13:54:11,156.99,1200,157.0,1400,156.9949,200
27909,0.81,0.07,0.74,43.019999999999996,13:54:43,156.99,3400,157.0,1000,156.9915,100
28034,0.97,0.07,0.9,6.9799999999999995,13:57:06,157.0,2300,157.02,900,157.0081,1250
28063,0.99,0.07,0.92,40.58,13:57:40,157.0,3500,157.01,500,157.003,300
28065,1.01,0.08,0.93,42.58,13:57:42,157.0,3500,157.01,400,157.0054,100
28069,1.0,0.07,0.93,46.58,13:57:46,157.0,3400,157.01,800,157.0093,100
28084,0.99,0.13,0.86,0.0,13:58:00,157.0,3700,157.01,1300,157.0007,300
28089,1.38,0.39,0.99,8.8,13:58:08,157.0,3600,157.01,1400,157.009,900
28091,3.21,2.0,1.21,14.010000000000002,13:58:14,157.0,3600,157.01,400,157.0066,100
28093,1.4200000000000002,0.07,1.35,16.630000000000003,13:58:16,157.0,3600,157.02,700,157.0092,500
28182,2.2199999999999998,1.17,1.05,13.010000000000002,14:00:13,157.01,200,157.02,700,157.0157,100
28186,0.98,0.14,0.84,19.19,14:00:19,157.01,200,157.02,500,157.0169,100
28201,1.21,0.18,1.03,35.199999999999996,14:00:35,157.01,200,157.03,900,157.0265,105
28221,1.24,0.23,1.01,55.230000000000004,14:00:55,157.02,200,157.03,200,157.0254,300
28223,1.36,0.08,1.28,57.99,14:00:57,157.02,200,157.03,300,157.0239,102
28231,3.0199999999999996,2.05,0.97,8.639999999999999,14:01:08,157.02,200,157.03,400,157.0241,1200
28237,0.98,0.23,0.75,15.8,14:01:15,157.01,300,157.02,900,157.0142,200
28252,1.2,0.17,1.03,31.21,14:01:31,157.01,300,157.02,1300,157.017,200
28253,1.3800000000000001,0.07,1.31,32.59,14:01:32,157.01,300,157.02,1300,157.0144,250
28277,2.6,1.68,0.92,3.99,14:02:03,157.06,200,157.07,100,157.0699,100
28291,1.01,0.18,0.83,24.779999999999998,14:02:24,157.08,300,157.09,400,157.0865,300
28402,0.98,0.09,0.89,37.34,14:04:37,157.12,500,157.13,2600,157.1207,100
28411,1.02,0.2,0.82,45.57000000000001,14:04:45,157.12,700,157.13,2900,157.125,285
28477,1.4,0.23,1.17,10.200000000000001,14:06:10,157.05,600,157.06,100,157.0575,100
28480,2.6,1.79,0.81,15.56,14:06:15,157.05,500,157.07,600,157.0606,500
28528,3.4,2.51,0.89,14.42,14:07:14,157.07,700,157.08,200,157.079,100
28537,1.21,0.08,1.13,28.009999999999998,14:07:28,157.08,300,157.09,300,157.0871,100
28542,1.41,0.27,1.14,34.599999999999994,14:07:34,157.09,300,157.1,400,157.0946,236
28545,1.4,0.18,1.22,38.60999999999999,14:07:38,157.09,300,157.1,400,157.0954,400
28548,1.01,0.07,0.94,42.41999999999999,14:07:42,157.09,600,157.1,300,157.0937,1500
28557,1.02,0.08,0.94,53.42,14:07:53,157.09,1000,157.1,200,157.0957,108
28599,1.0,0.14,0.86,45.57,14:08:45,157.09,800,157.1,500,157.0925,105
28611,0.98,0.1,0.88,56.37,14:08:56,157.09,800,157.1,700,157.0969,100
28620,1.0,0.08,0.92,0.0,14:09:00,157.09,1200,157.1,700,157.0955,100
28623,1.0,0.07,0.93,3.2,14:09:03,157.09,900,157.1,700,157.0913,368
28628,0.82,0.08,0.74,9.610000000000001,14:09:09,157.09,900,157.1,700,157.0928,895
28678,1.2,0.23,0.97,15.589999999999998,14:10:15,157.15,600,157.16,400,157.1558,127
28680,1.2000000000000002,0.08,1.12,17.99,14:10:17,157.16,300,157.17,1700,157.16,100
28682,1.81,0.8,1.01,20.979999999999997,14:10:20,157.16,700,157.17,400,157.17,100
28685,0.8099999999999999,0.08,0.73,24.179999999999996,14:10:24,157.16,700,157.17,500,157.16899999999998,100
28688,1.2000000000000002,0.08,1.12,27.779999999999998,14:10:27,157.17,400,157.18,800,157.18,100
28689,1.01,0.08,0.93,28.79,14:10:28,157.17,300,157.18,800,157.175,100
28690,1.39,0.18,1.21,30.18,14:10:30,157.16,500,157.17,300,157.1699,100
28693,1.1900000000000002,0.07,1.12,33.599999999999994,14:10:33,157.17,500,157.18,600,157.1704,514
28697,0.8,0.07,0.73,37.79999999999999,14:10:37,157.18,300,157.2,10200,157.2,100
28700,0.8200000000000001,0.18,0.64,45.80999999999999,14:10:45,157.2,700,157.21,4900,157.21,100
28702,0.82,0.08,0.74,47.61999999999999,14:10:47,157.2,900,157.21,4900,157.202,100
28704,0.81,0.17,0.64,49.40999999999999,14:10:49,157.2,700,157.21,4900,157.201,1000
28706,0.82,0.08,0.74,51.21999999999999,14:10:51,157.2,800,157.21,4800,157.205,300
28710,1.0,0.08,0.92,55.589999999999996,14:10:55,157.2,800,157.21,4800,157.2046,100
28717,1.0,0.07,0.93,3.2199999999999998,14:11:03,157.19,600,157.2,100,157.192,100
28726,3.58,2.78,0.8,18.42,14:11:18,157.19,1400,157.2,100,157.196,100
28733,1.0,0.21,0.79,26.0,14:11:26,157.19,1400,157.2,400,157.1979,2000
28735,0.98,0.07,0.91,27.8,14:11:27,157.19,1300,157.2,200,157.194,1000
28744,0.8200000000000001,0.07,0.75,35.63,14:11:35,157.2,400,157.21,3700,157.2099,5000
28746,0.82,0.08,0.74,37.43,14:11:37,157.2,400,157.21,3700,157.2001,100
28765,0.99,0.21,0.78,54.970000000000006,14:11:54,157.2,200,157.21,200,157.2042,1500
28784,2.39,1.74,0.65,12.83,14:12:12,157.22,500,157.23,400,157.23,250
28790,0.81,0.14,0.67,20.23,14:12:20,157.23,300,157.24,1300,157.235,100
28792,0.8200000000000001,0.07,0.75,22.04,14:12:22,157.23,700,157.24,1300,157.2354,200
28794,0.81,0.07,0.74,23.819999999999997,14:12:23,157.23,700,157.24,1300,157.2379,128
28797,0.8200000000000001,0.07,0.75,26.449999999999996,14:12:26,157.23,1500,157.24,800,157.24,100
28803,0.98,0.23,0.75,31.819999999999993,14:12:31,157.21,800,157.23,700,157.22,100
28804,0.81,0.14,0.67,32.629999999999995,14:12:32,157.21,1100,157.23,600,157.2208,1600
28806,1.0,0.24,0.76,34.62,14:12:34,157.22,400,157.23,500,157.2294,2500
28808,0.97,0.07,0.9,36.419999999999995,14:12:36,157.22,300,157.23,500,157.2299,120
28810,0.81,0.07,0.74,38.04,14:12:38,157.22,1000,157.22,100,157.225,200
28812,0.82,0.08,0.74,39.83,14:12:39,157.21,400,157.22,300,157.215,200
28842,0.82,0.13,0.69,12.39,14:13:12,157.24,500,157.25,9600,157.2441,1000
28844,1.58,0.78,0.8,14.780000000000001,14:13:14,157.24,500,157.25,9600,157.25,100
28857,0.82,0.12,0.7,30.39,14:13:30,157.24,1000,157.25,800,157.2467,127
28861,1.0,0.2,0.8,34.169999999999995,14:13:34,157.24,700,157.25,1100,157.2452,100
28872,0.99,0.26,0.73,44.17,14:13:44,157.24,800,157.25,600,157.2475,100
28874,0.8200000000000001,0.07,0.75,45.980000000000004,14:13:45,157.24,800,157.25,800,157.2436,1267
28883,0.8099999999999999,0.09,0.72,53.97,14:13:53,157.24,1100,157.25,300,157.2473,1000
28886,1.02,0.13,0.89,56.78,14:13:56,157.24,1000,157.25,300,157.245,200
28899,0.8099999999999999,0.12,0.69,13.99,14:14:13,157.23,100,157.24,700,157.2301,100
28921,0.97,0.18,0.79,36.76999999999999,14:14:36,157.23,400,157.24,100,157.2342,120
28972,0.97,0.14,0.83,31.98999999999999,14:15:31,157.24,600,157.26,1200,157.2448,250
28978,0.81,0.15,0.66,37.219999999999985,14:15:37,157.26,600,157.27,1000,157.26,279
28981,0.98,0.13,0.85,39.99999999999998,14:15:39,157.27,200,157.28,600,157.27,200
29000,0.97,0.07,0.9,0.97,14:16:00,157.25,200,157.26,200,157.2503,100
29002,1.1800000000000002,0.14,1.04,3.16,14:16:03,157.26,200,157.27,300,157.265,100
29006,4.6,3.42,1.18,10.959999999999999,14:16:10,157.26,300,157.27,200,157.264,200
29011,2.77,1.96,0.81,17.55,14:16:17,157.26,300,157.27,200,157.2699,245
29021,1.2000000000000002,0.09,1.11,27.380000000000003,14:16:27,157.25,400,157.26,100,157.2507,200
29042,1.43,0.2,1.23,56.41,14:16:56,157.25,100,157.26,600,157.255,100
29047,1.4,0.43,0.97,4.02,14:17:04,157.23,600,157.24,100,157.2398,1000
29051,4.2,3.21,0.99,11.61,14:17:11,157.23,600,157.24,200,157.231,350
29062,0.8099999999999999,0.12,0.69,24.029999999999994,14:17:24,157.24,600,157.25,400,157.2462,100
29088,1.01,0.08,0.93,48.00999999999999,14:17:48,157.24,700,157.25,100,157.2496,4000
29090,1.01,0.07,0.94,50.22999999999999,14:17:50,157.24,700,157.25,200,157.2491,500
29093,1.0,0.07,0.93,53.58999999999999,14:17:53,157.24,900,157.25,200,157.2443,500
29103,0.97,0.07,0.9,4.01,14:18:04,157.24,1000,157.25,100,157.2463,1400
29125,1.2000000000000002,0.08,1.12,32.00000000000001,14:18:32,157.25,600,157.26,400,157.2599,100
29134,0.99,0.09,0.9,41.790000000000006,14:18:41,157.25,600,157.26,400,157.2526,250
29157,0.81,0.07,0.74,2.6,14:19:02,157.24,700,157.25,500,157.2431,310
29164,1.7999999999999998,0.96,0.84,12.61,14:19:12,157.21,300,157.22,400,157.2107,100
29170,2.61,1.9,0.71,20.63,14:19:20,157.21,400,157.22,500,157.2101,100
29176,0.99,0.23,0.76,26.209999999999994,14:19:26,157.21,400,157.22,500,157.2115,100
29212,1.01,0.12,0.89,58.43999999999998,14:19:58,157.2,100,157.21,400,157.2043,300
29216,1.2,0.33,0.87,2.2199999999999998,14:20:02,157.2,400,157.21,500,157.195,200
29229,2.2,0.24,1.96,19.599999999999998,14:20:19,157.19,500,157.2,300,157.1907,100
29230,2.4,0.07,2.33,21.999999999999996,14:20:21,157.19,500,157.2,400,157.191,384
29233,1.0,0.19,0.81,26.0,14:20:26,157.2,700,157.21,300,157.2004,1000
29253,0.6,0.08,0.52,39.050000000000004,14:20:39,157.2,300,157.21,600,157.2025,100
29259,0.63,0.13,0.5,42.88000000000001,14:20:42,157.18,1500,157.2,700,157.19,100
29269,0.76,0.17,0.59,49.04,14:20:49,157.19,500,157.21,400,157.2068,147
29301,4.17,3.74,0.43,12.57,14:21:12,157.2,200,157.21,700,157.209,100
29316,0.43,0.08,0.35,23.810000000000002,14:21:23,157.21,100,157.22,700,157.2192,200
29342,0.45,0.07,0.38,40.04000000000001,14:21:40,157.18,1100,157.19,400,157.185,200
29374,0.6,0.09,0.51,0.0,14:22:00,157.19,300,157.2,3200,157.1954,100
29429,0.59,0.21,0.38,36.08000000000002,14:22:36,157.16,100,157.17,400,157.1646,122
29436,0.5700000000000001,0.2,0.37,39.68000000000002,14:22:39,157.15,800,157.17,600,157.15200000000002,100
29444,0.5900000000000001,0.25,0.34,43.85000000000003,14:22:43,157.17,400,157.18,5200,157.17600000000002,100
29448,0.56,0.2,0.36,45.85000000000003,14:22:45,157.17,200,157.18,5200,157.1701,100
29467,0.43,0.07,0.36,55.66000000000003,14:22:55,157.18,300,157.19,500,157.1834,320
29508,0.43,0.08,0.35,23.6,14:23:23,157.15,600,157.16,300,157.155,100
29564,0.43999999999999995,0.09,0.35,53.44000000000002,14:23:53,157.16,100,157.17,800,157.1637,800
29601,0.78,0.35,0.43,13.95,14:24:13,157.16,300,157.17,200,157.1665,1000
29625,0.61,0.2,0.41,28.40999999999999,14:24:28,157.17,100,157.18,600,157.173,100
29634,0.5900000000000001,0.07,0.52,34.35999999999999,14:24:34,157.17,300,157.18,400,157.1749,200
29662,0.6000000000000001,0.07,0.53,52.000000000000014,14:24:52,157.18,400,157.19,300,157.1833,374
29666,0.7999999999999999,0.23,0.57,0.0,14:25:00,157.18,500,157.19,300,157.1873,100
29671,0.76,0.18,0.58,3.6100000000000003,14:25:03,157.19,200,157.2,300,157.1985,100
29678,0.64,0.22,0.42,15.620000000000001,14:25:15,157.17,200,157.18,500,157.1751,100
29685,0.42,0.07,0.35,21.240000000000002,14:25:21,157.17,300,157.18,100,157.1726,658
29688,0.6000000000000001,0.07,0.53,23.190000000000005,14:25:23,157.17,300,157.18,100,157.1732,3000
29711,0.62,0.27,0.35,37.24000000000001,14:25:37,157.17,500,157.18,300,157.1775,200
29729,0.78,0.07,0.71,49.390000000000015,14:25:49,157.19,500,157.2,400,157.1913,1000
29744,0.76,0.22,0.54,0.0,14:26:00,157.18,500,157.19,200,157.1815,350
29748,0.62,0.08,0.54,2.6300000000000003,14:26:02,157.17,400,157.18,500,157.1729,120
29758,2.4000000000000004,1.85,0.55,16.16,14:26:16,157.17,400,157.18,500,157.171,100
29783,0.45,0.14,0.31,33.790000000000006,14:26:33,157.17,300,157.18,600,157.1741,400
29876,0.61,0.08,0.53,29.38,14:27:29,157.17,500,157.18,600,157.1765,166
29894,0.57,0.09,0.48,39.94,14:27:39,157.18,800,157.19,2000,157.1846,175
29902,0.43,0.08,0.35,44.199999999999996,14:27:44,157.18,700,157.19,2000,157.1866,595
29943,4.18,3.56,0.62,16.199999999999996,14:28:16,157.19,400,157.2,1500,157.1946,407
29945,0.61,0.09,0.52,17.439999999999994,14:28:17,157.19,400,157.2,1500,157.19899999999998,1000
29970,0.75,0.19,0.56,33.980000000000004,14:28:33,157.18,800,157.19,1000,157.1861,100
30007,0.45999999999999996,0.15,0.31,0.0,14:29:00,157.16,500,157.17,400,157.1601,490
30031,0.62,0.17,0.45,22.18,14:29:22,157.16,200,157.17,200,157.1659,100
30086,0.59,0.18,0.41,55.97000000000005,14:29:55,157.18,400,157.19,500,157.1842,100
30089,0.5700000000000001,0.14,0.43,57.55000000000005,14:29:57,157.18,400,157.19,500,157.1805,1000
30121,0.6000000000000001,0.27,0.33,18.160000000000004,14:30:18,157.19,900,157.2,2400,157.1944,300
30124,0.61,0.2,0.41,19.980000000000004,14:30:19,157.19,600,157.2,2600,157.1904,5000
30170,0.74,0.27,0.47,48.13000000000003,14:30:48,157.19,1900,157.2,300,157.197,1400
30214,0.6,0.09,0.51,17.599999999999998,14:31:17,157.26,400,157.27,600,157.2601,300
30253,0.6,0.22,0.38,41.43000000000001,14:31:41,157.25,700,157.26,700,157.2544,325
30254,0.5900000000000001,0.19,0.4,42.02000000000001,14:31:42,157.25,900,157.26,600,157.2575,100
30266,0.5900000000000001,0.07,0.52,49.550000000000026,14:31:49,157.25,1100,157.26,700,157.2546,100
30326,0.6200000000000001,0.07,0.55,29.16000000000001,14:32:29,157.25,100,157.26,1100,157.2541,175
30343,0.8300000000000001,0.18,0.65,41.20000000000001,14:32:41,157.25,700,157.26,800,157.251,100
30353,0.62,0.08,0.54,48.81000000000002,14:32:48,157.25,500,157.26,800,157.2554,200
30356,0.62,0.09,0.53,50.780000000000015,14:32:50,157.25,400,157.26,800,157.2501,100
30358,0.8,0.24,0.56,52.360000000000014,14:32:52,157.25,500,157.26,800,157.2568,100
30373,0.75,0.2,0.55,7.999999999999999,14:33:07,157.25,400,157.26,800,157.2543,100
30387,0.95,0.21,0.74,24.02,14:33:24,157.25,500,157.26,500,157.2545,285
30396,0.6499999999999999,0.07,0.58,30.25,14:33:30,157.25,500,157.26,700,157.2537,1000
30435,3.58,2.98,0.6,3.58,14:34:03,157.25,700,157.26,800,157.2555,100
30448,3.59,3.1,0.49,16.200000000000003,14:34:16,157.26,1100,157.28,1500,157.261,100
30462,0.62,0.08,0.54,26.38000000000001,14:34:26,157.25,400,157.26,400,157.2508,2200
30487,0.76,0.23,0.53,1.35,14:36:01,157.22,800,157.23,600,157.224,103
30510,0.59,0.08,0.51,17.37,14:36:17,157.22,600,157.23,1500,157.2263,1900
30527,0.6200000000000001,0.07,0.55,27.380000000000003,14:36:27,157.22,700,157.23,1300,157.2207,100
30530,0.6399999999999999,0.07,0.57,29.390000000000004,14:36:29,157.22,700,157.23,1300,157.2258,100
30546,0.6200000000000001,0.07,0.55,10.010000000000002,14:37:10,157.2,1300,157.21,1200,157.2084,1500
30573,0.79,0.27,0.52,30.37,14:37:30,157.22,500,157.23,900,157.221,500
30580,0.81,0.14,0.67,35.98000000000001,14:37:35,157.22,600,157.23,800,157.2246,350
30590,0.6100000000000001,0.07,0.54,42.930000000000014,14:37:42,157.24,100,157.25,2400,157.2412,100
30592,0.81,0.18,0.63,44.360000000000014,14:37:44,157.24,100,157.25,2500,157.241,600
30636,0.6399999999999999,0.07,0.57,23.619999999999997,14:38:23,157.2,500,157.21,900,157.2088,102
30695,0.6000000000000001,0.28,0.32,0.0,14:39:00,157.2,800,157.21,100,157.2113,100
30726,0.6,0.24,0.36,23.969999999999995,14:39:23,157.21,200,157.22,2600,157.2103,2500
30736,0.6,0.21,0.39,29.55,14:39:29,157.2,800,157.21,500,157.204,201
30790,0.5900000000000001,0.07,0.52,8.01,14:40:08,157.17,400,157.18,600,157.1799,703
30800,1.8599999999999999,1.38,0.48,19.29,14:40:19,157.16,500,157.17,600,157.1664,1000
30801,0.76,0.2,0.56,20.05,14:40:20,157.16,500,157.17,600,157.1631,100
30808,0.6599999999999999,0.08,0.58,26.08,14:40:26,157.16,600,157.17,500,157.164,500
30828,0.76,0.08,0.68,40.03999999999999,14:40:40,157.16,500,157.17,600,157.1666,200
30859,0.61,0.26,0.35,1.8399999999999999,14:41:01,157.17,300,157.18,1100,157.1746,100
30882,0.5900000000000001,0.07,0.52,21.809999999999995,14:41:21,157.16,900,157.17,200,157.1651,100
30930,0.6100000000000001,0.07,0.54,55.970000000000006,14:41:55,157.16,100,157.17,500,157.165,100
30973,0.76,0.08,0.68,18.220000000000006,14:42:18,157.14,4500,157.15,200,157.1469,599
30978,0.8,0.12,0.68,22.26000000000001,14:42:22,157.14,4100,157.15,700,157.1437,400
31018,0.61,0.08,0.53,1.79,14:43:01,157.11,400,157.12,400,157.1107,200
31042,2.42,2.08,0.34,21.449999999999996,14:43:21,157.11,600,157.12,200,157.112,500
31060,0.43,0.12,0.31,31.429999999999996,14:43:31,157.08,800,157.09,200,157.0807,400
31064,0.57,0.09,0.48,33.57999999999999,14:43:33,157.09,400,157.1,400,157.0968,250
31121,0.6000000000000001,0.07,0.53,13.639999999999997,14:44:13,157.09,200,157.1,1400,157.0939,100
31172,0.8099999999999999,0.21,0.6,49.85000000000001,14:44:49,157.14,300,157.15,300,157.1432,200
31184,0.8,0.26,0.54,58.39,14:44:58,157.13,300,157.14,200,157.1399,800
31186,0.7999999999999999,0.21,0.59,0.0,14:45:00,157.13,300,157.14,300,157.1301,236
31208,0.62,0.08,0.54,18.03,14:45:18,157.1,300,157.11,100,157.102,4000
31213,0.62,0.15,0.47,21.650000000000002,14:45:21,157.11,300,157.12,100,157.1115,1500
31220,2.45,1.95,0.5,28.450000000000006,14:45:28,157.11,400,157.12,200,157.1166,125
31222,0.7899999999999999,0.22,0.57,30.010000000000005,14:45:30,157.1,500,157.11,200,157.1056,100
31274,0.6000000000000001,0.07,0.53,9.160000000000002,14:46:09,157.08,300,157.09,200,157.092,100
31279,2.0100000000000002,1.55,0.46,15.99,14:46:15,157.07,600,157.09,400,157.0821,1000
31281,0.76,0.1,0.66,17.37,14:46:17,157.08,800,157.1,800,157.0987,200
31284,0.61,0.13,0.48,19.200000000000003,14:46:19,157.09,400,157.11,800,157.1022,1000
31287,0.74,0.26,0.48,21.36,14:46:21,157.09,400,157.1,100,157.1034,300
31341,1.79,1.09,0.7,0.0,14:47:00,157.11,900,157.13,500,157.1251,250
31348,0.8,0.14,0.66,5.2299999999999995,14:47:05,157.14,400,157.16,2300,157.1499,894
31425,0.44,0.07,0.37,8.209999999999999,14:48:08,157.16,1000,157.17,200,157.1626,200
31475,0.5800000000000001,0.19,0.39,40.440000000000005,14:48:40,157.17,300,157.18,400,157.1755,100
31501,0.44,0.14,0.3,54.24000000000001,14:48:54,157.18,200,157.19,1100,157.1868,250
31533,1.79,1.14,0.65,16.849999999999998,14:49:16,157.14,600,157.15,100,157.145,100
31601,0.44,0.07,0.37,58.03,14:49:58,157.16,300,157.17,200,157.1688,217
31632,0.77,0.18,0.59,27.990000000000002,14:50:27,157.16,500,157.17,200,157.1662,200
31643,0.79,0.2,0.59,36.2,14:50:36,157.13,200,157.14,400,157.1307,100
31648,0.83,0.23,0.6,40.23,14:50:40,157.13,100,157.14,400,157.131,400
31683,0.6100000000000001,0.07,0.54,6.19,14:51:06,157.11,600,157.12,200,157.1173,688
31763,0.62,0.23,0.39,4.02,14:52:04,157.09,200,157.1,800,157.0936,1200
31771,1.6,1.08,0.52,12.99,14:52:12,157.1,500,157.12,500,157.1001,200
31808,0.62,0.08,0.54,36.239999999999995,14:52:36,157.14,200,157.15,500,157.1466,300
31811,0.79,0.24,0.55,38.419999999999995,14:52:38,157.15,200,157.16,400,157.1648,888
31833,0.5800000000000001,0.25,0.33,51.62,14:52:51,157.14,300,157.15,300,157.141,411
31845,0.6399999999999999,0.07,0.57,0.0,14:53:00,157.14,300,157.15,400,157.1434,100
31854,0.61,0.15,0.46,7.78,14:53:07,157.14,600,157.15,300,157.14700000000002,202
31880,0.81,0.17,0.64,27.780000000000005,14:53:27,157.14,200,157.15,300,157.1485,100
31903,0.62,0.18,0.44,41.96000000000001,14:53:41,157.13,600,157.14,300,157.139,100
31914,0.74,0.2,0.54,49.920000000000016,14:53:49,157.15,400,157.16,100,157.153,100
31923,0.6100000000000001,0.07,0.54,55.550000000000026,14:53:55,157.15,200,157.16,500,157.1574,100
