,Total Delay,Request Delay,Saving Delay,Arrival Time,Time,Bid,Bid Size,Ask,Ask Size,Last Price,Last Size
0,0.6499999999999999,0.3,0.35,0.6499999999999999,09:30:00,153.86,100,154.2,200,154.16,100
37,0.44,0.21,0.23,14.589999999999998,09:30:14,153.91,100,154.12,100,154.05,100
46,0.35000000000000003,0.08,0.27,0.0,09:31:00,153.86,100,154.07,100,153.98,200
69,0.42,0.21,0.21,12.030000000000003,09:31:12,153.86,100,154.04,100,153.95,100
138,0.38,0.07,0.31,42.140000000000015,09:31:42,153.86,100,154.02,100,154.01,100
186,0.29,0.08,0.21,0.0,09:32:00,153.87,100,154.0,300,153.935,100
201,4.77,4.56,0.21,12.78,09:32:12,154.0,200,154.05,100,154.0,100
320,0.69,0.28,0.41,54.9,09:32:54,153.88,100,153.98,200,153.89,100
325,0.25,0.07,0.18,56.56999999999999,09:32:56,153.8,100,153.93,200,153.88,100
332,0.25,0.07,0.18,58.52,09:32:58,153.8,100,153.89,200,153.85,100
343,2.23,1.98,0.25,0.0,09:33:00,153.79,100,153.88,100,153.84,200
350,3.75,3.46,0.29,5.78,09:33:05,153.78,200,153.87,100,153.83,300
359,0.35,0.18,0.17,12.43,09:33:12,153.78,100,153.88,100,153.8375,100
365,0.42000000000000004,0.23,0.19,16.55,09:33:16,153.78,100,153.88,100,153.8056,400
370,0.66,0.28,0.38,18.680000000000003,09:33:18,153.77,100,153.87,100,153.77,100
375,0.32,0.15,0.17,20.510000000000005,09:33:20,153.7,100,153.87,100,153.71,100
412,0.47000000000000003,0.27,0.2,32.56,09:33:32,153.63,100,153.72,200,153.7,100
418,0.42,0.21,0.21,34.89000000000001,09:33:34,153.52,100,153.69,100,153.61,140
446,0.25,0.07,0.18,44.66000000000001,09:33:44,153.52,100,153.63,200,153.6,300
480,0.28,0.11,0.17,0.0,09:34:00,153.69,100,153.89,100,153.69,358
499,0.38,0.19,0.19,6.22,09:34:06,153.6,100,153.76,100,153.76,100
503,0.44,0.22,0.22,8.04,09:34:08,153.6,100,153.86,100,153.64,100
511,0.48,0.27,0.21,14.19,09:34:14,153.55,200,153.73,400,153.68,100
516,0.42000000000000004,0.2,0.22,22.2,09:34:22,153.56,200,153.92,100,153.731,100
522,0.33,0.07,0.26,24.469999999999995,09:34:24,153.63,100,153.92,100,153.73,100
628,0.45,0.22,0.23,0.0,09:35:00,153.7,100,153.89,500,153.7775,100
657,0.54,0.28,0.26,12.129999999999999,09:35:12,153.72,100,153.92,100,153.82,150
663,0.29000000000000004,0.07,0.22,14.419999999999998,09:35:14,153.74,100,153.92,100,153.852,250
686,0.6200000000000001,0.28,0.34,22.700000000000003,09:35:22,153.75,100,153.92,100,153.835,100
779,3.7600000000000002,3.33,0.43,0.0,09:36:00,154.01,100,154.07,200,154.025,100
828,0.26,0.08,0.18,20.180000000000003,09:36:20,153.98,200,154.19,200,154.09,100
833,0.39,0.16,0.23,22.240000000000006,09:36:22,153.98,200,154.19,100,154.08,100
875,0.42000000000000004,0.08,0.34,0.0,09:37:00,153.99,100,154.19,100,154.1159,125
901,2.69,2.4,0.29,18.139999999999997,09:37:18,154.08,100,154.2,200,154.14,100
902,0.39,0.14,0.25,18.529999999999998,09:37:18,153.93,100,154.17,500,154.045,100
944,0.43,0.08,0.35,37.949999999999996,09:37:37,153.93,100,154.1,200,154.02,157
954,0.47,0.21,0.26,41.829999999999984,09:37:41,154.1,100,154.17,100,154.11,200
959,0.48,0.21,0.27,43.65999999999998,09:37:43,153.95,100,154.16,200,154.1,100
1039,0.49,0.07,0.42,24.03,09:38:24,154.0,200,154.15,100,154.075,100
1075,0.30000000000000004,0.07,0.23,39.77999999999999,09:38:39,154.0,500,154.14,100,154.07,100
1181,0.43,0.18,0.25,15.56,09:39:15,154.1,100,154.17,200,154.1375,100
1262,0.25,0.07,0.18,0.0,09:40:00,153.98,100,154.09,200,153.9801,100
1277,0.46,0.2,0.26,7.97,09:40:07,153.95,100,154.13,500,153.97,100
1329,0.41000000000000003,0.2,0.21,33.349999999999994,09:40:33,153.9,100,153.96,600,153.94,100
1330,0.38,0.19,0.19,33.73,09:40:33,153.9,100,153.96,600,153.93,100
1368,0.32,0.07,0.25,47.80999999999998,09:40:47,153.91,100,153.99,700,153.92,100
1422,0.4,0.21,0.19,0.0,09:41:00,153.75,200,154.0,800,153.855,300
1439,3.9699999999999998,3.65,0.32,11.89,09:41:11,153.74,300,153.96,100,153.96,148
1482,0.45999999999999996,0.24,0.22,26.24000000000001,09:41:26,153.63,500,153.8,100,153.79,100
1487,0.31,0.12,0.19,27.920000000000012,09:41:27,153.64,500,153.8,100,153.72,200
1523,0.47,0.09,0.38,42.17000000000001,09:41:42,153.77,100,153.95,500,153.81,100
1561,0.38,0.08,0.3,0.0,09:42:00,153.72,100,153.94,100,153.825,133
1568,0.38,0.07,0.31,6.08,09:42:06,153.74,300,153.96,100,153.845,100
1622,0.33,0.07,0.26,29.84000000000001,09:42:29,153.79,100,153.96,100,153.865,100
1637,0.4,0.18,0.22,35.910000000000004,09:42:35,153.81,100,153.96,100,153.885,100
1715,0.32,0.08,0.24,19.889999999999997,09:43:19,153.98,100,154.09,100,154.035,100
1892,0.38,0.12,0.26,40.16,09:44:40,153.87,100,153.98,200,153.925,100
1985,0.5700000000000001,0.28,0.29,9.25,09:45:09,153.93,100,154.08,200,153.9675,500
1990,0.34,0.17,0.17,11.040000000000001,09:45:11,153.93,400,154.08,200,153.9301,240
2001,0.5800000000000001,0.27,0.31,15.49,09:45:15,153.95,300,154.08,100,153.9701,500
2036,0.5,0.21,0.29,29.44,09:45:29,153.95,100,154.07,200,154.015,150
2093,0.32,0.07,0.25,0.0,09:46:00,153.91,100,154.0,200,153.91,100
2120,0.46,0.14,0.32,18.470000000000002,09:46:18,154.0,100,154.11,100,154.0475,334
2158,0.32999999999999996,0.09,0.24,32.27,09:46:32,153.99,100,154.15,800,154.06,660
2168,0.45999999999999996,0.21,0.25,36.17000000000001,09:46:36,153.99,300,154.11,100,153.991,500
2233,0.25,0.07,0.18,0.0,09:47:00,154.02,100,154.18,100,154.0525,100
2267,0.36,0.18,0.18,18.11,09:47:18,154.05,100,154.19,100,154.12,100
2309,0.32999999999999996,0.09,0.24,34.39,09:47:34,154.2,200,154.28,100,154.22,100
2315,0.25,0.07,0.18,36.14000000000001,09:47:36,154.2,100,154.34,1100,154.2305,100
2373,0.39,0.2,0.19,0.0,09:48:00,154.24,100,154.33,100,154.285,100
2378,0.44,0.21,0.23,2.0500000000000003,09:48:02,154.24,400,154.33,100,154.3292,100
2397,0.59,0.38,0.21,9.46,09:48:09,154.25,100,154.33,100,154.32,185
2398,0.35000000000000003,0.07,0.28,9.81,09:48:09,154.24,400,154.33,100,154.29,100
2409,0.31,0.08,0.23,15.780000000000003,09:48:15,154.23,200,154.31,200,154.23,500
2414,3.29,3.03,0.26,20.97,09:48:20,154.25,100,154.33,100,154.31,170
2417,0.29000000000000004,0.07,0.22,21.859999999999996,09:48:21,154.25,100,154.33,300,154.25,100
2458,0.34,0.17,0.17,35.73,09:48:35,154.3,200,154.44,500,154.34,100
2485,0.34,0.07,0.27,45.93,09:48:45,154.32,100,154.43,100,154.39,100
2524,0.51,0.2,0.31,0.0,09:49:00,154.34,100,154.43,500,154.35,100
2543,2.41,1.99,0.42,11.760000000000002,09:49:11,154.32,200,154.43,200,154.37,100
2554,0.4,0.21,0.19,21.66,09:49:21,154.34,100,154.42,100,154.41,100
2586,0.54,0.24,0.3,35.779999999999994,09:49:35,154.32,100,154.42,100,154.33,100
2649,0.45999999999999996,0.22,0.24,0.0,09:50:00,154.32,500,154.47,100,154.4,100
2684,0.37,0.17,0.2,22.240000000000002,09:50:22,154.33,100,154.4,100,154.3999,200
2932,1.1,0.85,0.25,2.47,09:52:02,154.39,300,154.46,500,154.42,100
2941,3.5,3.25,0.25,10.5,09:52:10,154.44,100,154.5,100,154.48,100
2953,0.25,0.07,0.18,15.7,09:52:15,154.4,200,154.48,100,154.44,100
3014,0.5,0.18,0.32,35.970000000000006,09:52:35,154.43,100,154.5,300,154.43,100
3085,0.29000000000000004,0.09,0.2,0.0,09:53:00,154.44,200,154.5,300,154.47,100
3111,0.29000000000000004,0.09,0.2,15.86,09:53:15,154.45,200,154.52,100,154.5,119
3165,0.26,0.08,0.18,33.72999999999999,09:53:33,154.47,300,154.56,100,154.53,100
3201,0.36,0.2,0.16,45.88999999999996,09:53:45,154.47,200,154.55,100,154.545,100
3214,0.24000000000000002,0.07,0.17,49.78999999999997,09:53:49,154.47,200,154.56,200,154.54,200
3237,2.25,2.07,0.18,0.0,09:54:00,154.47,300,154.56,200,154.475,100
3317,0.39,0.21,0.18,36.690000000000005,09:54:36,154.47,300,154.56,400,154.4925,100
3342,0.33,0.17,0.16,44.57000000000002,09:54:44,154.48,100,154.56,400,154.55,100
3360,0.41000000000000003,0.21,0.2,50.61000000000003,09:54:50,154.51,400,154.56,300,154.56,100
3392,0.29,0.08,0.21,7.65,09:55:07,154.55,300,154.63,100,154.59,100
3469,0.52,0.24,0.28,39.85000000000001,09:55:39,154.5,200,154.59,100,154.555,100
3526,2.38,2.05,0.33,0.0,09:56:00,154.51,100,154.59,200,154.51,100
3572,0.4,0.07,0.33,22.059999999999995,09:56:22,154.5,200,154.55,100,154.52,100
3581,0.48000000000000004,0.2,0.28,26.159999999999997,09:56:26,154.5,200,154.54,500,154.5322,100
3677,1.35,1.06,0.29,8.18,09:57:08,154.46,100,154.49,200,154.4736,275
3708,0.26,0.08,0.18,21.219999999999995,09:57:21,154.44,100,154.47,100,154.45,100
3718,0.37,0.17,0.2,25.359999999999992,09:57:25,154.44,100,154.47,100,154.455,100
3795,0.33999999999999997,0.12,0.22,0.0,09:58:00,154.42,200,154.45,300,154.435,100
3807,0.37,0.18,0.19,3.9699999999999998,09:58:03,154.45,100,154.48,300,154.465,100
3812,0.26,0.07,0.19,8.059999999999999,09:58:08,154.45,100,154.49,100,154.46,100
4003,0.54,0.24,0.3,30.139999999999993,09:59:30,154.24,100,154.34,300,154.27,150
4045,0.4,0.19,0.21,44.150000000000006,09:59:44,154.27,200,154.34,300,154.305,100
4094,0.32,0.07,0.25,0.0,10:00:00,154.28,100,154.38,100,154.335,100
4099,0.39,0.07,0.32,2.0100000000000002,10:00:02,154.28,200,154.38,100,154.3325,100
4159,0.5,0.24,0.26,36.15999999999999,10:00:36,154.27,200,154.34,200,154.30100000000002,350
4179,0.56,0.25,0.31,44.36999999999998,10:00:44,154.29,100,154.36,100,154.36,100
4190,0.54,0.08,0.46,50.549999999999976,10:00:50,154.3,100,154.39,400,154.38,100
4245,0.29000000000000004,0.07,0.22,17.759999999999998,10:01:17,154.28,100,154.37,300,154.325,140
4250,0.29000000000000004,0.07,0.22,19.519999999999996,10:01:19,154.14,500,154.25,300,154.28,100
4286,0.3,0.12,0.18,31.57,10:01:31,154.18,300,154.25,300,154.24,140
4337,0.36,0.19,0.17,47.68000000000003,10:01:47,154.26,200,154.34,300,154.3,100
4360,0.26,0.08,0.18,1.9700000000000002,10:02:01,154.26,200,154.32,200,154.295,100
4421,0.27,0.07,0.2,34.07,10:02:34,154.29,200,154.4,200,154.345,700
4478,0.34,0.08,0.26,54.06000000000003,10:02:54,154.31,100,154.4,100,154.355,100
4608,0.24000000000000002,0.07,0.17,37.790000000000006,10:03:37,154.34,400,154.45,300,154.395,100
4671,1.4,1.13,0.27,0.0,10:04:00,154.37,400,154.44,200,154.405,658
4748,0.44,0.21,0.23,36.34,10:04:36,154.42,300,154.49,200,154.4642,700
4769,0.5,0.28,0.22,44.480000000000004,10:04:44,154.42,300,154.49,200,154.49,100
4952,2.39,2.14,0.25,18.880000000000003,10:06:18,154.43,100,154.47,200,154.4556,500
4956,0.25,0.08,0.17,22.000000000000004,10:06:22,154.4,100,154.47,200,154.445,100
5026,0.28,0.08,0.2,46.050000000000026,10:06:46,154.4,200,154.45,200,154.425,100
5084,1.94,1.74,0.2,0.0,10:07:00,154.31,100,154.4,100,154.341,120
5273,0.34,0.07,0.27,24.1,10:08:24,154.17,100,154.21,100,154.2201,200
5278,0.36000000000000004,0.08,0.28,26.26,10:08:26,154.19,200,154.22,100,154.21,100
5326,0.33,0.08,0.25,44.09000000000001,10:08:44,154.12,200,154.19,300,154.17,100
5332,0.27,0.09,0.18,45.97000000000002,10:08:45,154.12,200,154.19,200,154.1447,300
5462,168.17,168.0,0.17,0.0,10:12:00,154.2,200,154.26,200,154.26,100
5578,3.92,3.66,0.26,21.29,10:13:21,154.3,300,154.37,200,154.3475,100
5769,0.26,0.07,0.19,33.23000000000001,10:14:33,154.31,200,154.4,200,154.375,200
5863,1.73,1.47,0.26,6.800000000000001,10:15:06,154.31,200,154.4,100,154.3775,200
5890,0.29,0.08,0.21,21.96,10:15:21,154.29,100,154.38,100,154.3575,100
6323,0.42,0.21,0.21,2.3400000000000003,10:19:02,154.23,200,154.29,100,154.2499,120
6346,0.28,0.07,0.21,10.51,10:19:10,154.18,400,154.22,100,154.19,100
6440,4.45,4.13,0.32,9.14,10:20:09,154.24,100,154.32,100,154.2784,100
6637,2.21,1.94,0.27,11.39,10:22:11,154.28,200,154.36,200,154.3161,202
6728,0.77,0.23,0.54,0.0,10:23:00,154.15,100,154.2,200,154.15,110
6732,2.2,1.76,0.44,3.99,10:23:03,154.15,100,154.19,100,154.1732,104
6844,0.28,0.07,0.21,0.0,10:24:00,154.2,300,154.28,400,154.2,100
6888,0.34,0.08,0.26,28.23,10:24:28,154.24,400,154.28,200,154.2672,259
6983,2.51,2.09,0.42,7.64,10:25:07,154.19,100,154.27,300,154.2339,150
7065,0.55,0.21,0.34,44.77999999999997,10:25:44,154.15,200,154.22,500,154.18,100
7162,0.44,0.08,0.36,46.03999999999999,10:26:46,154.24,400,154.27,100,154.255,100
7620,0.43,0.21,0.22,16.42,10:30:16,154.32,300,154.39,200,154.3725,100
7685,0.49,0.24,0.25,40.58000000000002,10:30:40,154.2,100,154.28,100,154.235,100
7739,0.39,0.18,0.21,8.97,10:31:08,154.15,200,154.22,200,154.185,100
7856,0.27,0.07,0.2,20.61000000000001,10:33:20,154.27,100,154.3,200,154.2925,100
8022,0.42000000000000004,0.19,0.23,36.360000000000014,10:34:36,154.34,200,154.39,300,154.3544,200
8031,0.47,0.18,0.29,40.040000000000006,10:34:40,154.34,200,154.39,300,154.365,100
8207,0.62,0.09,0.53,38.249999999999986,10:36:38,154.36,100,154.39,200,154.3755,100
8458,0.76,0.14,0.62,27.380000000000003,10:39:27,154.22,200,154.29,400,154.225,100
8541,0.5900000000000001,0.14,0.45,45.700000000000024,10:40:45,154.29,300,154.32,400,154.2988,307
8643,0.5900000000000001,0.2,0.39,47.99000000000001,10:41:47,154.2,100,154.27,300,154.205,100
8749,0.63,0.08,0.55,0.0,10:43:00,154.06,100,154.11,200,154.085,100
8781,0.6300000000000001,0.07,0.56,24.22,10:43:24,154.11,100,154.14,100,154.13,100
8789,0.8099999999999999,0.21,0.6,30.59,10:43:30,154.11,100,154.14,100,154.125,100
8874,0.6100000000000001,0.07,0.54,24.0,10:44:24,154.0,100,154.05,200,154.03,100
9019,0.61,0.21,0.4,0.0,10:46:00,154.03,100,154.08,400,154.0535,300
9051,0.6200000000000001,0.07,0.55,22.24,10:46:22,153.98,100,154.03,100,153.99,100
9089,0.5800000000000001,0.07,0.51,48.21000000000001,10:46:48,153.92,100,154.0,200,153.939,138
9188,0.59,0.08,0.51,0.0,10:48:00,154.03,100,154.07,300,154.04,100
9335,0.7699999999999999,0.08,0.69,3.76,10:49:03,153.98,100,154.02,200,153.985,100
9384,0.5800000000000001,0.07,0.51,1.8,10:50:01,153.96,100,154.0,100,153.9795,200
9456,0.44,0.07,0.37,46.16999999999998,10:50:46,153.85,100,153.92,100,153.87,100
9480,1.78,1.32,0.46,3.1900000000000004,10:51:03,153.79,100,153.86,100,153.8,100
9481,0.6,0.21,0.39,3.7900000000000005,10:51:03,153.76,200,153.84,300,153.78,100
9526,0.79,0.17,0.62,32.309999999999995,10:51:32,153.76,1000,153.83,200,153.795,600
9611,1.59,1.08,0.51,53.98000000000004,10:52:53,153.76,1000,153.82,100,153.8045,500
9628,0.44,0.14,0.3,3.8299999999999996,10:53:03,153.83,200,153.87,200,153.86,100
9772,0.7799999999999999,0.09,0.69,11.029999999999998,10:56:11,153.84,200,153.87,300,153.8506,100
10093,0.77,0.17,0.6,0.77,11:00:00,153.73,200,153.77,100,153.75,100
10195,0.44,0.11,0.33,18.240000000000002,11:01:18,153.75,200,153.8,200,153.7817,500
10217,0.61,0.31,0.3,30.190000000000005,11:01:30,153.74,200,153.79,100,153.755,100
10232,0.57,0.08,0.49,38.410000000000004,11:01:38,153.74,200,153.79,100,153.7899,514
10236,0.58,0.08,0.5,40.61,11:01:40,153.74,200,153.79,200,153.765,100
10256,135.06,134.46,0.6,0.0,11:04:00,153.57,100,153.64,200,153.5875,100
10264,0.6000000000000001,0.14,0.46,6.33,11:04:06,153.57,100,153.64,300,153.57,100
10296,0.6000000000000001,0.14,0.46,28.11,11:04:28,153.55,200,153.63,100,153.55,160
10306,0.59,0.09,0.5,34.330000000000005,11:04:34,153.56,200,153.63,500,153.56,100
10312,0.63,0.14,0.49,38.330000000000005,11:04:38,153.56,200,153.62,100,153.62,100
10318,0.77,0.23,0.54,42.48000000000002,11:04:42,153.53,100,153.55,200,153.54,100
10323,0.6200000000000001,0.07,0.55,0.0,11:05:00,153.52,100,153.53,100,153.53,100
10324,0.59,0.08,0.51,0.59,11:05:00,153.48,100,153.5,200,153.5,100
10326,0.81,0.26,0.55,2.17,11:05:02,153.47,100,153.5,300,153.48,100
10329,0.7999999999999999,0.08,0.72,4.39,11:05:04,153.47,200,153.5,300,153.485,100
10334,0.8099999999999999,0.23,0.58,8.19,11:05:08,153.47,300,153.51,200,153.49,100
10340,1.56,0.89,0.67,15.149999999999999,11:05:15,153.44,100,153.5,100,153.47,100
10403,0.5700000000000001,0.07,0.5,54.220000000000006,11:05:54,153.46,200,153.49,300,153.461,814
10420,3.67,3.37,0.3,6.63,11:06:06,153.5,200,153.56,300,153.52,100
10481,0.43,0.07,0.36,45.79999999999999,11:06:45,153.5,400,153.55,200,153.5232,100
10620,0.58,0.08,0.5,13.809999999999999,11:08:13,153.45,100,153.5,100,153.475,100
10688,0.43,0.07,0.36,0.0,11:09:00,153.45,200,153.48,200,153.46,100
10728,0.61,0.21,0.4,26.590000000000007,11:09:26,153.46,300,153.48,200,153.4699,100
10734,0.5700000000000001,0.14,0.43,30.160000000000004,11:09:30,153.46,300,153.48,200,153.4738,250
10738,0.5700000000000001,0.07,0.5,32.370000000000005,11:09:32,153.44,400,153.48,300,153.45,100
10744,1.18,0.74,0.44,36.17000000000001,11:09:36,153.41,100,153.44,100,153.44,100
10748,0.56,0.06,0.5,38.16000000000001,11:09:38,153.41,300,153.44,200,153.41,100
10752,0.5599999999999999,0.21,0.35,40.18000000000001,11:09:40,153.39,100,153.44,300,153.39,100
10760,0.5700000000000001,0.07,0.5,44.55000000000001,11:09:44,153.34,400,153.41,200,153.3575,100
10770,0.57,0.08,0.49,50.13000000000001,11:09:50,153.34,100,153.41,300,153.3515,166
10785,0.58,0.08,0.5,0.0,11:10:00,153.33,100,153.4,400,153.33,100
10799,3.01,2.46,0.55,13.42,11:10:13,153.33,100,153.37,300,153.34,100
10830,0.64,0.18,0.46,31.65,11:10:31,153.3,300,153.36,100,153.32,100
10843,0.64,0.2,0.44,40.23000000000001,11:10:40,153.31,100,153.37,300,153.35,100
10855,0.59,0.17,0.42,47.590000000000025,11:10:47,153.34,100,153.39,200,153.38,100
10862,0.61,0.18,0.43,51.77000000000003,11:10:51,153.3,700,153.38,100,153.31,100
10881,3.19,2.73,0.46,0.0,11:11:00,153.29,100,153.34,100,153.3,100
10882,0.43,0.07,0.36,0.43,11:11:00,153.29,200,153.35,200,153.3136,100
10886,0.58,0.08,0.5,2.6,11:11:02,153.29,300,153.35,500,153.29,100
10946,0.64,0.08,0.56,42.86000000000001,11:11:42,153.33,200,153.36,100,153.36,100
10967,0.44,0.14,0.3,0.0,11:12:00,153.36,200,153.38,100,153.37,100
10971,0.44,0.07,0.37,5.79,11:12:05,153.39,200,153.43,300,153.4,100
11017,0.61,0.08,0.53,42.00000000000001,11:12:42,153.39,200,153.43,200,153.43,100
11047,0.76,0.07,0.69,1.97,11:13:01,153.35,100,153.43,300,153.3939,100
11053,0.62,0.08,0.54,5.99,11:13:05,153.35,200,153.43,300,153.358,100
11189,0.6,0.24,0.36,0.0,11:14:00,153.4,100,153.44,300,153.415,100
11201,108.41,107.97,0.44,0.0,11:16:00,153.47,200,153.52,200,153.495,100
11251,0.5800000000000001,0.18,0.4,15.21,11:17:15,153.49,200,153.52,100,153.505,100
11338,0.44,0.08,0.36,5.840000000000001,11:18:05,153.52,100,153.54,100,153.5175,100
11340,2.6199999999999997,2.32,0.3,10.23,11:18:10,153.52,300,153.55,100,153.535,100
11376,0.78,0.17,0.61,37.81,11:18:37,153.52,200,153.56,200,153.5374,100
11391,0.62,0.08,0.54,47.99000000000001,11:18:47,153.49,100,153.53,200,153.51,100
11433,0.77,0.07,0.7,0.0,11:19:00,153.47,100,153.53,200,153.4734,125
11502,0.78,0.26,0.52,2.16,11:20:02,153.47,600,153.52,100,153.4974,100
11666,0.62,0.18,0.44,0.0,11:22:00,153.42,500,153.49,600,153.42,100
11690,0.5900000000000001,0.07,0.52,18.01,11:22:18,153.42,700,153.49,500,153.4507,100
11711,0.43,0.07,0.36,29.810000000000002,11:22:29,153.42,300,153.49,500,153.455,100
11901,0.76,0.33,0.43,0.0,11:25:00,153.51,200,153.52,400,153.515,100
11934,0.96,0.18,0.78,28.2,11:25:28,153.51,200,153.53,100,153.525,100
12081,0.5900000000000001,0.07,0.52,12.440000000000001,11:29:12,153.44,500,153.49,200,153.465,100
12307,0.43,0.12,0.31,23.849999999999994,11:32:23,153.51,200,153.53,200,153.5148,572
12480,0.59,0.08,0.51,2.9899999999999998,11:34:02,153.42,200,153.44,200,153.421,100
12568,0.56,0.07,0.49,1.1300000000000001,11:36:01,153.42,200,153.45,200,153.4296,127
12605,0.83,0.21,0.62,21.8,11:36:21,153.42,300,153.45,200,153.4302,645
12626,1.8199999999999998,1.2,0.62,8.39,11:37:08,153.43,100,153.45,200,153.431,190
12655,0.58,0.22,0.36,26.159999999999997,11:37:26,153.42,200,153.44,100,153.435,100
12723,3.8,3.23,0.57,0.0,11:38:00,153.34,100,153.39,200,153.365,646
12769,0.59,0.08,0.51,29.2,11:38:29,153.28,100,153.31,100,153.2803,750
12780,118.2,117.59,0.61,0.0,11:40:00,153.26,900,153.3,800,153.28,100
12799,3.9899999999999998,3.4,0.59,0.0,11:41:00,153.26,900,153.3,800,153.26,100
12811,0.6,0.08,0.52,8.989999999999998,11:41:08,153.26,900,153.3,800,153.2732,200
12822,0.6200000000000001,0.07,0.55,17.21,11:41:17,153.26,1000,153.3,800,153.27,100
12890,2.3,2.0,0.3,0.0,11:42:00,153.24,100,153.28,200,153.265,100
12901,0.95,0.74,0.21,4.77,11:42:04,153.24,100,153.28,200,153.24,100
12909,3.11,2.79,0.32,10.99,11:42:10,153.24,300,153.29,100,153.25,100
13066,0.28,0.07,0.21,23.89,11:43:23,153.24,300,153.28,200,153.255,100
13113,0.32,0.07,0.25,42.16000000000002,11:43:42,153.21,100,153.25,200,153.23,100
13118,0.4,0.18,0.22,44.03000000000002,11:43:44,153.22,100,153.25,200,153.235,300
13123,0.33,0.13,0.2,46.010000000000026,11:43:46,153.18,100,153.23,200,153.19,100
13127,0.5,0.3,0.2,47.580000000000034,11:43:47,153.18,100,153.23,200,153.181,100
13129,0.29000000000000004,0.1,0.19,48.150000000000034,11:43:48,153.15,100,153.2,200,153.18,100
13142,84.78,84.59,0.19,0.0,11:45:00,153.14,500,153.17,100,153.16,100
13150,0.24000000000000002,0.07,0.17,2.82,11:45:02,153.16,100,153.18,100,153.17,100
13157,0.24000000000000002,0.07,0.17,4.840000000000001,11:45:04,153.19,200,153.21,200,153.2,100
13176,0.34,0.17,0.17,10.840000000000002,11:45:10,153.2,200,153.22,200,153.21,100
13183,0.25,0.08,0.17,12.950000000000003,11:45:12,153.2,200,153.22,200,153.22,100
13415,0.31,0.07,0.24,58.25000000000002,11:46:58,153.19,500,153.24,100,153.215,100
13461,2.77,2.55,0.22,13.809999999999997,11:47:13,153.15,200,153.22,100,153.185,100
13468,0.26,0.08,0.18,15.929999999999996,11:47:15,153.13,200,153.18,100,153.15,100
13474,0.27,0.07,0.2,18.099999999999998,11:47:18,153.13,100,153.19,100,153.1626,250
13480,0.29000000000000004,0.07,0.22,19.939999999999994,11:47:19,153.11,100,153.19,100,153.13,100
13512,0.32,0.13,0.19,29.89,11:47:29,153.12,1000,153.15,400,153.135,100
13606,2.17,1.92,0.25,17.41,11:48:17,153.16,100,153.21,100,153.195,104
13616,0.23,0.07,0.16,21.839999999999996,11:48:21,153.16,100,153.23,300,153.1925,100
13970,0.33,0.17,0.16,34.02,11:50:34,153.15,100,153.2,100,153.1999,445
14181,0.55,0.23,0.32,57.89000000000003,11:51:57,153.2,400,153.25,500,153.225,300
14499,0.26,0.07,0.19,0.0,11:54:00,153.23,300,153.28,100,153.2475,100
14504,4.07,3.9,0.17,5.41,11:54:05,153.24,300,153.28,100,153.2586,600
14716,0.38,0.12,0.26,25.900000000000013,11:55:25,153.23,200,153.26,300,153.245,100
14820,1.25,1.05,0.2,12.659999999999998,11:56:12,153.23,100,153.29,100,153.2606,100
15088,0.29000000000000004,0.07,0.22,45.309999999999995,11:57:45,153.19,100,153.23,100,153.205,100
15117,3.58,3.32,0.26,0.0,11:58:00,153.19,100,153.24,200,153.2399,100
15348,0.26,0.07,0.19,41.739999999999995,11:59:41,153.22,300,153.28,100,153.2363,165
15414,0.27,0.08,0.19,5.880000000000001,12:00:05,153.24,100,153.3,200,153.2471,300
15686,0.24000000000000002,0.07,0.17,48.79999999999999,12:01:48,153.21,100,153.25,700,153.2244,106
16290,0.37,0.19,0.18,46.160000000000004,12:05:46,153.2,100,153.26,200,153.221,100
16338,0.26,0.07,0.19,2.06,12:06:02,153.21,300,153.26,100,153.211,100
16515,0.24000000000000002,0.07,0.17,4.470000000000001,12:07:04,153.2,100,153.24,200,153.2224,100
17132,0.41000000000000003,0.23,0.18,4.08,12:11:04,153.16,200,153.18,200,153.1668,700
17169,1.31,1.1,0.21,20.63,12:11:20,153.13,200,153.17,200,153.14,100
17219,0.31000000000000005,0.14,0.17,35.96,12:11:35,153.13,200,153.17,200,153.142,300
17259,0.28,0.12,0.16,48.190000000000005,12:11:48,153.15,100,153.18,100,153.165,100
17532,0.35,0.18,0.17,38.0,12:13:38,153.16,200,153.19,200,153.175,100
17635,0.31,0.13,0.18,15.860000000000001,12:14:15,153.15,100,153.19,300,153.1781,100
17763,1.74,1.51,0.23,7.77,12:15:07,153.15,200,153.19,400,153.1636,500
17856,0.32,0.13,0.19,44.16000000000002,12:15:44,153.1,200,153.15,300,153.1226,197
17926,0.31000000000000005,0.14,0.17,0.0,12:16:00,153.1,100,153.14,300,153.1,100
17972,0.27,0.07,0.2,21.830000000000013,12:16:21,153.06,100,153.1,100,153.06,100
18094,0.23,0.07,0.16,12.22,12:17:12,153.06,300,153.1,300,153.07,100
18150,0.30000000000000004,0.13,0.17,30.229999999999993,12:17:30,153.1,200,153.14,100,153.11,100
18157,0.33999999999999997,0.18,0.16,32.39,12:17:32,153.1,300,153.15,400,153.12,100
18170,0.38,0.22,0.16,36.529999999999994,12:17:36,153.1,300,153.15,100,153.1207,500
18228,0.37,0.21,0.16,0.0,12:18:00,153.1,300,153.15,100,153.1187,103
18256,0.25,0.09,0.16,15.780000000000003,12:18:15,153.13,100,153.16,200,153.155,100
18384,0.24,0.08,0.16,0.0,12:19:00,153.06,300,153.13,100,153.1069,200
18423,0.24000000000000002,0.07,0.17,21.849999999999998,12:19:21,153.06,300,153.13,100,153.123,100
18479,0.24000000000000002,0.07,0.17,38.01000000000001,12:19:38,153.08,300,153.13,200,153.105,112
18542,0.42000000000000004,0.26,0.16,58.180000000000035,12:19:58,153.1,400,153.13,200,153.115,100
18712,0.31000000000000005,0.14,0.17,1.9200000000000002,12:21:01,153.14,500,153.18,100,153.1401,120
18832,0.38,0.21,0.17,52.25,12:21:52,153.15,200,153.17,300,153.151,100
18969,0.27,0.08,0.19,48.96,12:22:48,153.14,100,153.19,200,153.1608,129
19264,0.69,0.25,0.44,42.079999999999984,12:24:42,153.16,200,153.19,100,153.1825,100
19649,0.31000000000000005,0.14,0.17,37.8,12:27:37,153.24,100,153.27,500,153.2625,200
19661,0.44000000000000006,0.28,0.16,41.67999999999999,12:27:41,153.24,200,153.27,500,153.2532,478
19820,0.27,0.07,0.2,35.860000000000014,12:28:35,153.2,200,153.27,500,153.2699,120
20058,1.21,0.99,0.22,1.21,12:30:01,153.24,300,153.27,100,153.2401,140
20368,0.35,0.18,0.17,18.759999999999998,12:32:18,153.18,100,153.22,100,153.2081,1000
20677,0.26,0.08,0.18,21.830000000000002,12:34:21,153.23,100,153.28,200,153.2374,500
20689,0.30000000000000004,0.13,0.17,25.790000000000003,12:34:25,153.23,100,153.28,200,153.2425,1000
20872,0.25,0.08,0.17,15.020000000000003,12:35:15,153.26,1100,153.29,500,153.2831,653
20958,0.29000000000000004,0.12,0.17,42.01999999999999,12:35:42,153.25,1100,153.28,100,153.2721,118
20961,0.33999999999999997,0.18,0.16,0.0,12:36:00,153.25,1100,153.28,100,153.2725,100
20986,0.28,0.08,0.2,20.09,12:36:20,153.17,300,153.24,100,153.2185,153
21169,0.31000000000000005,0.14,0.17,17.94,12:37:17,153.1,300,153.15,100,153.125,300
21258,0.28,0.08,0.2,49.82000000000002,12:37:49,153.18,200,153.24,100,153.2152,100
21366,0.46,0.27,0.19,23.67000000000001,12:38:23,153.22,500,153.26,100,153.2385,100
22122,0.29,0.08,0.21,30.760000000000012,12:46:30,153.21,200,153.24,100,153.2325,100
22147,0.4,0.2,0.2,38.80000000000004,12:46:38,153.21,200,153.25,200,153.2141,132
22889,0.36,0.18,0.18,26.18,12:51:26,153.23,200,153.27,100,153.2506,200
23405,0.27,0.08,0.19,5.98,12:55:05,153.25,600,153.27,100,153.2686,100
23456,0.26,0.09,0.17,32.06,12:55:32,153.26,300,153.28,1300,153.261,100
23718,3.7,3.41,0.29,0.0,12:57:00,153.25,200,153.28,1600,153.2616,101
24128,4.420000000000001,4.19,0.23,6.500000000000001,13:01:06,153.25,400,153.26,200,153.257,200
24459,3.23,3.06,0.17,5.32,13:03:05,153.24,200,153.26,200,153.241,100
24942,3.78,3.59,0.19,12.5,13:09:12,153.34,200,153.35,300,153.345,100
25004,0.28,0.11,0.17,33.96000000000001,13:09:33,153.33,100,153.36,600,153.3475,100
25093,2.8200000000000003,2.54,0.28,20.410000000000004,13:10:20,153.39,200,153.43,100,153.3901,200
25098,0.31,0.07,0.24,22.14,13:10:22,153.39,300,153.41,200,153.391,108
25193,0.38,0.19,0.19,53.96,13:10:53,153.38,100,153.41,200,153.439,100
25290,0.41000000000000003,0.07,0.34,40.129999999999995,13:11:40,153.39,100,153.41,200,153.405,100
25558,3.7600000000000002,3.33,0.43,13.349999999999998,13:14:13,153.34,200,153.36,500,153.3499,100
25820,0.64,0.23,0.41,18.99,13:17:18,153.33,200,153.36,400,153.3453,100
25878,0.6100000000000001,0.07,0.54,49.96000000000001,13:17:49,153.36,500,153.41,100,153.385,100
26342,0.6000000000000001,0.2,0.4,52.08000000000002,13:22:52,153.38,100,153.4,200,153.381,150
26406,0.77,0.18,0.59,5.800000000000001,13:23:05,153.38,400,153.41,600,153.3975,100
26580,1.01,0.08,0.93,21.79,13:26:21,153.38,200,153.41,500,153.3936,200
26699,1.4100000000000001,0.07,1.34,1.4100000000000001,13:29:01,153.38,200,153.41,200,153.3963,265
26739,1.37,0.08,1.29,6.160000000000001,13:30:06,153.41,200,153.43,700,153.4102,100
26818,1.02,0.09,0.93,26.0,13:31:26,153.39,400,153.41,400,153.39700000000002,470
26883,1.57,0.24,1.33,0.0,13:33:00,153.39,300,153.41,500,153.403,100
26909,1.43,0.17,1.26,34.620000000000005,13:33:34,153.39,300,153.41,500,153.3985,350
26912,1.2200000000000002,0.14,1.08,0.0,13:34:00,153.4,300,153.41,500,153.4066,163
26990,1.42,0.22,1.2,23.009999999999998,13:35:23,153.37,100,153.39,100,153.372,425
27012,1.1800000000000002,0.1,1.08,9.57,13:36:09,153.37,300,153.42,400,153.387,500
27093,1.03,0.07,0.96,0.0,13:37:00,153.38,400,153.41,100,153.3899,100
27124,1.3800000000000001,0.07,1.31,24.789999999999996,13:38:24,153.37,300,153.38,200,153.375,100
27267,1.03,0.08,0.95,16.77,13:42:16,153.39,300,153.41,300,153.4025,100
27328,0.98,0.18,0.8,19.799999999999997,13:43:19,153.38,200,153.41,300,153.395,100
27388,1.01,0.07,0.94,24.020000000000007,13:44:24,153.39,200,153.41,300,153.4013,500
27443,0.99,0.23,0.76,0.0,13:45:00,153.38,200,153.39,200,153.3875,100
27522,1.23,0.19,1.04,29.409999999999997,13:47:29,153.41,500,153.42,500,153.4146,200
27656,0.8300000000000001,0.18,0.65,31.39999999999999,13:49:31,153.37,300,153.41,700,153.393,325
27669,1.23,0.08,1.15,13.830000000000002,13:50:13,153.37,300,153.41,700,153.3885,350
27683,0.98,0.24,0.74,29.819999999999997,13:50:29,153.36,200,153.4,200,153.374,135
27714,1.3699999999999999,0.23,1.14,5.39,13:51:05,153.31,100,153.35,100,153.3368,253
27716,1.23,0.29,0.94,8.01,13:51:08,153.31,100,153.35,100,153.335,229
27721,1.2000000000000002,0.27,0.93,13.979999999999997,13:51:13,153.3,200,153.36,200,153.3107,500
27726,1.41,0.24,1.17,23.569999999999997,13:51:23,153.3,200,153.35,100,153.3146,129
27735,1.21,0.07,1.14,34.58,13:51:34,153.3,200,153.35,100,153.325,600
27741,1.18,0.23,0.95,41.39,13:51:41,153.3,200,153.36,200,153.35299999999998,154
27887,0.9700000000000001,0.16,0.81,0.0,13:54:00,153.37,100,153.39,100,153.3725,100
27962,1.2,0.07,1.13,40.42,13:55:40,153.39,200,153.42,400,153.4075,100
27984,1.0,0.07,0.93,0.0,13:56:00,153.34,200,153.39,100,153.3429,1400
28028,0.98,0.34,0.64,0.0,13:57:00,153.31,100,153.39,200,153.3401,299
28083,3.0,2.35,0.65,0.0,13:58:00,153.31,400,153.34,100,153.3248,400
28102,1.18,0.31,0.87,29.169999999999998,13:58:29,153.29,200,153.31,100,153.3125,100
28122,1.18,0.18,1.0,53.73000000000001,13:58:53,153.28,300,153.3,300,153.285,110
28144,1.39,0.18,1.21,17.389999999999997,13:59:17,153.22,200,153.26,100,153.244,170
28223,1.36,0.08,1.28,40.78,14:00:40,153.29,300,153.3,100,153.295,100
28251,1.19,0.23,0.96,32.39,14:01:32,153.29,100,153.31,100,153.303,500
28268,1.2,0.23,0.97,52.170000000000016,14:01:52,153.3,100,153.31,200,153.3008,2400
28295,0.98,0.08,0.9,21.560000000000002,14:02:21,153.31,300,153.35,100,153.3132,3340
28501,1.42,0.14,1.28,31.21999999999999,14:06:31,153.37,200,153.4,200,153.3925,100
28632,0.8300000000000001,0.18,0.65,5.62,14:09:05,153.35,200,153.38,200,153.351,160
28737,0.81,0.07,0.74,29.43,14:11:29,153.43,100,153.45,200,153.423,100
28799,0.8200000000000001,0.07,0.75,32.209999999999994,14:12:32,153.42,100,153.43,100,153.425,100
28918,0.82,0.08,0.74,0.0,14:14:00,153.55,300,153.58,200,153.565,100
28930,1.17,0.24,0.93,12.37,14:14:12,153.57,400,153.6,200,153.5808,300
28936,0.8200000000000001,0.07,0.75,18.389999999999997,14:14:18,153.58,200,153.6,200,153.58,100
29006,4.6,3.42,1.18,0.0,14:16:00,153.54,200,153.6,100,153.59,100
29023,1.2,0.07,1.13,18.830000000000002,14:16:18,153.55,100,153.6,300,153.5965,800
29032,1.39,0.18,1.21,30.410000000000004,14:16:30,153.55,100,153.6,400,153.575,165
29053,1.01,0.17,0.84,13.819999999999999,14:17:13,153.5,400,153.55,200,153.501,200
29850,0.43,0.07,0.36,13.17,14:27:13,153.43,400,153.46,300,153.445,100
30205,0.59,0.08,0.51,11.779999999999998,14:31:11,153.49,100,153.52,400,153.52200000000002,100
30351,0.77,0.07,0.7,46.180000000000014,14:32:46,153.5,200,153.52,100,153.5199,200
30624,0.62,0.19,0.43,13.41,14:38:13,153.54,400,153.56,200,153.555,100
30715,0.5900000000000001,0.13,0.46,3.92,14:39:03,153.55,900,153.58,100,153.5725,300
30900,0.78,0.15,0.63,20.169999999999995,14:41:20,153.54,500,153.57,100,153.5625,100
31068,0.43000000000000005,0.09,0.34,33.83,14:43:33,153.56,300,153.59,300,153.58700000000002,300
31189,0.6,0.08,0.52,0.0,14:45:00,153.6,400,153.65,100,153.623,164
31191,1.2,0.41,0.79,1.97,14:45:01,153.6,400,153.64,100,153.63,100
31219,0.7799999999999999,0.09,0.69,23.770000000000003,14:45:23,153.57,200,153.62,400,153.5926,193
31242,0.78,0.2,0.58,42.39000000000001,14:45:42,153.57,300,153.62,400,153.595,100
31264,0.6,0.08,0.52,0.0,14:46:00,153.57,200,153.61,200,153.5938,144
31301,0.81,0.17,0.64,29.970000000000002,14:46:29,153.57,400,153.6,500,153.5925,100
31405,0.5700000000000001,0.2,0.37,20.0,14:47:20,153.59,400,153.62,300,153.605,100
31425,0.44,0.07,0.37,3.04,14:48:03,153.58,100,153.6,300,153.5952,2000
31478,0.59,0.18,0.41,37.05000000000002,14:48:37,153.6,200,153.62,200,153.6118,118
31601,0.44,0.07,0.37,34.79,14:49:34,153.62,100,153.65,400,153.65,100
31627,0.77,0.27,0.5,24.19,14:50:24,153.65,200,153.67,100,153.66,100
31683,0.6100000000000001,0.07,0.54,0.0,14:51:00,153.65,300,153.69,300,153.651,100
31718,0.6,0.24,0.36,32.0,14:51:32,153.64,100,153.68,400,153.67,100
31814,0.61,0.09,0.52,38.45,14:52:38,153.72,200,153.75,100,153.74,393
32056,47.769999999999996,47.23,0.54,0.0,14:56:00,153.73,400,153.76,100,153.7525,100
32088,0.66,0.21,0.45,21.410000000000004,14:56:21,153.73,300,153.78,100,153.7625,100
32094,0.6499999999999999,0.18,0.47,25.630000000000003,14:56:25,153.73,300,153.78,100,153.762,239
32167,0.5900000000000001,0.26,0.33,40.040000000000006,14:57:40,153.78,400,153.83,500,153.805,100
32345,0.5700000000000001,0.07,0.5,30.38000000000001,14:59:30,153.85,600,153.91,300,153.895,100
32389,4.21,3.6,0.61,9.02,15:00:09,153.85,500,153.9,100,153.875,100
32408,0.43999999999999995,0.09,0.35,24.220000000000002,15:00:24,153.89,100,153.94,100,153.915,100
32496,0.79,0.24,0.55,18.96,15:01:18,153.9,400,153.92,400,153.9125,100
32562,3.6500000000000004,3.1,0.55,10.030000000000001,15:02:10,153.9,100,153.93,400,153.9,100
32641,0.74,0.17,0.57,4.74,15:03:04,153.9,200,153.92,500,153.901,100
32755,0.78,0.14,0.64,47.85000000000001,15:04:47,153.91,100,153.92,300,153.9102,750
32772,0.79,0.23,0.56,0.0,15:05:00,153.91,200,153.92,500,153.9175,100
32994,0.78,0.13,0.65,0.0,15:08:00,153.9,500,153.91,200,153.905,100
33167,0.77,0.26,0.51,0.0,15:10:00,153.92,200,153.96,200,153.9498,250
33221,0.6,0.22,0.38,40.22000000000001,15:10:40,153.93,300,153.96,200,153.945,100
33262,3.9800000000000004,3.49,0.49,6.19,15:11:06,153.94,400,153.96,200,153.955,100
33553,0.43,0.08,0.35,31.61000000000001,15:14:31,154.01,300,154.04,100,154.0275,300
33609,2.61,2.0,0.61,7.58,15:15:07,154.03,500,154.08,300,154.055,100
34001,0.6,0.17,0.43,42.01000000000002,15:19:42,154.05,400,154.08,100,154.06799999999998,130
34008,0.5800000000000001,0.07,0.51,46.00000000000002,15:19:46,154.05,400,154.08,100,154.0725,100
34095,0.44,0.07,0.37,34.21,15:20:34,154.03,200,154.05,200,154.043,325
34258,0.5900000000000001,0.26,0.33,38.160000000000025,15:22:38,154.06,200,154.07,400,154.065,100
34412,0.79,0.23,0.56,38.370000000000005,15:24:38,154.1,500,154.14,200,154.128,250
34442,0.5800000000000001,0.27,0.31,58.230000000000004,15:24:58,154.12,300,154.14,200,154.135,100
34528,0.5900000000000001,0.14,0.45,55.95000000000001,15:25:55,154.14,400,154.15,200,154.145,100
34814,0.79,0.18,0.61,12.170000000000002,15:29:12,154.05,300,154.08,200,154.0575,100
34963,0.77,0.2,0.57,25.55,15:31:25,153.96,300,153.97,1800,153.965,200
35046,0.63,0.2,0.43,19.99,15:32:19,153.97,200,153.98,500,153.975,300
35060,0.5700000000000001,0.07,0.5,27.76,15:32:27,153.96,100,153.98,300,153.9775,100
35563,0.81,0.17,0.64,10.19,15:38:10,153.99,400,154.0,200,153.9943,177
35564,1.44,0.89,0.55,11.629999999999999,15:38:11,153.98,200,153.99,400,153.995,100
35716,0.6000000000000001,0.14,0.46,35.20999999999999,15:39:35,154.04,400,154.06,300,154.0492,150
35751,0.7899999999999999,0.09,0.7,26.01,15:40:26,154.04,500,154.05,300,154.0466,150
35910,2.8200000000000003,2.04,0.78,16.58,15:42:16,153.85,600,153.86,500,153.8514,100
35918,0.97,0.34,0.63,24.169999999999998,15:42:24,153.86,300,153.87,400,153.8625,100
35928,0.72,0.07,0.65,31.929999999999996,15:42:31,153.86,300,153.87,500,153.8653,700
35989,0.6100000000000001,0.28,0.33,9.8,15:43:09,153.81,300,153.84,500,153.8399,241
36081,0.43,0.07,0.36,13.409999999999998,15:44:13,153.86,200,153.87,400,153.8637,472
36280,0.62,0.14,0.48,15.590000000000002,15:46:15,153.77,200,153.79,500,153.7838,115
36335,0.6,0.08,0.52,8.040000000000001,15:47:08,153.81,100,153.82,100,153.815,100
36441,0.64,0.23,0.41,25.989999999999995,15:48:25,153.84,600,153.85,300,153.8425,200
36594,0.81,0.07,0.74,6.76,15:50:06,153.77,200,153.81,300,153.8099,700
36782,0.61,0.14,0.47,42.01000000000001,15:52:42,153.85,500,153.88,200,153.851,200
36914,0.61,0.08,0.53,22.040000000000003,15:54:22,153.86,400,153.88,300,153.874,100
37023,0.76,0.09,0.67,40.90999999999999,15:55:40,153.89,500,153.9,1000,153.8901,102
37185,2.19,1.61,0.58,9.8,15:59:09,153.83,1200,153.85,600,153.8301,103
