,Total Delay,Request Delay,Saving Delay,Arrival Time,Time,Bid,Bid Size,Ask,Ask Size,Last Price,Last Size
0,0.6499999999999999,0.3,0.35,0.6499999999999999,09:30:00,88.91,200,89.15,700,88.96,100
12,0.35,0.16,0.19,4.76,09:30:04,88.91,100,89.14,400,88.91,100
51,0.4,0.18,0.22,0.0,09:31:00,88.92,200,89.14,500,89.03,175
69,0.42,0.21,0.21,10.05,09:31:10,88.92,200,89.14,600,88.935,100
138,0.38,0.07,0.31,40.16000000000001,09:31:40,89.0,200,89.14,500,89.0,100
182,0.33,0.07,0.26,56.280000000000015,09:31:56,89.01,200,89.14,500,89.0616,200
187,0.24000000000000002,0.07,0.17,0.0,09:32:00,89.01,100,89.08,100,89.01,100
209,1.96,1.75,0.21,18.56,09:32:18,88.91,100,89.02,200,88.92,100
241,0.26,0.09,0.17,28.159999999999993,09:32:28,88.89,200,88.94,300,88.94,100
264,0.24000000000000002,0.07,0.17,36.26999999999998,09:32:36,88.82,200,88.9,100,88.83,200
343,2.23,1.98,0.25,0.0,09:33:00,88.77,100,88.88,300,88.81,100
370,0.66,0.28,0.38,18.680000000000003,09:33:18,88.73,100,88.78,200,88.73,100
381,0.41000000000000003,0.22,0.19,22.490000000000006,09:33:22,88.75,100,88.82,100,88.76,100
452,0.26,0.07,0.19,46.540000000000006,09:33:46,88.72,100,88.81,200,88.7205,180
486,0.25,0.07,0.18,0.0,09:34:00,88.57,200,88.63,100,88.57,100
492,0.34,0.14,0.2,1.87,09:34:01,88.62,100,88.68,100,88.64,100
508,1.78,1.57,0.21,9.100000000000001,09:34:09,88.61,100,88.68,200,88.67,100
509,2.14,1.95,0.19,11.240000000000002,09:34:11,88.63,100,88.72,100,88.68,100
513,2.17,1.87,0.3,14.470000000000002,09:34:14,88.62,300,88.72,100,88.63,100
546,0.45,0.2,0.25,31.939999999999994,09:34:31,88.55,200,88.6,400,88.56,100
550,0.46,0.26,0.2,33.36,09:34:33,88.55,200,88.6,100,88.6,100
561,0.26,0.08,0.18,37.86999999999999,09:34:37,88.64,100,88.66,200,88.65,100
566,0.33,0.08,0.25,39.94999999999999,09:34:39,88.63,100,88.67,200,88.66,100
623,1.67,1.41,0.26,11.46,09:35:11,88.59,100,88.64,100,88.61,100
653,0.44,0.22,0.22,26.840000000000003,09:35:26,88.61,200,88.67,100,88.645,100
772,0.24000000000000002,0.07,0.17,0.0,09:36:00,88.57,100,88.63,200,88.5729,180
795,0.33,0.1,0.23,14.259999999999998,09:36:14,88.54,600,88.61,200,88.54,100
805,0.65,0.28,0.37,18.419999999999995,09:36:18,88.55,100,88.61,200,88.5762,1000
809,0.42,0.12,0.3,20.149999999999995,09:36:20,88.55,100,88.61,200,88.55,100
850,0.34,0.08,0.26,38.21999999999999,09:36:38,88.51,200,88.56,300,88.5101,100
874,0.45,0.2,0.25,0.0,09:37:00,88.51,300,88.56,100,88.535,100
878,0.5900000000000001,0.07,0.52,2.18,09:37:02,88.59,100,88.62,300,88.59,200
897,1.12,0.75,0.37,12.52,09:37:12,88.56,200,88.61,300,88.58,100
901,2.69,2.4,0.29,18.56,09:37:18,88.52,100,88.58,200,88.53,100
1039,0.49,0.07,0.42,0.0,09:38:00,88.59,100,88.62,200,88.62,100
1108,0.35000000000000003,0.08,0.27,29.740000000000002,09:38:29,88.57,300,88.58,300,88.575,300
1226,0.27,0.08,0.19,39.890000000000015,09:39:39,88.55,100,88.63,200,88.5948,283
1551,0.41000000000000003,0.09,0.32,3.7700000000000005,09:42:03,88.59,100,88.62,100,88.6192,100
1667,0.41000000000000003,0.13,0.28,2.25,09:43:02,88.67,100,88.72,100,88.7,100
1700,0.31,0.1,0.21,17.930000000000003,09:43:17,88.68,100,88.71,300,88.69,100
1705,0.32,0.09,0.23,22.1,09:43:22,88.74,400,88.77,300,88.74,100
1746,0.31,0.08,0.23,38.160000000000004,09:43:38,88.74,300,88.79,200,88.77,100
1927,0.27,0.07,0.2,21.740000000000002,09:44:21,88.8,100,88.85,200,88.8,100
1969,5.109999999999999,4.93,0.18,0.0,09:45:00,88.8,300,88.84,300,88.82,1005
1970,1.2,0.89,0.31,1.2,09:45:01,88.76,100,88.82,100,88.805,100
2001,0.5800000000000001,0.27,0.31,16.689999999999998,09:45:16,88.78,100,88.84,200,88.79,100
2030,0.38,0.2,0.18,28.209999999999997,09:45:28,88.81,100,88.85,300,88.84,100
2036,0.5,0.21,0.29,30.639999999999997,09:45:30,88.84,200,88.85,100,88.85,100
2152,0.38,0.08,0.3,19.450000000000003,09:46:19,88.89,100,88.93,100,88.9,100
2209,0.53,0.27,0.26,39.32999999999999,09:46:39,88.93,200,88.98,400,88.95,100
2215,0.39,0.21,0.18,41.25999999999999,09:46:41,88.96,100,89.02,900,88.98,200
2239,0.28,0.07,0.21,0.0,09:47:00,88.99,300,89.03,300,89.02,100
2284,0.28,0.08,0.2,22.24,09:47:22,89.04,100,89.08,300,89.08,100
2295,0.44999999999999996,0.09,0.36,26.159999999999997,09:47:26,89.04,100,89.08,200,89.0799,140
2309,0.32999999999999996,0.09,0.24,32.37,09:47:32,89.08,300,89.12,100,89.1,100
2321,0.4,0.2,0.2,36.010000000000005,09:47:36,89.1,200,89.14,100,89.12,100
2343,0.5900000000000001,0.27,0.32,44.35,09:47:44,89.1,200,89.14,100,89.13,100
2367,0.33,0.14,0.19,53.91999999999999,09:47:53,89.1,300,89.14,100,89.11,100
2371,0.41000000000000003,0.2,0.21,55.48999999999999,09:47:55,89.12,100,89.18,900,89.14,123
2389,0.31,0.09,0.22,1.7100000000000002,09:48:01,89.13,200,89.18,100,89.17,100
2403,0.31,0.07,0.24,7.55,09:48:07,89.14,100,89.17,100,89.155,100
2417,0.29000000000000004,0.07,0.22,17.64,09:48:17,89.14,200,89.18,100,89.16,1005
2423,0.37,0.14,0.23,19.51,09:48:19,89.18,200,89.21,100,89.165,100
2447,0.42000000000000004,0.23,0.19,27.679999999999996,09:48:27,89.18,200,89.22,100,89.19,100
2464,0.47,0.22,0.25,33.90999999999998,09:48:33,89.18,200,89.22,200,89.2,100
2544,0.45,0.18,0.27,12.21,09:49:12,89.18,300,89.22,200,89.1952,143
2559,0.37,0.09,0.28,23.630000000000003,09:49:23,89.2,200,89.23,100,89.215,100
2581,0.44,0.2,0.24,33.63999999999999,09:49:33,89.22,100,89.24,100,89.24,100
2590,0.35000000000000003,0.07,0.28,37.529999999999994,09:49:37,89.21,100,89.24,100,89.225,100
2695,0.28,0.07,0.21,0.0,09:50:00,89.18,300,89.2,100,89.18,100
2716,0.67,0.22,0.45,8.200000000000001,09:50:08,89.19,100,89.23,100,89.1988,340
2804,0.38,0.16,0.22,16.029999999999998,09:51:16,89.19,200,89.23,200,89.21,100
2880,0.34,0.07,0.27,46.009999999999984,09:51:46,89.21,200,89.24,300,89.211,1000
2902,0.4,0.2,0.2,54.13999999999998,09:51:54,89.22,100,89.24,300,89.23,100
2911,0.32,0.08,0.24,58.019999999999975,09:51:58,89.21,200,89.23,200,89.22,100
2928,0.42000000000000004,0.19,0.23,4.2700000000000005,09:52:04,89.26,100,89.29,100,89.27,100
2959,0.41000000000000003,0.22,0.19,22.080000000000002,09:52:22,89.23,200,89.26,100,89.26,100
3071,0.4,0.17,0.23,0.0,09:53:00,89.28,200,89.31,200,89.3,100
3088,0.42,0.18,0.24,9.83,09:53:09,89.28,200,89.31,200,89.295,100
3106,0.75,0.54,0.21,20.21,09:53:20,89.3,100,89.35,200,89.31,1800
3195,0.39,0.22,0.17,49.97999999999996,09:53:49,89.3,200,89.33,200,89.3297,163
3201,0.36,0.2,0.16,51.829999999999956,09:53:51,89.32,200,89.35,300,89.33,100
3220,0.23,0.07,0.16,57.54999999999996,09:53:57,89.32,100,89.34,100,89.34,200
3267,0.23,0.07,0.16,23.840000000000007,09:54:23,89.3,200,89.32,200,89.32,200
3367,0.36,0.18,0.18,55.900000000000034,09:54:55,89.31,200,89.34,400,89.3273,594
3378,0.35,0.12,0.23,0.0,09:55:00,89.33,200,89.34,200,89.335,100
3392,0.29,0.08,0.21,9.809999999999999,09:55:09,89.31,200,89.34,400,89.3176,100
3459,0.33,0.08,0.25,38.15,09:55:38,89.32,100,89.34,300,89.325,100
3548,0.27,0.07,0.2,0.0,09:56:00,89.25,100,89.29,100,89.2899,100
3554,0.52,0.22,0.3,2.21,09:56:02,89.25,100,89.29,200,89.29,100
3586,0.36,0.09,0.27,16.169999999999998,09:56:16,89.25,200,89.28,200,89.265,100
3628,0.32,0.07,0.25,30.070000000000007,09:56:30,89.22,200,89.26,100,89.25,200
3667,3.57,3.32,0.25,0.0,09:57:00,89.2,200,89.24,100,89.2236,100
3875,0.35,0.12,0.23,38.230000000000004,09:58:38,89.15,300,89.21,300,89.2099,150
3879,0.32,0.09,0.23,39.95,09:58:39,89.11,200,89.16,100,89.15,100
4385,0.24000000000000002,0.07,0.17,17.639999999999993,10:02:17,89.12,100,89.15,200,89.115,100
4907,0.42000000000000004,0.22,0.2,46.269999999999975,10:05:46,89.19,200,89.22,300,89.205,100
5163,0.31,0.13,0.18,35.18,10:07:35,89.21,300,89.23,800,89.21799999999999,100
5250,0.43000000000000005,0.23,0.2,0.0,10:08:00,89.17,300,89.2,200,89.1898,500
5722,3.47,3.24,0.23,20.97,10:14:20,89.18,200,89.21,200,89.2004,127
6253,0.53,0.22,0.31,38.61999999999999,10:17:38,89.32,100,89.33,300,89.3211,100
6291,4.31,3.94,0.37,0.0,10:18:00,89.34,200,89.37,300,89.35,100
6313,0.48,0.25,0.23,12.560000000000004,10:18:12,89.36,200,89.38,300,89.37,100
6483,0.36,0.14,0.22,23.74000000000001,10:20:23,89.35,100,89.36,200,89.36,100
6559,0.6000000000000001,0.07,0.53,10.14,10:21:10,89.39,100,89.4,300,89.39,100
6563,0.71,0.23,0.48,12.68,10:21:12,89.35,200,89.38,100,89.38,100
6674,0.7,0.24,0.46,29.939999999999998,10:22:29,89.36,200,89.39,200,89.3739,112
6798,0.42000000000000004,0.19,0.23,37.279999999999994,10:23:37,89.39,200,89.41,300,89.4,100
6961,0.45000000000000007,0.17,0.28,0.0,10:25:00,89.38,200,89.4,300,89.3906,110
6997,0.43,0.14,0.29,24.12,10:25:24,89.4,200,89.42,300,89.41,100
7067,0.32,0.07,0.25,56.31999999999996,10:25:56,89.41,300,89.43,100,89.42,200
7112,0.42000000000000004,0.1,0.32,0.0,10:26:00,89.42,100,89.44,200,89.43,100
7185,37.42,37.15,0.27,0.0,10:27:00,89.43,1800,89.46,200,89.45,100
7222,0.4,0.2,0.2,12.930000000000003,10:27:12,89.42,200,89.44,200,89.44,100
7233,0.45,0.23,0.22,17.25,10:27:17,89.44,100,89.46,200,89.46,100
7744,0.44,0.24,0.2,20.080000000000005,10:31:20,89.36,200,89.39,100,89.375,100
7776,0.36,0.12,0.24,32.28,10:31:32,89.35,100,89.36,100,89.355,100
8052,0.31,0.09,0.22,52.25,10:34:52,89.37,200,89.4,200,89.37299999999999,131
8075,0.63,0.17,0.46,0.0,10:35:00,89.37,100,89.39,300,89.385,100
8156,2.7600000000000002,2.24,0.52,2.7600000000000002,10:36:02,89.35,200,89.38,400,89.365,200
8615,0.62,0.17,0.45,16.18,10:41:16,89.36,200,89.38,500,89.3636,300
8684,0.6,0.09,0.51,18.089999999999996,10:42:18,89.36,100,89.38,300,89.3706,100
8722,0.5700000000000001,0.07,0.5,41.86000000000001,10:42:41,89.27,200,89.29,100,89.28,100
8770,0.59,0.08,0.51,15.979999999999997,10:43:15,89.33,300,89.36,100,89.3498,200
8848,1.4,0.92,0.48,0.0,10:44:00,89.3,100,89.32,100,89.3136,320
8943,1.17,0.63,0.54,14.149999999999999,10:45:14,89.32,200,89.34,100,89.3292,274
9497,0.5800000000000001,0.07,0.51,25.720000000000006,10:51:25,89.23,100,89.24,100,89.2399,100
9516,0.63,0.18,0.45,37.70000000000001,10:51:37,89.22,100,89.24,200,89.2338,100
9945,0.6000000000000001,0.27,0.33,32.19,10:58:32,89.2,100,89.21,100,89.2025,300
10101,2.83,2.32,0.51,18.809999999999995,11:00:18,89.28,400,89.29,100,89.289,200
10106,0.58,0.15,0.43,21.809999999999995,11:00:21,89.3,300,89.32,400,89.3124,145
10653,0.8,0.18,0.62,33.25,11:08:33,89.28,400,89.3,600,89.29799999999999,100
10734,0.5700000000000001,0.14,0.43,19.369999999999997,11:09:19,89.27,100,89.29,400,89.2807,1147
10748,0.56,0.06,0.5,27.369999999999997,11:09:27,89.28,100,89.29,100,89.2825,100
10812,0.44,0.08,0.36,19.85,11:10:19,89.26,100,89.28,400,89.2605,255
10895,0.6,0.22,0.38,0.0,11:11:00,89.27,100,89.28,600,89.275,100
10930,0.5900000000000001,0.19,0.4,22.24,11:11:22,89.26,100,89.28,700,89.2656,230
10963,0.61,0.19,0.42,42.27000000000003,11:11:42,89.25,200,89.28,800,89.259,100
11014,0.8,0.37,0.43,34.209999999999994,11:12:34,89.25,100,89.26,100,89.255,200
11047,0.76,0.07,0.69,1.97,11:13:01,89.24,100,89.25,100,89.245,200
11070,0.78,0.07,0.71,21.790000000000003,11:13:21,89.25,300,89.26,100,89.2525,100
11272,0.61,0.18,0.43,30.4,11:17:30,89.28,100,89.3,200,89.2922,225
11290,0.61,0.24,0.37,40.440000000000005,11:17:40,89.29,100,89.3,100,89.2925,100
11340,2.6199999999999997,2.32,0.3,8.58,11:18:08,89.28,200,89.3,100,89.2999,143
11797,0.5800000000000001,0.12,0.46,29.540000000000006,11:23:29,89.23,200,89.24,100,89.235,300
11837,0.8,0.39,0.41,12.41,11:24:12,89.25,200,89.27,400,89.2632,150
11893,0.76,0.14,0.62,50.42000000000002,11:24:50,89.26,300,89.28,600,89.27799999999999,2000
11925,0.6300000000000001,0.07,0.56,6.41,11:25:06,89.28,200,89.29,400,89.285,388
12088,0.5900000000000001,0.07,0.52,18.23,11:29:18,89.44,200,89.45,200,89.445,100
12120,0.81,0.18,0.63,46.42,11:29:46,89.43,100,89.44,400,89.435,100
12294,1.59,1.05,0.54,3.96,11:32:03,89.41,600,89.43,200,89.425,100
12415,0.62,0.18,0.44,32.410000000000004,11:33:32,89.45,600,89.46,100,89.4515,100
12425,0.63,0.27,0.36,38.02,11:33:38,89.46,400,89.47,100,89.465,100
12429,0.57,0.21,0.36,40.21,11:33:40,89.47,700,89.48,300,89.48,100
12444,0.5700000000000001,0.14,0.43,48.18,11:33:48,89.46,200,89.48,400,89.47,100
12541,0.76,0.07,0.69,56.11000000000001,11:34:56,89.39,200,89.42,400,89.405,200
12566,79.02,78.7,0.32,0.0,11:36:00,89.48,500,89.49,200,89.485,3122
12575,0.59,0.18,0.41,5.1499999999999995,11:36:05,89.49,500,89.5,2600,89.49,100
12579,0.61,0.18,0.43,7.36,11:36:07,89.51,500,89.52,100,89.52,200
12597,0.56,0.12,0.44,17.15,11:36:17,89.52,500,89.53,200,89.53,200
12601,0.44,0.08,0.36,19.18,11:36:19,89.54,200,89.55,100,89.54,100
12614,3.59,3.07,0.52,0.0,11:37:00,89.54,300,89.56,100,89.56,180
12639,0.62,0.24,0.38,16.83,11:37:16,89.56,200,89.57,800,89.565,300
12645,0.75,0.23,0.52,20.77,11:37:20,89.56,300,89.57,800,89.57,100
12658,0.56,0.07,0.49,28.549999999999997,11:37:28,89.57,400,89.58,100,89.58,100
12662,0.57,0.21,0.36,30.58,11:37:30,89.57,400,89.59,200,89.59,100
12673,0.44,0.07,0.37,36.79,11:37:36,89.59,200,89.61,300,89.6,300
12676,0.57,0.08,0.49,38.56,11:37:38,89.59,200,89.61,200,89.61,200
12687,0.58,0.08,0.5,44.579999999999984,11:37:44,89.61,200,89.63,200,89.62,100
12720,2.18,1.72,0.46,10.0,11:38:10,89.6,300,89.63,200,89.615,300
12723,3.8,3.23,0.57,16.61,11:38:16,89.62,100,89.64,200,89.63,100
12728,0.62,0.12,0.5,19.790000000000003,11:38:19,89.63,200,89.65,900,89.64,200
12775,0.62,0.21,0.41,49.40000000000002,11:38:49,89.61,200,89.63,300,89.6148,102
12780,118.2,117.59,0.61,0.0,11:40:00,89.62,100,89.63,300,89.625,100
12794,0.76,0.2,0.56,0.0,11:41:00,89.61,300,89.63,400,89.6155,221
12807,0.6,0.08,0.52,11.599999999999998,11:41:11,89.63,300,89.64,700,89.635,200
12859,0.5900000000000001,0.14,0.45,47.83000000000002,11:41:47,89.62,100,89.63,200,89.6249,100
12949,0.44,0.2,0.24,31.969999999999995,11:42:31,89.64,100,89.65,200,89.645,200
12955,0.29000000000000004,0.07,0.22,33.859999999999985,11:42:33,89.64,100,89.65,200,89.65,100
13022,0.45,0.27,0.18,56.02,11:42:56,89.65,200,89.68,400,89.67,100
13238,1.7,1.49,0.21,31.139999999999993,11:45:31,89.6,300,89.63,1300,89.6198,300
13340,0.39,0.21,0.18,20.280000000000005,11:46:20,89.61,300,89.63,1100,89.6234,100
13503,0.37,0.16,0.21,32.73,11:47:32,89.63,200,89.64,500,89.6363,500
13607,0.35,0.19,0.16,15.62,11:48:15,89.62,400,89.64,200,89.626,156
13976,0.25,0.08,0.17,38.010000000000005,11:50:38,89.55,200,89.57,200,89.55,200
14071,3.9400000000000004,3.66,0.28,0.0,11:51:00,89.49,200,89.53,200,89.51,100
14384,0.32,0.12,0.2,0.0,11:53:00,89.48,200,89.51,200,89.5,100
14512,0.41000000000000003,0.21,0.2,1.04,11:54:01,89.44,200,89.47,300,89.455,500
14612,0.24000000000000002,0.07,0.17,36.850000000000016,11:54:36,89.46,500,89.49,200,89.475,100
15318,0.27,0.07,0.2,31.580000000000016,11:59:31,89.49,200,89.51,200,89.5007,200
16042,0.42,0.21,0.21,0.0,12:04:00,89.59,500,89.62,300,89.617,111
16977,1.57,1.33,0.24,5.4,12:10:05,89.51,1600,89.54,200,89.52600000000001,100
18075,0.30000000000000004,0.14,0.16,10.14,12:17:10,89.51,200,89.52,100,89.495,100
18176,0.36,0.2,0.16,47.98999999999998,12:17:47,89.52,300,89.55,200,89.5499,110
18405,0.39,0.22,0.17,3.48,12:19:03,89.54,1500,89.55,100,89.545,132
18753,0.27,0.07,0.2,18.159999999999997,12:21:18,89.57,100,89.58,100,89.5679,200
18862,0.47000000000000003,0.27,0.2,2.2800000000000002,12:22:02,89.55,300,89.57,200,89.5695,100
18868,0.9199999999999999,0.72,0.2,4.77,12:22:04,89.55,200,89.57,200,89.5692,100
18972,0.29000000000000004,0.07,0.22,47.93,12:22:47,89.55,100,89.57,200,89.5699,190
19625,0.37,0.19,0.18,25.799999999999997,12:27:25,89.53,300,89.55,200,89.535,100
20665,0.38,0.18,0.2,5.970000000000001,12:34:05,89.46,100,89.49,300,89.48899999999999,1700
20782,0.37,0.2,0.17,46.24000000000001,12:34:46,89.5,300,89.53,300,89.515,100
21306,0.5800000000000001,0.28,0.3,8.07,12:38:08,89.5,300,89.53,300,89.5169,200
21422,0.24000000000000002,0.07,0.17,4.970000000000001,12:39:04,89.48,300,89.51,300,89.4968,112
22211,0.37,0.19,0.18,21.709999999999997,12:47:21,89.42,200,89.44,300,89.4399,134
22473,0.31000000000000005,0.14,0.17,45.58999999999998,12:48:45,89.42,100,89.43,400,89.4201,100
22500,1.56,1.31,0.25,0.0,12:49:00,89.41,100,89.42,500,89.4125,100
22627,0.37,0.18,0.19,3.8500000000000005,12:50:03,89.35,500,89.37,200,89.3514,200
25075,0.4,0.13,0.27,2.09,13:10:02,89.21,100,89.23,300,89.2207,288
25649,0.67,0.21,0.46,5.85,13:15:05,89.17,300,89.19,300,89.18299999999999,162
26400,0.64,0.08,0.56,0.0,13:23:00,89.14,100,89.17,300,89.1424,145
26563,1.39,0.18,1.21,0.0,13:26:00,89.12,200,89.14,500,89.135,500
26653,1.4100000000000001,0.13,1.28,5.21,13:28:05,89.14,100,89.15,900,89.145,100
27036,1.0,0.07,0.93,6.59,13:36:06,89.08,400,89.1,200,89.09,100
27043,0.81,0.07,0.74,13.58,13:36:13,89.08,500,89.1,400,89.0866,100
27106,1.19,0.17,1.02,0.0,13:38:00,89.07,100,89.08,100,89.07,100
27152,1.0,0.07,0.93,0.0,13:39:00,89.07,500,89.08,100,89.075,100
27205,1.02,0.07,0.95,0.0,13:40:00,89.1,100,89.11,400,89.105,100
27222,1.2,0.16,1.04,12.81,13:41:12,89.05,800,89.06,100,89.06,100
27238,1.38,0.2,1.18,30.76,13:41:30,89.05,700,89.08,300,89.0668,225
27568,1.17,0.3,0.87,4.57,13:48:04,89.08,100,89.09,200,89.085,100
27693,1.1900000000000002,0.07,1.12,40.029999999999994,13:50:40,89.03,600,89.05,300,89.05,279
27714,1.3699999999999999,0.23,1.14,0.0,13:51:00,89.03,800,89.04,100,89.04,100
27717,1.3699999999999999,0.23,1.14,3.99,13:51:03,89.03,900,89.05,500,89.0368,100
27988,0.81,0.16,0.65,23.770000000000003,13:56:23,89.0,400,89.02,300,89.01299999999999,100
28038,2.0,0.83,1.17,0.0,13:57:00,88.99,100,89.0,100,89.005,100
28101,1.2,0.34,0.86,10.37,13:58:10,89.0,200,89.01,300,89.0025,200
28185,1.0,0.07,0.93,0.0,14:00:00,89.02,200,89.04,800,89.0308,100
28373,1.21,0.14,1.07,0.0,14:04:00,89.09,100,89.1,700,89.095,1100
28573,1.22,0.22,1.0,8.81,14:08:08,89.17,500,89.18,500,89.175,300
28632,0.8300000000000001,0.18,0.65,18.61,14:09:18,89.16,200,89.18,500,89.1676,141
28641,1.1900000000000002,0.07,1.12,29.410000000000004,14:09:29,89.16,200,89.18,600,89.1601,349
28897,0.82,0.09,0.73,12.2,14:14:12,89.21,100,89.22,400,89.195,200
29051,4.2,3.21,0.99,8.99,14:17:08,89.18,200,89.2,100,89.193,142
29176,0.99,0.23,0.76,17.79,14:19:17,89.16,200,89.17,100,89.1643,300
29187,0.98,0.2,0.78,27.79,14:19:27,89.16,200,89.17,100,89.161,100
29490,0.6000000000000001,0.28,0.32,10.19,14:23:10,89.13,100,89.14,100,89.1328,565
29500,0.43,0.07,0.36,17.790000000000003,14:23:17,89.13,200,89.14,100,89.1357,3260
30103,0.62,0.17,0.45,5.58,14:30:05,89.19,100,89.2,100,89.1966,1000
30150,0.62,0.15,0.47,37.78000000000002,14:30:37,89.21,300,89.22,100,89.2199,100
30236,0.59,0.22,0.37,25.870000000000008,14:31:25,89.22,100,89.25,200,89.23700000000001,240
31186,0.7999999999999999,0.21,0.59,0.0,14:45:00,89.09,300,89.11,1200,89.1008,273
31287,0.74,0.26,0.48,2.16,14:46:02,89.08,100,89.1,400,89.0887,244
31369,7.77,7.34,0.43,28.779999999999998,14:47:28,89.12,200,89.14,400,89.1291,100
31475,0.5800000000000001,0.19,0.39,23.04,14:48:23,89.08,200,89.11,500,89.083,500
31694,2.81,2.15,0.66,14.57,14:51:14,89.11,200,89.12,100,89.1189,100
31748,0.61,0.15,0.46,50.02,14:51:50,89.07,200,89.1,700,89.0871,134
32094,0.6499999999999999,0.18,0.47,25.630000000000003,14:56:25,89.18,300,89.19,100,89.185,100
32265,0.79,0.34,0.45,48.19000000000002,14:58:48,89.2,500,89.21,100,89.209,100
32283,0.5700000000000001,0.13,0.44,0.0,14:59:00,89.2,200,89.21,300,89.2075,100
32456,0.62,0.25,0.37,40.06,15:00:40,89.18,100,89.19,200,89.18700000000001,500
32564,1.5899999999999999,1.01,0.58,0.0,15:02:00,89.16,200,89.17,200,89.1658,100
32571,0.7999999999999999,0.09,0.71,5.3999999999999995,15:02:05,89.15,300,89.16,200,89.1525,100
32574,0.77,0.07,0.7,7.77,15:02:07,89.15,200,89.16,200,89.1516,225
32929,2.59,1.93,0.66,8.01,15:07:08,89.24,400,89.25,300,89.241,395
33091,0.62,0.21,0.41,18.799999999999997,15:09:18,89.23,600,89.24,500,89.2358,200
33104,0.43,0.08,0.35,25.80999999999999,15:09:25,89.24,200,89.25,200,89.24700000000001,1600
33127,0.6000000000000001,0.07,0.53,39.79000000000002,15:09:39,89.23,300,89.25,400,89.2352,200
33224,0.5700000000000001,0.07,0.5,48.15000000000002,15:10:48,89.23,300,89.24,400,89.2321,112
33353,0.58,0.08,0.5,13.75,15:12:13,89.18,100,89.2,300,89.1937,300
33506,0.61,0.18,0.43,0.0,15:14:00,89.13,300,89.15,300,89.141,100
33696,0.6200000000000001,0.07,0.55,2.0300000000000002,15:16:02,89.12,200,89.13,300,89.125,300
34494,0.5900000000000001,0.07,0.52,33.980000000000004,15:25:33,89.14,200,89.15,700,89.1425,100
35136,0.65,0.22,0.43,23.61,15:33:23,89.24,500,89.25,600,89.2491,600
35206,2.0700000000000003,1.53,0.54,5.23,15:34:05,89.24,800,89.25,400,89.242,500
35262,0.44,0.07,0.37,43.42000000000001,15:34:43,89.25,300,89.26,700,89.2557,100
35738,2.16,1.6,0.56,12.000000000000002,15:40:12,89.23,400,89.24,600,89.2301,100
36029,0.5700000000000001,0.14,0.43,41.58,15:43:41,89.26,500,89.27,100,89.2601,102
36268,0.61,0.08,0.53,19.389999999999993,15:46:19,89.21,300,89.22,600,89.2125,100
36398,0.45,0.08,0.37,49.69000000000005,15:47:49,89.19,300,89.2,1000,89.1901,108
36401,0.6,0.17,0.43,51.480000000000054,15:47:51,89.19,300,89.2,1000,89.1903,100
36564,0.58,0.09,0.49,47.98000000000001,15:49:47,89.18,600,89.19,1100,89.1843,100
36651,0.8,0.18,0.62,54.79000000000001,15:50:54,89.17,600,89.18,1400,89.1756,125
36689,0.81,0.07,0.74,25.749999999999993,15:51:25,89.15,900,89.16,500,89.1545,224
36826,0.8200000000000001,0.2,0.62,17.259999999999998,15:53:17,89.12,500,89.13,1100,89.1201,185
36947,0.6,0.21,0.39,41.84000000000001,15:54:41,89.12,600,89.13,900,89.1225,800
37135,0.5900000000000001,0.2,0.39,0.0,15:57:00,89.06,800,89.07,1700,89.065,100
37138,0.61,0.23,0.38,1.9899999999999998,15:57:01,89.05,500,89.06,1500,89.055,100
37165,0.82,0.09,0.73,26.620000000000005,15:57:26,89.03,400,89.04,2900,89.035,100
37176,0.75,0.29,0.46,1.9700000000000002,15:59:01,88.99,900,89.0,2200,88.99,100
37182,0.77,0.07,0.7,6.390000000000001,15:59:06,88.99,2000,89.0,2900,88.995,100
37192,1.8399999999999999,1.27,0.57,15.580000000000002,15:59:15,88.98,4300,88.99,700,88.985,100
37231,0.6399999999999999,0.07,0.57,42.59,15:59:42,88.97,500,88.98,400,88.97,100
37252,0.78,0.2,0.58,56.120000000000026,15:59:56,88.98,1400,88.99,1700,88.975,100
