,Total Delay,Request Delay,Saving Delay,Arrival Time,Time,Bid,Bid Size,Ask,Ask Size,Last Price,Last Size
0,0.6499999999999999,0.3,0.35,0.6499999999999999,09:30:00,119.47,200,119.75,100,119.5932,302
16,0.32,0.08,0.24,6.53,09:30:06,119.47,200,119.74,100,119.605,500
32,0.43,0.21,0.22,12.59,09:30:12,119.42,100,119.64,100,119.42,100
206,0.24000000000000002,0.07,0.17,0.0,09:32:00,119.2,100,119.44,400,119.29,100
354,2.19,1.96,0.23,0.0,09:33:00,119.24,100,119.43,100,119.3578,250
356,2.15,1.91,0.24,2.41,09:33:02,119.16,100,119.38,300,119.24,100
514,3.77,3.6,0.17,0.0,09:34:00,119.3,100,119.42,100,119.39,100
516,0.42000000000000004,0.2,0.22,1.8200000000000003,09:34:01,119.2,100,119.41,200,119.3,100
535,0.39,0.08,0.31,9.67,09:34:09,119.16,100,119.37,500,119.2,100
618,0.34,0.07,0.27,0.0,09:35:00,119.02,100,119.18,100,119.16,100
625,2.72,2.35,0.37,9.81,09:35:09,119.03,500,119.14,400,119.13,100
628,0.45,0.22,0.23,11.45,09:35:11,119.05,500,119.17,100,119.14,100
632,0.29000000000000004,0.07,0.22,13.509999999999998,09:35:13,119.18,100,119.26,100,119.19,100
707,0.25,0.07,0.18,41.50999999999999,09:35:41,119.44,100,119.61,300,119.43,100
751,0.4,0.23,0.17,0.0,09:36:00,119.46,200,119.54,200,119.46,100
822,0.30000000000000004,0.07,0.23,38.13999999999999,09:36:38,119.31,500,119.42,100,119.37,100
833,0.39,0.16,0.23,42.389999999999986,09:36:42,119.31,300,119.34,100,119.31,200
842,0.52,0.21,0.31,46.46999999999999,09:36:46,119.26,100,119.34,100,119.34,100
850,0.34,0.08,0.26,50.269999999999996,09:36:50,119.41,100,119.54,300,119.44,100
902,0.39,0.14,0.25,0.0,09:37:00,119.18,100,119.32,100,119.26,100
954,0.47,0.21,0.26,23.299999999999997,09:37:23,119.49,100,119.52,200,119.49,100
970,0.46,0.2,0.26,29.32,09:37:29,119.27,700,119.52,200,119.265,100
984,0.41,0.12,0.29,35.10999999999999,09:37:35,119.27,100,119.52,200,119.275,200
989,0.36,0.07,0.29,37.379999999999995,09:37:37,119.29,100,119.52,200,119.40899999999999,125
993,0.39,0.12,0.27,39.0,09:37:39,119.29,100,119.52,100,119.295,100
1047,0.48,0.19,0.29,24.060000000000002,09:38:24,119.33,100,119.5,100,119.4405,200
1226,0.27,0.08,0.19,13.83,09:39:13,119.08,700,119.31,100,119.09,100
1395,0.34,0.08,0.26,0.0,09:41:00,119.15,100,119.21,200,119.15,100
1445,0.36,0.07,0.29,24.229999999999997,09:41:24,118.99,200,119.06,200,119.0,300
1451,0.31,0.08,0.23,26.179999999999996,09:41:26,118.83,500,119.06,200,118.99,100
1487,0.31,0.12,0.19,38.04999999999999,09:41:38,118.82,500,118.99,300,118.93,100
1488,0.57,0.22,0.35,38.61999999999999,09:41:38,118.82,500,118.98,300,118.83,100
1498,0.41000000000000003,0.22,0.19,42.42999999999999,09:41:42,118.82,500,118.98,200,118.86,100
1519,0.38,0.08,0.3,50.46999999999999,09:41:50,118.83,100,118.97,100,118.9,100
1523,0.47,0.09,0.38,52.29999999999999,09:41:52,118.84,200,118.97,200,118.9025,100
1561,0.38,0.08,0.3,12.06,09:42:12,118.75,500,118.88,200,118.84,100
1572,0.38,0.07,0.31,19.99,09:42:19,118.75,500,118.88,400,118.85,100
1599,0.33,0.08,0.25,31.689999999999994,09:42:31,118.8,400,118.91,100,118.81,100
1618,0.43000000000000005,0.15,0.28,40.029999999999994,09:42:40,118.75,100,118.9,100,118.8,100
1701,0.37,0.17,0.2,2.47,09:43:02,118.77,100,118.9,200,118.77,100
1703,1.58,1.25,0.33,5.550000000000001,09:43:05,118.77,100,118.9,100,118.835,100
1710,0.44,0.12,0.32,8.270000000000001,09:43:08,118.64,100,118.84,100,118.7,100
1721,0.32,0.08,0.24,12.390000000000004,09:43:12,118.65,100,118.84,100,118.68,100
1767,0.37,0.18,0.19,30.26,09:43:30,118.65,200,118.82,100,118.75,5000
1778,0.48,0.21,0.27,34.36000000000001,09:43:34,118.65,100,118.82,200,118.735,100
1832,0.35,0.1,0.25,0.0,09:44:00,118.63,100,118.8,200,118.715,100
1852,0.33,0.07,0.26,9.83,09:44:09,118.62,300,118.79,100,118.69,100
1858,0.36000000000000004,0.08,0.28,12.229999999999999,09:44:12,118.62,200,118.79,100,118.71,100
1868,0.33999999999999997,0.12,0.22,16.089999999999996,09:44:16,118.62,100,118.79,100,118.66,100
1892,0.38,0.12,0.26,26.189999999999994,09:44:26,118.6,200,118.78,100,118.6,100
1909,0.31,0.11,0.2,31.799999999999994,09:44:31,118.61,300,118.78,100,118.62,100
1921,0.41000000000000003,0.17,0.24,36.07999999999999,09:44:36,118.66,100,118.79,100,118.61,100
1970,1.2,0.89,0.31,12.739999999999998,09:45:12,118.58,200,118.69,200,118.6175,100
1973,1.24,0.86,0.38,15.999999999999998,09:45:15,118.54,100,118.69,100,118.58,100
1990,0.34,0.17,0.17,23.78,09:45:23,118.5,100,118.61,100,118.59,100
1994,0.43000000000000005,0.15,0.28,25.32,09:45:25,118.5,100,118.61,100,118.53,100
2001,0.5800000000000001,0.27,0.31,28.230000000000004,09:45:28,118.46,100,118.58,200,118.52,300
2025,0.35000000000000003,0.08,0.27,37.95000000000002,09:45:37,118.45,300,118.58,300,118.455,200
2041,0.5700000000000001,0.25,0.32,44.12000000000002,09:45:44,118.46,400,118.57,200,118.515,200
2046,0.41000000000000003,0.15,0.26,45.80000000000002,09:45:45,118.44,100,118.5,100,118.45,100
2056,0.51,0.28,0.23,49.86000000000002,09:45:49,118.44,100,118.52,300,118.5,100
2309,0.32999999999999996,0.09,0.24,34.39,09:47:34,118.68,100,118.75,200,118.675,100
2414,3.29,3.03,0.26,0.0,09:48:00,118.73,100,118.88,200,118.7375,200
2429,0.25,0.07,0.18,4.87,09:48:04,118.8,100,118.88,200,118.87,100
2458,0.34,0.17,0.17,14.759999999999998,09:48:14,118.85,200,118.93,100,118.88,100
2649,0.45999999999999996,0.22,0.24,0.0,09:50:00,118.89,300,119.0,200,118.945,100
2695,0.28,0.07,0.21,25.92,09:50:25,118.87,100,119.1,100,119.03,200
2751,5.26,5.09,0.17,52.030000000000015,09:50:52,118.88,300,119.11,200,118.89,100
2911,0.32,0.08,0.24,0.0,09:51:00,118.89,100,118.99,300,118.91,100
3111,0.29000000000000004,0.09,0.2,7.59,09:53:07,118.89,100,118.94,100,118.905,100
3116,0.44,0.23,0.21,9.599999999999998,09:53:09,118.85,300,118.94,100,118.94,100
3140,0.34,0.17,0.17,17.43999999999999,09:53:17,118.85,300,118.94,300,118.895,200
3403,1.42,0.92,0.5,14.739999999999995,09:55:14,118.9,100,118.94,200,118.92,100
3414,0.55,0.18,0.37,20.269999999999992,09:55:20,118.91,400,118.98,100,118.96,100
3469,0.52,0.24,0.28,42.010000000000005,09:55:42,119.0,300,119.12,400,119.0012,100
3572,0.4,0.07,0.33,1.83,09:56:01,119.03,400,119.12,300,119.0975,100
3667,3.57,3.32,0.25,0.0,09:57:00,119.03,400,119.12,200,119.0808,100
3724,0.56,0.27,0.29,27.21999999999999,09:57:27,119.02,100,119.09,200,119.02,100
3747,0.29000000000000004,0.07,0.22,35.279999999999994,09:57:35,118.99,300,119.08,200,118.995,100
3845,0.37,0.2,0.17,5.89,09:58:05,119.01,300,119.12,200,119.075,100
3864,0.28,0.07,0.21,11.859999999999998,09:58:11,119.01,500,119.12,100,119.015,100
3918,0.32,0.12,0.2,31.85000000000001,09:58:31,119.03,100,119.13,400,119.08,100
3943,0.39,0.21,0.18,4.31,09:59:04,118.99,300,119.08,300,119.035,100
4104,3.3400000000000003,2.95,0.39,6.98,10:00:06,119.05,100,119.14,200,119.095,100
4112,0.43,0.18,0.25,10.25,10:00:10,119.23,200,119.34,200,119.23,100
4174,0.31,0.07,0.24,42.109999999999985,10:00:42,119.23,300,119.33,100,119.28,100
4179,0.56,0.25,0.31,44.36999999999998,10:00:44,119.25,200,119.32,100,119.285,100
4206,0.5,0.12,0.38,0.0,10:01:00,119.2,300,119.3,200,119.25,100
4392,0.27,0.09,0.18,0.0,10:02:00,119.25,100,119.28,100,119.27,100
4433,0.29000000000000004,0.07,0.22,13.93,10:02:13,119.28,200,119.34,100,119.32,100
4499,0.30000000000000004,0.1,0.2,0.0,10:03:00,119.28,300,119.36,200,119.36,100
4818,0.37,0.17,0.2,1.9100000000000001,10:05:01,119.32,300,119.39,100,119.33,100
4962,0.31,0.15,0.16,16.09,10:06:16,119.25,200,119.3,100,119.2775,100
5069,0.29000000000000004,0.09,0.2,51.960000000000015,10:06:51,119.17,1000,119.25,200,119.22,100
5326,0.33,0.08,0.25,12.06,10:08:12,119.12,1000,119.21,100,119.17,100
5367,0.28,0.07,0.21,25.970000000000002,10:08:25,119.12,1000,119.2,200,119.199,300
5381,3.4,3.07,0.33,0.0,10:09:00,119.12,1000,119.2,100,119.12,100
5396,0.28,0.08,0.2,10.91,10:09:10,119.14,1000,119.23,200,119.1975,100
5462,168.17,168.0,0.17,0.0,10:12:00,119.13,200,119.21,100,119.115,100
5792,0.37,0.2,0.17,23.13999999999999,10:14:23,119.17,600,119.24,300,119.205,100
5990,0.39,0.18,0.21,24.099999999999994,10:15:24,119.21,600,119.24,300,119.225,100
6018,0.26,0.08,0.18,9.29,10:16:09,119.21,600,119.24,300,119.21,100
6026,1.61,1.35,0.26,14.669999999999998,10:16:14,119.25,200,119.32,100,119.255,100
6345,0.39,0.17,0.22,10.23,10:19:10,119.04,100,119.16,100,119.1,100
6441,0.44,0.22,0.22,5.580000000000001,10:20:05,119.08,100,119.15,100,119.145,100
6551,0.47000000000000003,0.08,0.39,5.989999999999998,10:21:05,119.14,200,119.18,100,119.1475,100
6569,0.64,0.28,0.36,16.099999999999998,10:21:16,119.19,100,119.27,200,119.215,200
6684,0.38,0.08,0.3,43.41000000000001,10:22:43,119.09,100,119.22,200,119.18,100
6757,0.43,0.21,0.22,3.69,10:23:03,119.09,300,119.18,300,119.1292,154
6798,0.42000000000000004,0.19,0.23,19.910000000000007,10:23:19,119.09,300,119.18,200,119.135,100
6833,0.27,0.07,0.2,31.58000000000001,10:23:31,119.14,100,119.22,100,119.1775,300
6870,0.31,0.08,0.23,0.0,10:24:00,119.23,100,119.32,100,119.2719,200
7199,0.24000000000000002,0.07,0.17,0.0,10:27:00,119.17,200,119.22,100,119.195,100
7535,0.37,0.2,0.17,45.98000000000002,10:29:45,119.23,400,119.29,200,119.2571,271
7589,4.29,4.05,0.24,9.370000000000001,10:30:09,119.29,200,119.36,100,119.315,100
8052,0.31,0.09,0.22,22.279999999999998,10:34:22,119.22,900,119.27,200,119.2375,100
8236,0.6,0.17,0.43,0.0,10:37:00,119.32,1000,119.39,100,119.38,100
8292,0.78,0.35,0.43,37.540000000000006,10:37:37,119.35,100,119.4,100,119.375,100
8299,0.6,0.21,0.39,41.73000000000001,10:37:41,119.33,200,119.38,200,119.35,100
8341,1.06,0.76,0.3,0.0,10:38:00,119.33,200,119.38,400,119.36399999999999,200
8674,0.5800000000000001,0.2,0.38,7.9799999999999995,10:42:07,119.36,200,119.46,200,119.3729,123
8702,0.6,0.25,0.35,30.299999999999997,10:42:30,119.36,300,119.45,100,119.405,100
8794,0.6000000000000001,0.07,0.53,12.350000000000001,10:43:12,119.32,100,119.35,300,119.3331,100
9174,0.61,0.18,0.43,49.04999999999999,10:47:49,119.15,100,119.2,300,119.1758,250
9360,0.6,0.13,0.47,51.620000000000005,10:49:51,119.15,100,119.2,100,119.175,200
9376,0.61,0.09,0.52,0.0,10:50:00,119.17,100,119.2,200,119.185,100
9402,0.5700000000000001,0.14,0.43,21.950000000000003,10:50:21,119.17,200,119.24,100,119.2225,100
9430,0.5800000000000001,0.26,0.32,37.53000000000001,10:50:37,119.17,200,119.22,400,119.2199,100
9916,0.43999999999999995,0.09,0.35,9.41,10:58:09,119.31,200,119.36,200,119.335,100
9937,0.5700000000000001,0.07,0.5,25.35,10:58:25,119.31,100,119.34,100,119.325,100
10152,0.44999999999999996,0.15,0.3,48.20000000000001,11:00:48,119.22,100,119.25,200,119.235,100
10334,0.8099999999999999,0.23,0.58,6.02,11:05:06,119.08,100,119.12,200,119.11,100
10349,0.6,0.08,0.52,22.180000000000007,11:05:22,119.03,100,119.09,200,119.07,100
10363,0.6000000000000001,0.28,0.32,29.990000000000016,11:05:29,119.03,100,119.07,100,119.04,100
10724,0.62,0.18,0.44,0.0,11:09:00,119.13,600,119.19,300,119.1899,115
10767,0.43,0.07,0.36,24.209999999999987,11:09:24,119.14,400,119.19,300,119.165,100
10855,0.59,0.17,0.42,21.749999999999996,11:10:21,119.1,300,119.16,1000,119.1399,200
10882,0.43,0.07,0.36,3.62,11:11:03,119.1,100,119.15,100,119.125,100
11279,0.61,0.24,0.37,7.99,11:17:07,119.38,100,119.41,100,119.4,100
11338,0.44,0.08,0.36,0.0,11:18:00,119.43,100,119.48,200,119.45,100
11400,0.63,0.14,0.49,47.960000000000015,11:18:47,119.42,100,119.44,100,119.455,100
11431,0.78,0.16,0.62,0.0,11:19:00,119.4,100,119.44,100,119.41,100
11591,0.5900000000000001,0.25,0.34,18.2,11:21:18,119.44,200,119.46,100,119.4555,416
11597,0.6,0.08,0.52,21.970000000000006,11:21:21,119.45,100,119.51,100,119.48,100
11613,0.7999999999999999,0.11,0.69,33.62,11:21:33,119.45,100,119.48,100,119.47,100
11731,0.5900000000000001,0.14,0.45,26.000000000000007,11:22:26,119.39,100,119.44,100,119.435,100
11765,0.6,0.08,0.52,0.0,11:23:00,119.39,200,119.43,100,119.425,100
12014,0.61,0.08,0.53,11.789999999999997,11:26:11,119.49,200,119.51,100,119.51,100
12035,30.98,30.48,0.5,0.0,11:27:00,119.54,300,119.57,200,119.55,100
12036,0.5599999999999999,0.21,0.35,0.5599999999999999,11:27:00,119.55,200,119.58,100,119.565,100
12059,0.73,0.08,0.65,1.34,11:28:01,119.45,200,119.5,100,119.475,100
12117,0.75,0.07,0.68,8.14,11:29:08,119.41,100,119.47,100,119.415,100
12141,0.95,0.22,0.73,1.77,11:30:01,119.44,900,119.49,100,119.5,100
12524,0.63,0.2,0.43,44.180000000000014,11:34:44,119.41,300,119.52,200,119.465,200
12553,0.75,0.17,0.58,4.55,11:35:04,119.35,100,119.41,200,119.355,100
12651,0.64,0.19,0.45,24.62,11:37:24,119.37,300,119.4,200,119.3808,177
12658,0.56,0.07,0.49,28.549999999999997,11:37:28,119.34,100,119.39,200,119.365,100
13468,0.26,0.08,0.18,0.0,11:47:00,119.34,500,119.38,400,119.37899999999999,500
15183,0.23,0.07,0.16,22.259999999999994,11:58:22,119.43,400,119.48,200,119.4517,126
15901,0.36,0.19,0.17,10.06,12:03:10,119.5,100,119.59,100,119.52,100
15981,0.28,0.07,0.21,41.96,12:03:41,119.5,400,119.57,100,119.535,100
16166,0.29000000000000004,0.13,0.16,41.43000000000001,12:04:41,119.47,200,119.53,100,119.4967,398
17095,0.24,0.08,0.16,0.0,12:10:00,119.5,200,119.55,100,119.525,100
17109,0.34,0.17,0.17,4.13,12:10:04,119.51,100,119.55,100,119.53,100
17178,0.31000000000000005,0.14,0.17,1.8200000000000003,12:11:01,119.49,300,119.52,100,119.505,100
17349,0.4,0.21,0.19,0.0,12:12:00,119.51,200,119.55,100,119.54,100
17392,0.37,0.18,0.19,13.86,12:12:13,119.55,100,119.57,100,119.56,100
17434,0.3,0.09,0.21,27.96,12:12:27,119.52,200,119.53,100,119.5299,200
17711,0.36,0.17,0.19,24.19000000000001,12:14:24,119.5,100,119.53,300,119.515,100
18617,0.39,0.21,0.18,30.34,12:20:30,119.44,300,119.51,400,119.46799999999999,100
19319,2.81,2.41,0.4,10.900000000000002,12:25:10,119.46,500,119.49,100,119.4825,300
19346,0.41000000000000003,0.18,0.23,22.25000000000001,12:25:22,119.47,200,119.5,200,119.485,100
19910,0.29000000000000004,0.13,0.16,4.08,12:29:04,119.51,100,119.54,100,119.5232,100
20545,0.33999999999999997,0.13,0.21,18.6,12:33:18,119.39,100,119.45,300,119.395,100
20986,0.28,0.08,0.2,11.34,12:36:11,119.3,200,119.34,200,119.3133,214
22396,0.32,0.14,0.18,1.82,12:48:01,119.28,100,119.32,200,119.305,100
22730,0.44,0.24,0.2,22.109999999999996,12:50:22,119.23,200,119.25,300,119.245,349
23266,2.0,1.76,0.24,7.140000000000001,12:54:07,119.15,200,119.19,200,119.155,100
23393,0.62,0.23,0.39,0.0,12:55:00,119.19,300,119.24,200,119.2275,100
23857,0.23,0.07,0.16,0.0,12:58:00,119.17,400,119.2,300,119.1831,213
24211,0.3,0.09,0.21,38.08999999999999,13:01:38,119.25,100,119.27,200,119.2425,100
25103,0.3,0.08,0.22,0.0,13:10:00,119.3,500,119.34,300,119.3152,277
26650,1.2,0.18,1.02,0.0,13:28:00,119.41,300,119.44,400,119.4236,159
26730,1.1900000000000002,0.07,1.12,45.77000000000001,13:29:45,119.4,200,119.44,200,119.4001,480
27032,1.18,0.36,0.82,17.400000000000002,13:36:17,119.43,200,119.46,100,119.4525,100
27313,1.1900000000000002,0.07,1.12,18.400000000000002,13:43:18,119.31,100,119.32,200,119.3162,122
27436,1.2,0.07,1.13,42.82,13:45:42,119.31,500,119.37,100,119.3391,208
27473,1.3699999999999999,0.23,1.14,0.0,13:46:00,119.34,300,119.36,200,119.35700000000001,100
27475,1.3900000000000001,0.07,1.32,2.8,13:46:02,119.34,300,119.36,100,119.3592,100
27510,1.21,0.23,0.98,8.6,13:47:08,119.33,500,119.36,600,119.345,100
27702,1.19,0.2,0.99,50.59999999999999,13:50:50,119.26,400,119.3,200,119.2712,762
27707,1.3900000000000001,0.33,1.06,56.419999999999995,13:50:56,119.26,400,119.3,300,119.2732,470
27709,1.4,0.19,1.21,59.00999999999999,13:50:59,119.26,400,119.3,500,119.2872,413
27733,1.2000000000000002,0.09,1.11,26.600000000000005,13:51:26,119.2,100,119.24,100,119.2161,104
28080,0.98,0.23,0.75,0.0,13:58:00,119.04,100,119.08,100,119.06,300
28108,1.2,0.24,0.96,40.78000000000001,13:58:40,119.02,100,119.07,100,119.05,100
28157,1.2,0.07,1.13,6.2,13:59:06,118.98,300,119.03,300,118.98,100
28160,1.01,0.07,0.94,9.61,13:59:09,118.98,300,119.03,300,118.985,100
28215,0.8200000000000001,0.17,0.65,38.03000000000001,14:00:38,119.0,200,119.04,200,119.039,120
28230,1.19,0.21,0.98,8.0,14:01:08,119.04,300,119.07,600,119.055,100
28277,2.6,1.68,0.92,0.0,14:02:00,118.97,100,119.02,300,118.99799999999999,100
28361,1.0,0.21,0.79,47.4,14:03:47,118.99,100,119.02,200,119.005,100
28379,0.8200000000000001,0.07,0.75,8.99,14:04:08,118.99,100,119.02,200,119.01,100
28429,4.3999999999999995,3.57,0.83,0.0,14:05:00,119.0,200,119.05,200,119.0226,206
28484,0.8200000000000001,0.07,0.75,0.0,14:06:00,119.01,200,119.04,200,119.025,100
28506,1.42,0.2,1.22,24.0,14:06:24,119.02,200,119.05,400,119.0201,357
28557,1.02,0.08,0.94,51.040000000000006,14:07:51,119.04,200,119.05,500,119.045,372
28787,3.0100000000000002,2.33,0.68,19.42,14:12:19,119.14,100,119.17,600,119.1549,100
28889,0.83,0.12,0.71,0.0,14:14:00,119.15,200,119.18,100,119.1762,112
28897,0.82,0.09,0.73,12.2,14:14:12,119.15,300,119.21,200,119.1725,100
29187,0.98,0.2,0.78,23.600000000000005,14:19:23,119.12,100,119.16,100,119.1402,300
29396,0.5800000000000001,0.12,0.46,10.19,14:22:10,119.01,100,119.07,100,119.0442,100
30082,0.61,0.21,0.4,19.8,14:29:19,119.15,400,119.2,500,119.1726,143
30514,0.58,0.08,0.5,19.75,14:36:19,119.36,300,119.41,700,119.385,200
30775,0.75,0.25,0.5,21.57,14:39:21,119.37,100,119.41,300,119.4025,100
30938,0.77,0.25,0.52,0.0,14:42:00,119.27,100,119.32,200,119.3125,100
30968,0.81,0.2,0.61,26.589999999999993,14:42:26,119.33,100,119.35,100,119.331,300
31315,0.77,0.17,0.6,39.930000000000014,14:46:39,119.34,200,119.39,200,119.3625,300
31369,7.77,7.34,0.43,0.0,14:47:00,119.41,100,119.43,100,119.4155,100
31616,3.81,3.33,0.48,0.0,14:50:00,119.43,200,119.48,200,119.4626,176
31727,0.6,0.16,0.44,37.78999999999999,14:51:37,119.5,1100,119.53,300,119.5175,100
32041,0.76,0.07,0.69,0.0,14:55:00,119.49,200,119.52,200,119.5075,100
32216,2.0100000000000002,1.57,0.44,14.229999999999999,14:58:14,119.42,200,119.48,200,119.4763,138
32308,0.59,0.12,0.47,8.420000000000002,14:59:08,119.47,100,119.49,100,119.4787,157
32566,0.63,0.12,0.51,19.759999999999998,15:02:19,119.56,100,119.57,100,119.555,100
32567,0.8,0.07,0.73,20.56,15:02:20,119.57,100,119.58,200,119.57,200
32574,0.77,0.07,0.7,26.13,15:02:26,119.57,200,119.58,200,119.58,100
32604,0.8500000000000001,0.17,0.68,52.169999999999995,15:02:52,119.57,100,119.58,400,119.575,100
32611,0.7999999999999999,0.22,0.58,0.0,15:03:00,119.57,200,119.58,300,119.5775,100
32668,0.6300000000000001,0.07,0.56,46.45,15:03:46,119.58,100,119.6,100,119.59,100
33013,0.81,0.07,0.74,5.98,15:08:05,119.54,300,119.59,200,119.5569,200
33191,0.6000000000000001,0.07,0.53,28.200000000000006,15:10:28,119.55,300,119.57,100,119.5607,214
33619,0.6,0.13,0.47,10.219999999999999,15:15:10,119.59,300,119.61,100,119.6,100
33626,0.6100000000000001,0.27,0.34,14.389999999999999,15:15:14,119.61,300,119.64,200,119.62,100
33655,0.43,0.07,0.36,29.779999999999998,15:15:29,119.58,100,119.59,100,119.585,100
33689,0.43,0.07,0.36,0.0,15:16:00,119.58,100,119.61,200,119.595,100
33718,0.55,0.07,0.48,23.930000000000007,15:16:23,119.6,100,119.62,100,119.6001,462
33791,0.43,0.13,0.3,0.0,15:17:00,119.61,300,119.62,100,119.61,100
33954,3.53,2.8,0.73,7.779999999999999,15:19:07,119.62,200,119.64,200,119.63,100
34058,0.6499999999999999,0.24,0.41,12.649999999999999,15:20:12,119.63,100,119.66,100,119.64,100
34239,0.6,0.19,0.41,35.97,15:22:35,119.64,200,119.66,200,119.65,100
34271,0.62,0.21,0.41,55.73000000000005,15:22:55,119.65,400,119.66,100,119.6544,400
34281,0.62,0.18,0.44,0.0,15:23:00,119.65,400,119.66,200,119.655,100
34339,0.9299999999999999,0.41,0.52,40.00000000000001,15:23:40,119.65,500,119.67,200,119.66,100
34342,0.5800000000000001,0.07,0.51,41.830000000000005,15:23:41,119.63,200,119.66,100,119.6475,100
34409,0.59,0.24,0.35,30.050000000000008,15:24:30,119.66,300,119.69,100,119.6675,100
34412,0.79,0.23,0.56,32.20000000000001,15:24:32,119.66,300,119.69,100,119.6825,100
34415,0.5700000000000001,0.14,0.43,34.190000000000005,15:24:34,119.66,200,119.69,200,119.68,100
34421,0.83,0.24,0.59,38.64,15:24:38,119.66,200,119.69,100,119.6738,100
34436,0.76,0.31,0.45,48.43000000000001,15:24:48,119.66,200,119.68,100,119.67,100
34470,1.79,1.34,0.45,5.99,15:25:05,119.66,500,119.67,200,119.665,100
34544,0.59,0.21,0.38,0.0,15:26:00,119.65,200,119.66,300,119.6557,100
34551,1.01,0.42,0.59,8.58,15:26:08,119.65,200,119.66,300,119.6575,100
34605,0.6,0.23,0.37,44.19000000000001,15:26:44,119.63,300,119.66,300,119.645,100
34816,0.86,0.26,0.6,3.2399999999999998,15:29:03,119.68,200,119.7,100,119.69,100
34820,0.6200000000000001,0.07,0.55,6.02,15:29:06,119.66,300,119.68,200,119.675,100
35067,0.65,0.09,0.56,30.400000000000006,15:32:30,119.63,100,119.64,100,119.635,100
35106,0.8,0.2,0.6,54.330000000000005,15:32:54,119.61,100,119.63,200,119.615,100
35255,0.43,0.08,0.35,41.390000000000015,15:34:41,119.6,200,119.63,300,119.6135,431
35606,0.6000000000000001,0.07,0.53,37.95000000000002,15:38:37,119.53,100,119.56,200,119.5401,100
36185,0.5900000000000001,0.28,0.31,21.759999999999998,15:45:21,119.5,700,119.51,900,119.5099,112
36236,0.5900000000000001,0.07,0.52,51.580000000000005,15:45:51,119.53,200,119.54,100,119.5344,200
36261,1.04,0.51,0.53,14.639999999999997,15:46:14,119.53,400,119.54,200,119.5315,197
36343,0.5700000000000001,0.23,0.34,0.0,15:47:00,119.55,600,119.57,100,119.5591,153
36487,0.63,0.18,0.45,37.42999999999999,15:48:37,119.54,400,119.55,300,119.545,200
36594,0.81,0.07,0.74,4.57,15:50:04,119.56,300,119.57,100,119.5675,1000
36699,0.8,0.24,0.56,34.40999999999999,15:51:34,119.51,300,119.55,1200,119.5499,235
37047,0.6000000000000001,0.07,0.53,56.96,15:55:56,119.57,200,119.58,200,119.5712,100
37068,3.3899999999999997,2.82,0.57,19.800000000000004,15:56:19,119.56,700,119.57,100,119.5698,1000
37103,0.78,0.37,0.41,40.24000000000001,15:56:40,119.56,300,119.57,300,119.5725,500
37243,0.6,0.13,0.47,50.38000000000002,15:59:50,119.54,200,119.57,200,119.5625,100
