,Total Delay,Request Delay,Saving Delay,Arrival Time,Time,Bid,Bid Size,Ask,Ask Size,Last Price,Last Size
0,0.6499999999999999,0.3,0.35,0.6499999999999999,09:30:00,141.8,400,142.36,900,142.36,100
6,0.28,0.08,0.2,2.6000000000000005,09:30:02,141.81,100,142.36,900,142.1,100
133,0.26,0.07,0.19,0.0,09:31:00,141.84,300,142.32,1900,142.075,100
138,0.38,0.07,0.31,1.9700000000000002,09:31:01,141.84,400,142.32,200,142.26,100
148,0.4,0.08,0.32,5.97,09:31:05,141.86,100,142.28,200,141.8401,100
152,0.74,0.21,0.53,8.2,09:31:08,141.87,100,142.28,200,142.27,100
163,0.43,0.24,0.19,12.119999999999997,09:31:12,141.87,500,142.28,200,141.8701,200
197,2.11,1.93,0.18,0.0,09:32:00,141.9,100,142.25,1000,142.235,200
206,0.24000000000000002,0.07,0.17,10.920000000000002,09:32:10,141.99,500,142.24,100,142.115,200
234,0.23,0.07,0.16,20.96,09:32:20,142.03,200,142.23,1100,142.1025,200
241,0.26,0.09,0.17,23.2,09:32:23,142.03,400,142.23,1100,142.125,200
246,0.36,0.18,0.18,25.039999999999996,09:32:25,142.03,500,142.23,1100,142.13,100
252,0.24000000000000002,0.07,0.17,27.129999999999992,09:32:27,142.2,100,142.58,100,142.53,100
276,0.24000000000000002,0.07,0.17,35.19,09:32:35,142.28,100,142.81,100,142.57,100
289,0.30000000000000004,0.14,0.16,39.21000000000001,09:32:39,142.63,100,142.93,100,142.9,100
295,0.33999999999999997,0.18,0.16,41.170000000000016,09:32:41,142.66,200,143.0,700,143.0,150
302,0.39,0.22,0.17,43.41000000000002,09:32:43,142.67,100,142.95,100,142.94,100
343,2.23,1.98,0.25,0.0,09:33:00,142.28,300,142.55,200,142.54,100
370,0.66,0.28,0.38,18.680000000000003,09:33:18,142.39,600,142.73,200,142.72,100
412,0.47000000000000003,0.27,0.2,32.56,09:33:32,141.99,300,142.38,500,142.38,320
427,0.41000000000000003,0.17,0.24,38.59,09:33:38,142.12,100,142.56,100,142.39,200
433,0.26,0.07,0.19,40.400000000000006,09:33:40,142.12,100,142.54,100,142.5,100
475,0.32,0.09,0.23,54.800000000000004,09:33:54,142.12,100,142.56,200,142.49,100
540,0.35,0.13,0.22,3.66,09:34:03,142.13,400,142.4,500,142.4,300
653,0.44,0.22,0.22,26.840000000000003,09:35:26,142.3,300,142.4,300,142.325,300
727,0.38,0.21,0.17,53.05000000000001,09:35:53,142.13,100,142.39,100,142.195,100
733,0.35,0.19,0.16,54.79000000000001,09:35:54,142.13,100,142.39,100,142.34,100
741,0.23,0.07,0.16,56.81000000000002,09:35:56,142.13,100,142.37,100,142.25,100
759,0.38,0.21,0.17,0.0,09:36:00,142.13,100,142.37,100,142.31,100
774,2.31,2.11,0.2,12.360000000000001,09:36:12,142.13,100,142.35,100,142.24,100
779,3.7600000000000002,3.33,0.43,17.900000000000002,09:36:17,142.13,100,142.33,100,142.23,276
800,0.44000000000000006,0.17,0.27,26.140000000000008,09:36:26,142.13,300,142.4,200,142.375,100
814,0.5800000000000001,0.19,0.39,32.25,09:36:32,142.37,200,142.65,100,142.65,100
822,0.30000000000000004,0.07,0.23,35.88999999999999,09:36:35,142.37,300,142.63,100,142.505,100
885,0.46,0.08,0.38,0.0,09:37:00,142.37,100,142.54,100,142.455,100
914,0.41000000000000003,0.21,0.2,18.26,09:37:18,142.32,400,142.5,100,142.37,100
918,0.49,0.14,0.35,20.12,09:37:20,142.32,400,142.5,100,142.41,100
984,0.41,0.12,0.29,48.00999999999998,09:37:48,142.32,100,142.4,500,142.365,100
1002,0.42,0.07,0.35,0.0,09:38:00,142.19,200,142.39,100,142.295,100
1007,0.48000000000000004,0.2,0.28,2.18,09:38:02,142.19,200,142.39,100,142.29,100
1015,1.01,0.75,0.26,6.53,09:38:06,142.19,200,142.38,800,142.285,100
1142,0.37,0.18,0.19,4.0,09:39:04,142.21,100,142.38,200,142.3,100
1368,0.32,0.07,0.25,41.53999999999998,09:40:41,142.48,100,142.58,100,142.51,100
1533,0.41000000000000003,0.17,0.24,56.15999999999999,09:41:56,142.4,100,142.55,100,142.55,100
1566,0.41000000000000003,0.09,0.32,4.41,09:42:04,142.41,100,142.52,100,142.48,100
1637,0.4,0.18,0.22,35.910000000000004,09:42:35,142.41,100,142.55,100,142.52,100
1642,0.36,0.07,0.29,37.78,09:42:37,142.41,100,142.55,100,142.4912,100
1662,0.4,0.1,0.3,0.0,09:43:00,142.22,100,142.42,100,142.225,100
1757,0.29000000000000004,0.07,0.22,42.02000000000001,09:43:42,142.23,200,142.46,200,142.46,100
1815,0.33,0.07,0.26,0.0,09:44:00,142.24,100,142.44,100,142.43,100
1969,5.109999999999999,4.93,0.18,7.34,09:45:07,142.24,100,142.51,100,142.245,100
2358,0.36000000000000004,0.08,0.28,50.3,09:47:50,142.14,400,142.45,100,142.155,100
2363,0.47,0.17,0.3,52.499999999999986,09:47:52,142.14,400,142.45,100,142.145,100
2383,0.44,0.26,0.18,0.0,09:48:00,142.14,600,142.45,100,142.44,100
2658,0.41000000000000003,0.15,0.26,4.050000000000001,09:50:04,142.36,100,142.47,100,142.415,100
2684,0.37,0.17,0.2,22.240000000000002,09:50:22,142.13,500,142.34,100,142.135,100
2751,5.26,5.09,0.17,52.030000000000015,09:50:52,142.12,100,142.32,100,142.16,100
3018,0.36,0.07,0.29,31.279999999999994,09:52:31,142.24,400,142.36,1000,142.2923,200
3042,0.57,0.21,0.36,39.44,09:52:39,142.24,400,142.35,100,142.33,100
3085,0.29000000000000004,0.09,0.2,0.0,09:53:00,142.12,100,142.24,100,142.21,100
3087,3.0,2.81,0.19,3.47,09:53:03,142.12,100,142.23,100,142.12,100
3134,0.24000000000000002,0.07,0.17,23.900000000000006,09:53:23,142.0,100,142.16,100,142.07,100
3152,0.4,0.23,0.17,29.709999999999997,09:53:29,142.0,100,142.16,100,142.005,100
3207,0.38,0.22,0.16,47.72999999999996,09:53:47,142.08,200,142.36,1000,142.17,100
3227,0.39,0.22,0.17,0.0,09:54:00,142.08,200,142.35,100,142.11,100
3434,0.39,0.19,0.2,23.84,09:55:23,142.24,800,142.43,200,142.335,100
3519,0.47,0.22,0.25,0.0,09:56:00,142.26,400,142.39,200,142.32,100
3533,0.45,0.23,0.22,9.22,09:56:09,142.09,100,142.18,100,142.18,100
3538,1.61,1.37,0.24,12.05,09:56:12,142.0,100,142.13,100,142.09,100
3554,0.52,0.22,0.3,19.340000000000003,09:56:19,141.95,100,142.12,200,141.97,100
3568,0.55,0.21,0.34,25.56,09:56:25,141.86,100,142.11,100,141.95,100
3628,0.32,0.07,0.25,47.199999999999996,09:56:47,141.85,300,142.37,200,141.86,100
3807,0.37,0.18,0.19,0.0,09:58:00,141.9,100,142.2,100,141.975,200
3816,2.62,2.27,0.35,11.760000000000002,09:58:11,141.9,100,142.19,100,142.1635,172
3941,2.56,2.22,0.34,0.0,09:59:00,141.9,400,142.1,100,142.08,100
4021,0.25,0.08,0.17,30.49000000000001,09:59:30,141.85,100,141.93,100,141.88,100
4028,0.4,0.23,0.17,32.60000000000001,09:59:32,141.63,100,141.99,100,141.77,100
4050,0.43000000000000005,0.2,0.23,40.81000000000001,09:59:40,141.78,100,141.99,200,141.785,100
4077,0.25,0.07,0.18,50.550000000000004,09:59:50,141.86,100,141.98,200,141.87,100
4083,0.43,0.21,0.22,52.74,09:59:52,141.87,300,142.04,200,141.885,100
4094,0.32,0.07,0.25,1.84,10:00:01,141.67,100,141.87,100,141.635,100
4104,3.3400000000000003,2.95,0.39,8.82,10:00:08,141.75,100,141.86,100,141.715,100
4107,0.32,0.07,0.25,9.95,10:00:09,141.75,100,141.86,100,141.83,100
4112,0.43,0.18,0.25,12.089999999999998,10:00:12,141.75,100,141.98,100,141.84,100
4117,0.31,0.08,0.23,15.91,10:00:15,141.62,100,141.86,100,141.76,100
4121,0.37,0.1,0.27,18.440000000000005,10:00:18,141.67,100,141.86,100,141.625,100
4129,0.41000000000000003,0.1,0.31,24.040000000000006,10:00:24,141.69,100,141.86,200,141.7401,100
4142,0.65,0.17,0.48,30.610000000000003,10:00:30,141.69,200,141.86,200,141.695,100
4145,0.45000000000000007,0.17,0.28,32.010000000000005,10:00:32,141.69,200,141.86,200,141.73,100
4150,0.52,0.23,0.29,33.940000000000005,10:00:33,141.69,100,141.86,200,141.69,100
4187,0.71,0.23,0.48,50.81999999999998,10:00:50,141.69,100,141.84,200,141.81,100
4324,0.28,0.08,0.2,45.98000000000003,10:01:45,141.68,200,141.84,300,141.68,100
4360,0.26,0.08,0.18,0.0,10:02:00,141.55,100,141.7,100,141.62,100
4373,5.0600000000000005,4.79,0.27,10.74,10:02:10,141.51,100,141.66,200,141.52,100
4381,0.76,0.5,0.26,18.93,10:02:18,141.5,100,141.66,200,141.5,140
4473,0.25,0.08,0.17,49.91000000000001,10:02:49,141.43,100,141.52,200,141.49,100
4536,0.25,0.08,0.17,8.530000000000001,10:03:08,141.47,200,141.78,100,141.48,100
4707,0.39,0.11,0.28,2.14,10:04:02,141.53,200,141.87,100,141.545,100
4818,0.37,0.17,0.2,0.0,10:05:00,141.62,200,141.83,100,141.63,100
4882,0.33,0.07,0.26,25.94,10:05:25,141.55,100,141.71,100,141.59,100
4902,0.49,0.23,0.26,34.01,10:05:34,141.43,100,141.61,100,141.56,100
4907,0.42000000000000004,0.22,0.2,35.86,10:05:35,141.43,100,141.61,400,141.435,100
5010,0.35,0.09,0.26,0.0,10:06:00,141.39,100,141.56,100,141.44,100
5227,0.23,0.07,0.16,0.0,10:08:00,141.32,200,141.58,700,141.46,100
5233,0.33999999999999997,0.18,0.16,1.87,10:08:01,141.32,200,141.58,700,141.335,100
5401,0.36,0.07,0.29,12.86,10:09:12,141.35,200,141.6,100,141.3756,700
5407,0.33,0.07,0.26,14.839999999999998,10:09:14,141.35,200,141.6,100,141.355,100
5432,0.28,0.07,0.21,22.81,10:09:22,141.35,200,141.59,200,141.36,100
5462,168.17,168.0,0.17,0.0,10:12:00,141.15,100,141.24,100,141.23,100
5552,0.32,0.08,0.24,0.0,10:13:00,141.24,100,141.29,400,141.24,100
5591,0.46,0.26,0.2,24.01,10:13:24,141.12,200,141.25,100,141.12,100
5689,0.26,0.08,0.18,0.0,10:14:00,141.12,100,141.23,200,141.175,100
5890,0.29,0.08,0.21,0.0,10:15:00,141.16,100,141.38,100,141.22,100
5907,0.37,0.18,0.19,5.95,10:15:05,141.16,200,141.38,200,141.165,100
6001,0.26,0.08,0.18,0.0,10:16:00,141.17,100,141.37,100,141.18,100
6159,2.81,2.47,0.34,0.0,10:17:00,141.01,500,141.23,100,141.03,100
6280,0.44999999999999996,0.21,0.24,0.0,10:18:00,141.01,200,141.14,200,141.075,100
6318,52.14,51.78,0.36,0.0,10:19:00,141.02,100,141.16,200,141.035,100
6427,0.32,0.09,0.23,0.0,10:20:00,141.02,100,141.16,200,141.09,150
6440,4.45,4.13,0.32,9.14,10:20:09,141.09,100,141.28,100,141.095,100
6441,0.44,0.22,0.22,9.58,10:20:09,141.1,400,141.29,100,141.17,100
6467,0.39,0.12,0.27,21.909999999999997,10:20:21,141.13,700,141.39,100,141.135,100
6559,0.6000000000000001,0.07,0.53,0.0,10:21:00,141.19,700,141.39,200,141.42,100
6577,0.56,0.28,0.28,10.25,10:21:10,141.27,100,141.49,100,141.41,100
6580,0.44,0.19,0.25,11.81,10:21:11,141.27,100,141.49,100,141.28,100
6724,0.64,0.25,0.39,0.0,10:23:00,141.25,100,141.4,100,141.325,100
6751,0.44999999999999996,0.24,0.21,23.550000000000008,10:23:23,141.25,100,141.39,100,141.265,100
6844,0.28,0.07,0.21,0.0,10:24:00,141.29,100,141.43,100,141.39,100
6965,0.91,0.27,0.64,0.0,10:25:00,141.3,100,141.42,100,141.3234,500
7179,0.4,0.15,0.25,9.350000000000003,10:26:09,141.37,100,141.5,100,141.37,100
7217,0.4,0.16,0.24,0.0,10:27:00,141.37,200,141.5,100,141.371,182
7364,0.28,0.09,0.19,1.78,10:28:01,141.38,100,141.44,100,141.4,100
7371,0.4,0.21,0.19,3.9699999999999998,10:28:03,141.38,100,141.44,100,141.43,100
7459,0.25,0.08,0.17,2.34,10:29:02,141.38,100,141.45,100,141.38,100
7554,0.26,0.08,0.18,33.929999999999986,10:29:33,141.29,100,141.4,200,141.34,100
7575,0.41000000000000003,0.08,0.33,0.0,10:30:00,141.31,200,141.49,100,141.315,100
7804,0.4,0.23,0.17,0.0,10:32:00,141.23,100,141.41,300,141.235,100
7899,0.24000000000000002,0.07,0.17,0.0,10:33:00,141.23,100,141.4,100,141.26,100
7985,0.27,0.08,0.19,0.0,10:34:00,141.24,100,141.4,100,141.32,100
8078,0.64,0.21,0.43,0.0,10:35:00,141.27,200,141.34,100,141.31,100
8081,0.75,0.19,0.56,1.96,10:35:01,141.27,200,141.34,200,141.27,100
8145,0.6100000000000001,0.07,0.54,0.0,10:36:00,141.29,300,141.41,100,141.295,100
8464,0.6300000000000001,0.07,0.56,0.0,10:39:00,141.36,200,141.53,100,141.4453,200
8483,0.8099999999999999,0.22,0.59,14.17,10:39:14,141.37,200,141.52,100,141.515,100
8664,0.5800000000000001,0.07,0.51,2.18,10:42:02,141.47,300,141.55,100,141.47,100
8684,0.6,0.09,0.51,18.089999999999996,10:42:18,141.47,300,141.54,100,141.5012,100
8699,0.79,0.19,0.6,28.439999999999994,10:42:28,141.47,400,141.54,100,141.54,100
8712,0.46,0.08,0.38,36.29,10:42:36,141.48,200,141.55,100,141.53,100
8752,0.63,0.24,0.39,1.24,10:43:01,141.43,200,141.54,100,141.445,100
8923,0.74,0.3,0.44,32.379999999999995,10:44:32,141.41,100,141.54,100,141.415,100
9029,3.6,2.99,0.61,0.0,10:46:00,141.47,200,141.57,200,141.55,100
9063,0.7899999999999999,0.22,0.57,21.39,10:46:21,141.53,100,141.62,100,141.57,100
9205,0.62,0.22,0.4,11.999999999999998,10:48:11,141.58,200,141.67,300,141.66,100
9217,0.62,0.19,0.43,19.800000000000004,10:48:19,141.62,100,141.72,300,141.67,100
9315,0.62,0.23,0.39,15.97,10:49:15,141.38,100,141.56,200,141.385,100
9465,2.38,1.88,0.5,0.0,10:51:00,141.26,1500,141.46,100,141.345,100
9474,0.6100000000000001,0.07,0.54,11.04,10:51:11,141.26,100,141.35,100,141.33,100
9500,0.59,0.22,0.37,28.790000000000006,10:51:28,141.11,100,141.31,100,141.21,100
9557,0.8200000000000001,0.18,0.64,0.0,10:52:00,141.11,100,141.22,200,141.19,100
9564,0.6100000000000001,0.27,0.34,4.82,10:52:04,141.09,100,141.21,100,141.2,100
9576,0.62,0.21,0.41,12.589999999999998,10:52:12,141.06,200,141.22,200,141.14,100
9588,0.64,0.17,0.47,20.830000000000005,10:52:20,141.06,200,141.18,100,141.16,100
9756,118.97,118.36,0.61,0.0,10:56:00,141.05,500,141.19,100,141.05,100
9858,0.42,0.07,0.35,0.0,10:57:00,141.08,100,141.18,100,141.08,100
9893,0.44,0.07,0.37,20.0,10:57:20,141.02,100,141.14,100,141.076,103
9959,0.5800000000000001,0.07,0.51,0.0,10:58:00,141.02,100,141.14,100,141.0818,100
10007,2.17,1.58,0.59,2.61,10:59:02,141.11,200,141.27,100,141.15,100
10100,1.19,0.61,0.58,1.19,11:00:01,141.21,100,141.48,100,141.3425,100
10998,0.6300000000000001,0.07,0.56,23.78,11:12:23,141.24,100,141.43,100,141.3,100
11073,0.78,0.17,0.61,0.0,11:13:00,141.26,600,141.44,100,141.35,100
11246,2.5799999999999996,2.01,0.57,0.0,11:17:00,141.26,100,141.39,100,141.29,100
11338,0.44,0.08,0.36,0.0,11:18:00,141.4,100,141.56,100,141.45,100
12263,0.43,0.07,0.36,27.330000000000005,11:31:27,141.22,1800,141.4,100,141.3125,100
12483,2.96,2.53,0.43,6.38,11:34:06,141.21,100,141.33,200,141.25,100
12544,0.61,0.19,0.42,45.8,11:34:45,141.17,100,141.32,100,141.2525,250
12722,1.6,1.07,0.53,2.81,11:38:02,141.12,100,141.24,100,141.13,100
12834,0.6100000000000001,0.07,0.54,14.379999999999999,11:41:14,141.04,200,141.14,200,141.04,100
12885,0.42000000000000004,0.22,0.2,2.0900000000000003,11:42:02,140.94,100,141.06,200,141.0075,100
12890,2.3,2.0,0.3,5.7700000000000005,11:42:05,140.91,100,141.06,200,140.985,100
12905,1.42,1.16,0.26,12.929999999999998,11:42:12,140.93,100,141.11,100,141.06,100
12908,0.24000000000000002,0.07,0.17,13.649999999999999,11:42:13,140.93,100,141.11,100,140.96,391
12994,0.27,0.08,0.19,45.94,11:42:45,140.93,100,141.07,100,141.01,100
13057,0.44999999999999996,0.21,0.24,0.0,11:43:00,140.92,100,141.08,100,141.005,100
13072,0.3,0.08,0.22,8.15,11:43:08,140.92,200,141.06,100,140.94,100
13091,0.28,0.07,0.21,14.919999999999998,11:43:14,140.92,300,141.07,300,140.93,100
13142,84.78,84.59,0.19,0.0,11:45:00,140.9,100,141.05,100,140.9,100
13308,2.19,1.99,0.2,0.0,11:46:00,140.92,200,141.05,100,140.92,100
13447,0.8200000000000001,0.51,0.31,10.559999999999999,11:47:10,140.9,100,141.01,200,140.91,100
13590,0.47000000000000003,0.27,0.2,0.0,11:48:00,140.87,100,140.99,100,140.88,100
13598,3.7800000000000002,3.6,0.18,9.469999999999999,11:48:09,140.87,100,140.99,100,140.87,100
13826,0.38,0.2,0.18,12.220000000000002,11:49:12,140.93,100,141.0,100,140.965,200
13858,0.31000000000000005,0.14,0.17,22.11,11:49:22,140.93,300,141.0,100,140.95,100
13897,1.24,1.0,0.24,4.18,11:50:04,141.0,100,141.09,200,141.0447,300
13989,0.29000000000000004,0.12,0.17,42.1,11:50:42,141.02,100,141.08,100,141.07,100
14073,0.27,0.08,0.19,21.880000000000003,11:51:21,141.05,100,141.13,200,141.11,100
15020,0.35,0.18,0.17,8.39,11:57:08,140.92,100,141.05,100,140.99,100
15398,0.38,0.14,0.24,0.0,12:00:00,140.88,100,141.0,100,140.89,100
15528,0.36,0.2,0.16,47.94999999999999,12:00:47,140.88,200,140.99,100,140.97,100
15546,0.35,0.17,0.18,54.00000000000001,12:00:54,140.93,200,141.01,100,141.0,100
15581,1.71,1.42,0.29,4.47,12:01:04,140.98,100,141.06,100,141.02,100
16370,0.33999999999999997,0.18,0.16,0.0,12:06:00,140.95,100,141.04,200,141.0059,177
16720,0.48,0.24,0.24,6.200000000000001,12:08:06,140.85,400,140.94,100,140.86,100
16737,0.31,0.09,0.22,12.159999999999998,12:08:12,140.68,100,140.79,100,140.73,100
16775,0.48,0.15,0.33,26.139999999999997,12:08:26,140.52,100,140.78,200,140.69,100
17041,0.31,0.13,0.18,0.0,12:10:00,140.66,200,140.81,100,140.81,100
17319,0.37,0.17,0.2,0.0,12:12:00,140.7,100,140.83,100,140.7362,500
17372,0.25,0.07,0.18,23.800000000000008,12:12:23,140.7,200,140.83,100,140.7051,100
17418,0.41000000000000003,0.19,0.22,39.090000000000025,12:12:39,140.71,100,140.82,100,140.77,100
17763,1.74,1.51,0.23,0.0,12:15:00,140.75,100,140.81,200,140.75,100
17831,0.44999999999999996,0.24,0.21,28.4,12:15:28,140.76,100,140.8,200,140.78,100
17862,0.42000000000000004,0.23,0.19,38.35999999999999,12:15:38,140.73,200,140.8,200,140.76,100
17868,0.35,0.14,0.21,40.2,12:15:40,140.73,200,140.8,200,140.74,100
18033,0.32,0.12,0.2,0.0,12:16:00,140.75,100,140.84,300,140.79,100
18176,0.36,0.2,0.16,0.0,12:17:00,140.67,100,140.74,100,140.71,100
18204,0.28,0.11,0.17,8.080000000000002,12:17:08,140.67,100,140.74,100,140.72,100
18223,0.33999999999999997,0.18,0.16,0.0,12:18:00,140.67,100,140.74,100,140.68,100
18753,0.27,0.07,0.2,4.199999999999999,12:21:04,140.84,100,140.89,100,140.84,100
18947,0.4,0.21,0.19,42.14,12:22:42,140.78,700,140.92,100,140.85,100
20029,0.44,0.26,0.18,52.40000000000002,12:29:52,140.8,200,140.95,100,140.82,100
20100,0.27,0.07,0.2,0.0,12:30:00,140.78,100,140.92,100,140.8,100
20598,0.29000000000000004,0.07,0.22,24.07,12:33:24,140.54,100,140.73,200,140.66,100
20967,0.41000000000000003,0.24,0.17,0.0,12:36:00,140.6,100,140.75,200,140.62,100
20976,1.09,0.92,0.17,8.13,12:36:08,140.54,100,140.67,100,140.59,100
21056,0.24000000000000002,0.07,0.17,39.97,12:36:39,140.47,100,140.64,100,140.54,100
21134,0.43,0.21,0.22,0.0,12:37:00,140.48,1600,140.64,100,140.55,100
21325,0.6100000000000001,0.27,0.34,0.0,12:38:00,140.59,200,140.65,100,140.64,100
21349,0.4,0.19,0.21,7.909999999999999,12:38:07,140.63,200,140.67,100,140.65,100
21422,0.24000000000000002,0.07,0.17,4.970000000000001,12:39:04,140.64,300,140.73,200,140.7,100
22266,0.33999999999999997,0.13,0.21,18.02,12:47:18,140.73,200,140.84,100,140.83,100
22272,0.26,0.07,0.19,19.909999999999997,12:47:19,140.73,200,140.84,100,140.785,300
22865,0.36,0.2,0.16,0.0,12:51:00,140.9,200,140.95,100,140.915,100
23672,0.25,0.08,0.17,46.089999999999975,12:56:46,140.94,100,140.98,300,140.98,100
24019,0.42000000000000004,0.22,0.2,0.0,13:00:00,140.91,100,141.0,200,140.955,100
24135,0.41000000000000003,0.24,0.17,0.0,13:01:00,140.91,200,141.0,200,140.995,100
24295,2.88,2.71,0.17,0.0,13:02:00,140.91,200,141.0,200,140.9427,100
25122,0.4,0.18,0.22,0.0,13:10:00,140.74,600,140.85,100,140.795,100
26132,0.6,0.21,0.39,0.0,13:20:00,140.81,200,140.92,100,140.865,100
26419,0.8,0.19,0.61,44.38000000000001,13:23:44,141.05,100,141.12,100,141.1004,100
26733,1.21,0.07,1.14,0.0,13:29:00,141.07,100,141.15,100,141.1,100
27110,1.22,0.07,1.15,0.0,13:38:00,141.01,200,141.1,100,141.0525,100
27547,1.1900000000000002,0.07,1.12,0.0,13:48:00,140.96,100,141.05,100,141.0133,150
27687,1.01,0.23,0.78,31.589999999999993,13:50:31,141.03,300,141.12,100,141.0692,300
27723,2.3899999999999997,1.63,0.76,0.0,13:51:00,140.96,100,141.07,200,141.0338,144
27927,1.21,0.12,1.09,7.99,13:55:07,141.04,100,141.1,100,141.0583,124
28063,0.99,0.07,0.92,0.0,13:57:00,140.95,200,141.07,100,141.0041,100
28196,1.21,0.08,1.13,0.0,14:00:00,140.96,400,141.07,200,141.015,100
28290,1.17,0.13,1.04,11.379999999999999,14:02:11,140.97,900,141.12,400,141.045,100
28506,1.42,0.2,1.22,24.0,14:06:24,140.95,200,141.07,200,140.9985,212
28585,0.81,0.07,0.74,0.0,14:08:00,140.9,300,141.03,300,140.9565,100
30102,0.5900000000000001,0.07,0.52,0.0,14:30:00,140.78,300,140.87,300,140.8371,100
30109,0.99,0.37,0.62,4.8100000000000005,14:30:04,140.78,300,140.87,300,140.847,200
30277,0.6,0.23,0.37,51.97000000000003,14:31:51,140.8,100,140.87,200,140.835,100
30449,0.77,0.18,0.59,0.0,14:34:00,140.87,200,140.96,100,140.905,200
30695,0.6000000000000001,0.28,0.32,2.42,14:39:02,140.93,300,140.98,100,140.9661,200
33023,0.64,0.14,0.5,10.040000000000001,15:08:10,141.24,100,141.27,100,141.255,100
34126,0.75,0.15,0.6,0.0,15:21:00,141.17,100,141.25,100,141.2044,102
34948,0.76,0.1,0.66,9.77,15:31:09,141.11,200,141.17,100,141.1699,900
35115,3.4099999999999997,2.84,0.57,0.0,15:33:00,140.94,100,141.01,100,140.941,500
35412,0.61,0.2,0.41,16.19,15:36:16,140.84,300,140.91,200,140.8783,100
35419,0.43,0.07,0.36,20.000000000000004,15:36:20,140.84,300,140.91,200,140.875,274
35819,3.1500000000000004,2.6,0.55,0.0,15:41:00,140.65,100,140.7,200,140.67,100
35833,1.39,0.94,0.45,8.200000000000001,15:41:08,140.62,100,140.67,100,140.63,100
35864,0.63,0.27,0.36,25.68,15:41:25,140.62,200,140.67,100,140.645,200
35892,0.8300000000000001,0.15,0.68,45.7,15:41:45,140.66,200,140.71,100,140.6736,1000
36076,5.37,4.93,0.44,0.0,15:44:00,140.61,100,140.67,200,140.61,100
36222,0.45,0.14,0.31,41.79000000000001,15:45:41,140.57,200,140.63,300,140.58,100
36236,0.5900000000000001,0.07,0.52,49.96000000000001,15:45:49,140.54,200,140.57,300,140.57,100
36254,0.6,0.21,0.39,0.0,15:46:00,140.53,200,140.58,100,140.53,100
36260,0.59,0.12,0.47,8.17,15:46:08,140.51,100,140.57,100,140.52,100
36265,0.61,0.08,0.53,11.989999999999998,15:46:11,140.49,100,140.58,200,140.5,100
36286,0.62,0.18,0.44,26.429999999999996,15:46:26,140.48,100,140.57,100,140.48,100
36292,0.77,0.22,0.55,30.189999999999998,15:46:30,140.47,300,140.56,100,140.47,100
36316,0.8099999999999999,0.24,0.57,48.350000000000016,15:46:48,140.47,100,140.55,100,140.471,200
36322,0.62,0.08,0.54,52.16000000000001,15:46:52,140.46,300,140.53,100,140.51,100
36325,0.76,0.15,0.61,0.0,15:47:00,140.46,100,140.52,200,140.46,100
36395,0.59,0.18,0.41,48.07000000000004,15:47:48,140.47,100,140.51,100,140.49,100
36424,0.95,0.36,0.59,3.75,15:48:03,140.44,200,140.51,500,140.45,400
36426,5.03,4.49,0.54,9.600000000000001,15:48:09,140.46,100,140.51,200,140.485,100
36456,0.63,0.23,0.4,31.98999999999999,15:48:31,140.53,100,140.58,100,140.56,100
36481,0.64,0.18,0.46,50.009999999999984,15:48:50,140.55,300,140.57,100,140.5699,250
36536,0.5700000000000001,0.11,0.46,25.419999999999995,15:49:25,140.55,400,140.58,200,140.565,100
36620,0.58,0.08,0.5,29.940000000000012,15:50:29,140.52,100,140.59,500,140.555,100
36687,0.8099999999999999,0.08,0.73,24.139999999999993,15:51:24,140.54,100,140.57,100,140.5625,100
36775,0.45,0.07,0.38,23.249999999999996,15:52:23,140.54,200,140.61,300,140.575,100
36841,0.76,0.18,0.58,30.220000000000002,15:53:30,140.6,200,140.65,300,140.625,100
36860,0.6499999999999999,0.08,0.57,44.239999999999995,15:53:44,140.69,200,140.73,200,140.705,100
36865,0.74,0.07,0.67,47.97999999999999,15:53:47,140.55,100,140.64,200,140.6,100
36881,0.7799999999999999,0.21,0.57,58.38,15:53:58,140.56,100,140.63,100,140.595,100
36918,0.62,0.18,0.44,15.809999999999995,15:54:15,140.6,200,140.67,400,140.635,100
37087,0.56,0.07,0.49,24.82,15:56:24,140.54,400,140.63,200,140.585,100
37152,0.6300000000000001,0.07,0.56,13.610000000000001,15:57:13,140.58,500,140.63,600,140.605,400
37192,1.8399999999999999,1.27,0.57,15.580000000000002,15:59:15,140.49,300,140.53,400,140.515,100
37246,0.56,0.07,0.49,52.13000000000002,15:59:52,140.46,100,140.49,100,140.475,100
