,Total Delay,Request Delay,Saving Delay,Arrival Time,Time,Bid,Bid Size,Ask,Ask Size,Last Price,Last Size
0,0.6499999999999999,0.3,0.35,0.6499999999999999,09:30:00,53.64,1700,53.68,100,53.666000000000004,500
22,0.3,0.08,0.22,8.47,09:30:08,53.64,1700,53.68,100,53.6672,2401
28,0.5800000000000001,0.27,0.31,10.940000000000001,09:30:10,53.6,200,53.66,100,53.64,570
37,0.44,0.21,0.23,14.589999999999998,09:30:14,53.59,100,53.66,300,53.6348,200
42,0.32,0.07,0.25,16.54,09:30:16,53.59,100,53.62,600,53.6179,181
51,0.4,0.18,0.22,0.0,09:31:00,53.53,500,53.58,200,53.54,100
56,0.30000000000000004,0.07,0.23,3.0,09:31:03,53.53,600,53.58,200,53.595,100
69,0.42,0.21,0.21,10.05,09:31:10,53.55,400,53.58,200,53.5581,600
75,0.89,0.62,0.27,14.64,09:31:14,53.58,100,53.59,100,53.58,100
77,1.79,1.43,0.36,16.86,09:31:16,53.58,300,53.6,200,53.59,200
110,0.5,0.28,0.22,30.250000000000007,09:31:30,53.55,21600,53.6,200,53.571999999999996,350
122,0.32,0.12,0.2,34.120000000000005,09:31:34,53.59,200,53.61,300,53.6,100
133,0.26,0.07,0.19,38.19000000000001,09:31:38,53.65,100,53.66,100,53.65,100
138,0.38,0.07,0.31,40.16000000000001,09:31:40,53.65,300,53.66,100,53.66,100
144,0.46,0.18,0.28,42.48000000000002,09:31:42,53.63,200,53.66,400,53.6565,200
163,0.43,0.24,0.19,50.31000000000002,09:31:50,53.55,20500,53.56,100,53.55,880
169,0.27,0.07,0.2,52.04000000000002,09:31:52,53.55,20500,53.6,800,53.57,100
182,0.33,0.07,0.26,56.280000000000015,09:31:56,53.55,20600,53.59,100,53.56,100
193,0.41000000000000003,0.21,0.2,0.0,09:32:00,53.61,200,53.63,200,53.62,100
197,2.11,1.93,0.18,2.9299999999999997,09:32:02,53.63,200,53.65,200,53.63,300
202,2.2199999999999998,2.03,0.19,12.73,09:32:12,53.6,200,53.62,300,53.61,100
214,0.33999999999999997,0.18,0.16,17.919999999999998,09:32:17,53.61,300,53.62,100,53.615,100
241,0.26,0.09,0.17,26.129999999999995,09:32:26,53.6,100,53.61,900,53.605,100
252,0.24000000000000002,0.07,0.17,30.059999999999988,09:32:30,53.5,12100,53.52,200,53.51,100
270,0.36,0.2,0.16,36.26999999999998,09:32:36,53.52,100,53.54,200,53.53,100
343,2.23,1.98,0.25,3.41,09:33:03,53.58,100,53.59,100,53.5838,600
412,0.47000000000000003,0.27,0.2,35.970000000000006,09:33:35,53.5,200,53.52,300,53.48,100
418,0.42,0.21,0.21,38.30000000000001,09:33:38,53.5,200,53.51,100,53.49,100
423,0.28,0.07,0.21,40.030000000000015,09:33:40,53.49,200,53.5,200,53.5,100
433,0.26,0.07,0.19,43.81000000000001,09:33:43,53.49,100,53.5,200,53.493,100
458,0.27,0.09,0.18,52.11000000000001,09:33:52,53.45,200,53.46,100,53.45,200
464,0.39,0.17,0.22,54.36000000000001,09:33:54,53.43,100,53.45,300,53.43,400
475,0.32,0.09,0.23,58.21000000000001,09:33:58,53.45,200,53.46,200,53.46,100
480,0.28,0.11,0.17,0.0,09:34:00,53.43,600,53.44,400,53.44,100
492,0.34,0.14,0.2,4.010000000000001,09:34:04,53.46,200,53.48,300,53.47,100
511,0.48,0.27,0.21,14.19,09:34:14,53.53,200,53.55,200,53.5391,342
513,2.17,1.87,0.3,16.61,09:34:16,53.51,100,53.52,200,53.52,100
531,0.51,0.17,0.34,28.27999999999999,09:34:28,53.56,500,53.57,100,53.5699,200
539,0.42,0.18,0.24,31.589999999999993,09:34:31,53.57,500,53.58,400,53.5758,1100
614,0.38,0.08,0.3,0.0,09:35:00,53.52,300,53.54,200,53.5297,100
623,1.67,1.41,0.26,11.46,09:35:11,53.52,700,53.53,200,53.525,200
628,0.45,0.22,0.23,16.62,09:35:16,53.5,300,53.52,200,53.515,200
636,0.43,0.22,0.21,20.59,09:35:20,53.51,400,53.52,100,53.5101,200
653,0.44,0.22,0.22,26.840000000000003,09:35:26,53.52,200,53.53,100,53.5264,100
686,0.6200000000000001,0.28,0.34,39.32000000000001,09:35:39,53.53,400,53.54,100,53.5356,100
771,2.1,1.83,0.27,9.56,09:36:09,53.47,200,53.49,100,53.479,100
778,0.39,0.21,0.18,14.140000000000002,09:36:14,53.49,600,53.51,400,53.4904,930
785,0.42,0.21,0.21,20.21,09:36:20,53.47,200,53.48,100,53.4856,100
790,0.38,0.09,0.29,22.240000000000002,09:36:22,53.47,100,53.48,500,53.4777,500
814,0.5800000000000001,0.19,0.39,32.25,09:36:32,53.47,300,53.49,200,53.4763,500
882,0.47000000000000003,0.08,0.39,0.0,09:37:00,53.49,200,53.5,500,53.495,100
901,2.69,2.4,0.29,14.19,09:37:14,53.41,1400,53.42,100,53.42,100
905,0.42000000000000004,0.1,0.32,15.8,09:37:15,53.41,1600,53.42,100,53.41,170
918,0.49,0.14,0.35,21.8,09:37:21,53.4,1000,53.41,600,53.4,100
922,0.43,0.08,0.35,23.94,09:37:23,53.39,100,53.4,700,53.3964,200
926,0.53,0.1,0.43,25.900000000000006,09:37:25,53.39,100,53.4,700,53.39,100
931,0.5,0.07,0.43,28.290000000000003,09:37:28,53.37,100,53.38,700,53.3638,200
934,0.35000000000000003,0.07,0.28,29.760000000000005,09:37:29,53.39,200,53.4,100,53.38,100
970,0.46,0.2,0.26,43.899999999999984,09:37:43,53.41,200,53.42,400,53.4164,1000
984,0.41,0.12,0.29,49.68999999999997,09:37:49,53.4,200,53.42,400,53.4047,100
998,0.48,0.21,0.27,0.0,09:38:00,53.4,300,53.42,400,53.4099,350
1028,0.34,0.08,0.26,17.89,09:38:17,53.38,200,53.39,4500,53.385,100
1075,0.30000000000000004,0.07,0.23,39.77999999999999,09:38:39,53.35,5300,53.36,300,53.36,100
1104,0.45,0.18,0.27,52.10999999999998,09:38:52,53.36,300,53.37,200,53.37,100
1113,0.51,0.21,0.3,56.069999999999986,09:38:56,53.35,400,53.36,400,53.3588,100
1117,0.62,0.27,0.35,57.899999999999984,09:38:57,53.33,300,53.35,200,53.34,100
1127,0.44,0.18,0.26,2.0300000000000002,09:39:02,53.33,200,53.34,400,53.33,180
1132,0.47,0.23,0.24,4.19,09:39:04,53.33,400,53.35,300,53.3301,100
1137,0.31,0.08,0.23,8.25,09:39:08,53.35,200,53.36,200,53.35,100
1149,0.26,0.07,0.19,14.660000000000002,09:39:14,53.32,100,53.33,200,53.335,120
1157,0.61,0.37,0.24,18.53,09:39:18,53.33,200,53.34,100,53.3365,300
1177,0.36,0.15,0.21,28.120000000000008,09:39:28,53.31,200,53.32,100,53.31,100
1187,0.34,0.08,0.26,32.19000000000001,09:39:32,53.31,200,53.32,100,53.32,100
1197,0.53,0.17,0.36,36.18000000000002,09:39:36,53.31,200,53.32,200,53.3193,100
1211,0.45,0.2,0.25,42.32000000000003,09:39:42,53.31,500,53.32,400,53.315,200
1216,0.49,0.22,0.27,44.52000000000004,09:39:44,53.26,100,53.27,200,53.29,100
1220,0.29000000000000004,0.07,0.22,45.92000000000004,09:39:45,53.28,200,53.3,200,53.28,100
1238,0.38,0.19,0.19,52.20000000000004,09:39:52,53.26,200,53.27,100,53.27,100
1256,0.5800000000000001,0.3,0.28,58.28000000000003,09:39:58,53.29,200,53.3,200,53.3,100
1308,0.42,0.18,0.24,26.049999999999997,09:40:26,53.32,400,53.33,100,53.325,200
1337,0.48,0.21,0.27,36.419999999999995,09:40:36,53.3,900,53.32,300,53.3036,700
1346,0.45,0.19,0.26,39.949999999999996,09:40:39,53.31,200,53.32,400,53.3101,1000
1430,0.3,0.08,0.22,14.68,09:41:14,53.29,200,53.3,200,53.3092,200
1439,3.9699999999999998,3.65,0.32,22.02,09:41:22,53.3,300,53.31,600,53.3099,200
1528,0.33,0.07,0.26,54.33,09:41:54,53.31,200,53.32,200,53.3156,1000
1595,0.7,0.24,0.46,31.999999999999993,09:42:31,53.26,800,53.27,500,53.265,400
1606,0.48,0.22,0.26,36.20999999999999,09:42:36,53.26,900,53.27,500,53.26,500
1622,0.33,0.07,0.26,43.80999999999999,09:42:43,53.27,600,53.28,300,53.275,100
1662,0.4,0.1,0.3,0.0,09:43:00,53.3,100,53.31,300,53.305,100
1730,0.3,0.08,0.22,31.82,09:43:31,53.37,100,53.38,400,53.375,250
1783,0.29,0.08,0.21,52.02000000000001,09:43:52,53.4,400,53.42,200,53.405,200
1815,0.33,0.07,0.26,4.07,09:44:04,53.39,500,53.4,100,53.395,200
1970,1.2,0.89,0.31,12.739999999999998,09:45:12,53.35,300,53.36,200,53.365,100
1981,0.5,0.2,0.3,20.28,09:45:20,53.33,300,53.34,400,53.339,350
2025,0.35000000000000003,0.08,0.27,37.95000000000002,09:45:37,53.39,600,53.4,200,53.3981,5000
2036,0.5,0.21,0.29,42.18000000000002,09:45:42,53.4,400,53.42,500,53.4056,131
2046,0.41000000000000003,0.15,0.26,45.80000000000002,09:45:45,53.45,100,53.46,300,53.4511,900
2098,0.31,0.08,0.23,4.01,09:46:04,53.41,1000,53.42,200,53.4197,300
2124,0.31,0.09,0.22,21.930000000000003,09:46:21,53.53,400,53.54,100,53.531000000000006,100
2174,0.43000000000000005,0.23,0.2,40.140000000000015,09:46:40,53.66,100,53.68,400,53.68,100
2180,0.28,0.08,0.2,42.00000000000002,09:46:42,53.65,100,53.67,200,53.6525,400
2197,0.34,0.14,0.2,48.090000000000025,09:46:48,53.66,700,53.67,100,53.67,100
2209,0.53,0.27,0.26,52.00000000000003,09:46:52,53.74,200,53.75,200,53.74,100
2221,0.44,0.22,0.22,56.23000000000003,09:46:56,53.73,400,53.74,200,53.7386,500
2227,0.25,0.07,0.18,0.0,09:47:00,53.7,100,53.71,300,53.71,100
2255,0.26,0.08,0.18,10.06,09:47:10,53.61,200,53.63,100,53.6396,430
2263,1.56,1.22,0.34,18.969999999999995,09:47:18,53.62,800,53.64,200,53.6339,1400
2279,0.5,0.21,0.29,24.439999999999994,09:47:24,53.67,800,53.7,200,53.7,150
2295,0.44999999999999996,0.09,0.36,30.199999999999992,09:47:30,53.73,700,53.74,100,53.7399,283
2300,0.54,0.2,0.34,32.56999999999999,09:47:32,53.72,100,53.73,200,53.73,100
2321,0.4,0.2,0.2,40.05,09:47:40,53.74,300,53.76,100,53.75,100
2347,0.42,0.21,0.21,50.059999999999995,09:47:50,53.75,300,53.77,100,53.7586,200
2358,0.36000000000000004,0.08,0.28,54.33999999999999,09:47:54,53.75,400,53.77,200,53.76,100
2368,0.33,0.1,0.23,58.28999999999998,09:47:58,53.76,300,53.78,100,53.77,100
2409,0.31,0.08,0.23,15.780000000000003,09:48:15,53.77,200,53.78,200,53.7744,300
2414,3.29,3.03,0.26,20.97,09:48:20,53.78,400,53.79,100,53.78,100
2417,0.29000000000000004,0.07,0.22,21.859999999999996,09:48:21,53.78,400,53.79,100,53.79,100
2439,0.6100000000000001,0.27,0.34,29.459999999999994,09:48:29,53.79,200,53.8,100,53.8,100
2440,0.24000000000000002,0.07,0.17,29.699999999999992,09:48:29,53.81,100,53.83,100,53.81100000000001,1200
2447,0.42000000000000004,0.23,0.19,31.899999999999995,09:48:31,53.8,200,53.83,300,53.8212,1000
2458,0.34,0.17,0.17,35.73,09:48:35,53.8,300,53.83,200,53.8186,200
2474,0.5900000000000001,0.25,0.34,42.129999999999995,09:48:42,53.81,200,53.83,100,53.81,100
2485,0.34,0.07,0.27,45.93,09:48:45,53.79,200,53.82,200,53.7975,100
2502,0.25,0.07,0.18,51.68,09:48:51,53.81,400,53.83,200,53.82,100
2508,0.30000000000000004,0.07,0.23,53.71000000000001,09:48:53,53.81,400,53.83,100,53.8299,113
2517,0.44,0.2,0.24,57.170000000000016,09:48:57,53.83,100,53.84,200,53.84,100
2524,0.51,0.2,0.31,0.0,09:49:00,53.83,400,53.85,200,53.83,100
2543,2.41,1.99,0.42,11.760000000000002,09:49:11,53.83,900,53.85,300,53.8408,400
2547,0.38,0.18,0.2,13.720000000000002,09:49:13,53.81,100,53.83,300,53.821999999999996,500
2549,4.069999999999999,3.78,0.29,18.07,09:49:18,53.81,100,53.83,300,53.8143,559
2569,0.66,0.23,0.43,28.150000000000002,09:49:28,53.82,500,53.84,100,53.8386,200
2695,0.28,0.07,0.21,25.92,09:50:25,53.8,100,53.81,200,53.8054,100
2700,0.27,0.07,0.2,28.060000000000002,09:50:28,53.8,200,53.81,200,53.8092,200
2720,0.59,0.24,0.35,36.040000000000006,09:50:36,53.79,100,53.81,200,53.7988,200
2742,0.39,0.21,0.18,43.98000000000001,09:50:43,53.78,100,53.8,300,53.7913,110
2767,0.33,0.08,0.25,58.02000000000001,09:50:58,53.78,200,53.8,300,53.7864,2000
2785,0.33,0.13,0.2,0.0,09:51:00,53.78,400,53.8,1300,53.7874,1400
2796,0.33,0.13,0.2,5.930000000000001,09:51:05,53.79,400,53.8,1300,53.795,100
2864,0.34,0.08,0.26,35.699999999999996,09:51:35,53.77,200,53.78,200,53.775,100
2896,0.30000000000000004,0.07,0.23,47.679999999999986,09:51:47,53.76,100,53.77,300,53.765,100
2907,0.25,0.07,0.18,51.729999999999976,09:51:51,53.75,300,53.76,400,53.755,100
2946,0.25,0.07,0.18,13.11,09:52:13,53.74,400,53.75,200,53.745,100
2948,0.29000000000000004,0.07,0.22,13.66,09:52:13,53.74,400,53.75,100,53.7453,200
2953,0.25,0.07,0.18,15.7,09:52:15,53.74,300,53.75,400,53.7442,500
2959,0.41000000000000003,0.22,0.19,17.81,09:52:17,53.72,200,53.73,400,53.725,100
3030,0.39,0.22,0.17,41.860000000000014,09:52:41,53.73,500,53.74,600,53.735,100
3042,0.57,0.21,0.36,46.14000000000001,09:52:46,53.71,500,53.72,200,53.715,100
3047,0.41000000000000003,0.18,0.23,47.91000000000001,09:52:47,53.71,500,53.72,300,53.72,100
3088,0.42,0.18,0.24,9.83,09:53:09,53.71,400,53.72,300,53.7107,100
3183,0.28,0.1,0.18,45.63999999999997,09:53:45,53.69,300,53.7,200,53.69,100
3214,0.24000000000000002,0.07,0.17,55.72999999999997,09:53:55,53.69,400,53.7,100,53.695,100
3241,1.1800000000000002,0.92,0.26,11.89,09:54:11,53.68,1300,53.69,300,53.685,200
3274,0.24000000000000002,0.07,0.17,27.850000000000005,09:54:27,53.67,400,53.68,500,53.675,100
3336,0.38,0.21,0.17,47.87000000000002,09:54:47,53.66,300,53.67,300,53.667,225
3377,0.33999999999999997,0.13,0.21,1.79,09:55:01,53.66,100,53.67,1100,53.665,100
3479,0.27,0.07,0.2,48.01000000000002,09:55:48,53.65,5100,53.66,1100,53.651,113
3500,0.47,0.22,0.25,56.16000000000002,09:55:56,53.65,5100,53.66,1000,53.655,100
3554,0.52,0.22,0.3,24.080000000000002,09:56:24,53.66,100,53.67,200,53.6601,100
3568,0.55,0.21,0.34,30.299999999999997,09:56:30,53.67,600,53.68,100,53.6793,370
3700,0.33,0.14,0.19,27.92,09:57:27,53.59,300,53.6,300,53.5913,175
3858,0.35,0.16,0.19,33.99000000000001,09:58:33,53.64,200,53.66,200,53.6488,200
3875,0.35,0.12,0.23,40.150000000000006,09:58:40,53.63,100,53.64,300,53.645,200
3918,0.32,0.12,0.2,55.99,09:58:55,53.6,200,53.61,200,53.607,500
4133,0.46,0.18,0.28,24.220000000000006,10:00:24,53.63,1200,53.64,300,53.635,100
4145,0.45000000000000007,0.17,0.28,30.170000000000005,10:00:30,53.61,500,53.62,200,53.6144,151
4206,0.5,0.12,0.38,0.0,10:01:00,53.6,100,53.61,200,53.608999999999995,100
4210,0.35000000000000003,0.07,0.28,1.6,10:01:01,53.6,600,53.61,100,53.6085,100
4279,0.45,0.23,0.22,33.49000000000001,10:01:33,53.6,300,53.61,700,53.6061,100
4293,0.44000000000000006,0.27,0.17,37.600000000000016,10:01:37,53.6,300,53.61,700,53.6099,500
4342,0.28,0.1,0.18,53.47000000000005,10:01:53,53.61,200,53.62,400,53.6158,600
4438,0.32,0.08,0.24,40.00000000000001,10:02:40,53.65,300,53.66,700,53.6554,100
4589,0.36,0.2,0.16,37.86,10:03:37,53.69,300,53.7,600,53.691,100
4595,0.27,0.1,0.17,39.790000000000006,10:03:39,53.69,200,53.7,700,53.6911,300
4683,2.75,2.41,0.34,19.63,10:04:19,53.76,400,53.77,200,53.7658,5000
4685,0.29000000000000004,0.09,0.2,20.18,10:04:20,53.76,500,53.77,200,53.7651,400
4707,0.39,0.11,0.28,28.380000000000003,10:04:28,53.78,300,53.79,200,53.785,200
4742,0.5700000000000001,0.27,0.3,42.279999999999994,10:04:42,53.78,200,53.79,100,53.7859,100
4782,0.74,0.2,0.54,58.709999999999994,10:04:58,53.85,400,53.86,400,53.858999999999995,161
4785,0.46,0.08,0.38,0.0,10:05:00,53.86,300,53.87,100,53.869,1082
4793,0.42000000000000004,0.09,0.33,4.1000000000000005,10:05:04,53.86,200,53.87,200,53.8661,150
4806,0.38,0.19,0.19,9.870000000000001,10:05:09,53.86,400,53.87,200,53.865,100
4812,0.49,0.2,0.29,14.160000000000002,10:05:14,53.84,200,53.85,800,53.86,100
4818,0.37,0.17,0.2,16.070000000000004,10:05:16,53.83,200,53.84,300,53.845,100
4822,2.16,1.81,0.35,21.390000000000004,10:05:21,53.86,200,53.87,300,53.87,100
4850,0.3,0.08,0.22,31.759999999999998,10:05:31,53.87,400,53.88,300,53.879,100
4857,0.4,0.22,0.18,34.0,10:05:34,53.89,300,53.9,200,53.9,100
4869,0.26,0.08,0.18,37.82999999999999,10:05:37,53.92,300,53.94,500,53.93,100
4875,0.24000000000000002,0.07,0.17,39.71999999999999,10:05:39,53.93,100,53.93,100,53.9206,716
4882,0.33,0.07,0.26,42.00999999999999,10:05:42,53.92,200,53.93,200,53.925,135
4912,0.42,0.24,0.18,54.039999999999964,10:05:54,53.93,400,53.94,1100,53.94,100
4928,0.37,0.19,0.18,0.0,10:06:00,53.91,400,53.92,200,53.915,100
4935,0.26,0.07,0.19,2.21,10:06:02,53.92,200,53.93,1600,53.92,100
4952,2.39,2.14,0.25,18.880000000000003,10:06:18,53.94,500,53.95,200,53.9499,100
4956,0.25,0.08,0.17,22.000000000000004,10:06:22,53.9,400,53.92,200,53.9199,12987
4982,0.5,0.2,0.3,30.209999999999994,10:06:30,53.9,600,53.91,300,53.91,100
4994,0.45999999999999996,0.22,0.24,34.25999999999999,10:06:34,53.88,400,53.89,200,53.89,100
4999,0.37,0.17,0.2,36.12999999999999,10:06:36,53.87,100,53.88,1100,53.88,100
5020,0.45,0.25,0.2,44.01000000000001,10:06:44,53.87,100,53.88,800,53.8725,200
5056,0.38,0.22,0.16,55.98000000000003,10:06:55,53.85,600,53.87,700,53.8542,500
5085,0.23,0.07,0.16,0.0,10:07:00,53.84,100,53.85,300,53.85,100
5187,0.31,0.12,0.19,42.80000000000002,10:07:42,53.81,200,53.82,1800,53.815,100
5207,0.31,0.12,0.19,48.75000000000002,10:07:48,53.81,200,53.82,1800,53.8199,355
5214,0.27,0.09,0.18,51.08000000000002,10:07:51,53.81,200,53.82,1800,53.8175,1000
5300,0.34,0.07,0.27,29.89999999999999,10:08:29,53.8,500,53.81,300,53.805,100
5310,0.31,0.07,0.24,34.239999999999995,10:08:34,53.79,1000,53.8,400,53.797,150
5366,0.37,0.07,0.3,53.66999999999999,10:08:53,53.79,1000,53.8,500,53.7901,200
5372,0.28,0.07,0.21,56.11999999999998,10:08:56,53.79,1000,53.8,100,53.7907,100
5379,0.32,0.09,0.23,4.750000000000001,10:09:04,53.8,600,53.81,100,53.8025,100
5463,0.26,0.1,0.16,0.26,10:12:00,53.76,1000,53.77,300,53.7627,375
5471,0.38,0.21,0.17,2.5,10:12:02,53.76,1000,53.77,300,53.769,272
5586,0.33,0.08,0.25,24.289999999999996,10:13:24,53.73,200,53.74,700,53.7361,200
5760,0.26,0.09,0.17,34.16,10:14:34,53.66,600,53.67,600,53.6665,100
5837,0.30000000000000004,0.07,0.23,58.18000000000001,10:14:58,53.63,500,53.64,1000,53.6395,1000
5866,0.30000000000000004,0.07,0.23,16.84,10:15:16,53.66,300,53.67,100,53.6699,121
5907,0.37,0.18,0.19,33.849999999999994,10:15:33,53.65,300,53.67,200,53.6662,1000
5976,0.23,0.07,0.16,53.87000000000003,10:15:53,53.68,600,53.69,100,53.6899,200
5990,0.39,0.18,0.21,57.95000000000003,10:15:57,53.68,1100,53.69,100,53.6892,100
6003,1.88,1.71,0.17,2.1999999999999997,10:16:02,53.71,700,53.73,200,53.7181,400
6018,0.26,0.08,0.18,11.49,10:16:11,53.71,500,53.72,300,53.7139,200
6026,1.61,1.35,0.26,16.87,10:16:16,53.73,200,53.74,400,53.7372,900
6062,0.28,0.09,0.19,30.01,10:16:30,53.73,400,53.74,400,53.7385,100
6117,0.39,0.2,0.19,48.03000000000002,10:16:48,53.75,300,53.76,300,53.7499,100
6160,1.41,1.18,0.23,12.950000000000001,10:17:12,53.74,200,53.75,1400,53.7467,200
6170,0.32,0.09,0.23,18.14,10:17:18,53.73,300,53.74,200,53.7334,1800
6340,0.37,0.17,0.2,8.44,10:19:08,53.69,200,53.7,300,53.6969,100
6411,0.36000000000000004,0.08,0.28,34.42,10:19:34,53.72,400,53.73,200,53.7199,100
6416,0.44,0.21,0.23,36.239999999999995,10:19:36,53.72,500,53.73,100,53.723,2464
6417,0.38,0.17,0.21,36.62,10:19:36,53.72,300,53.73,200,53.7262,125
6422,0.46,0.2,0.26,38.32,10:19:38,53.72,200,53.73,200,53.7256,100
6440,4.45,4.13,0.32,9.14,10:20:09,53.74,400,53.75,300,53.748999999999995,100
6499,0.43,0.19,0.24,33.92000000000001,10:20:33,53.77,400,53.78,400,53.778999999999996,100
6555,0.43,0.11,0.32,8.11,10:21:08,53.72,200,53.73,400,53.7253,100
6573,0.47,0.1,0.37,18.409999999999993,10:21:18,53.72,100,53.73,400,53.729,100
6577,0.56,0.28,0.28,20.389999999999993,10:21:20,53.72,300,53.73,300,53.7242,4000
6606,0.8400000000000001,0.2,0.64,36.88999999999999,10:21:36,53.71,200,53.72,200,53.7101,1500
6612,0.6000000000000001,0.27,0.33,0.0,10:22:00,53.71,400,53.72,100,53.7147,100
6618,0.62,0.23,0.39,3.84,10:22:03,53.71,200,53.72,300,53.7153,1000
6637,2.21,1.94,0.27,19.19,10:22:19,53.7,1000,53.71,700,53.7001,100
6677,0.47000000000000003,0.08,0.39,39.77000000000001,10:22:39,53.72,400,53.73,200,53.7258,100
6695,0.32,0.07,0.25,47.62,10:22:47,53.7,400,53.71,200,53.708999999999996,500
6730,0.48,0.07,0.41,8.1,10:23:08,53.71,100,53.72,400,53.7146,191
6757,0.43,0.21,0.22,27.990000000000002,10:23:27,53.73,300,53.74,600,53.7357,100
6789,0.66,0.22,0.44,40.28,10:23:40,53.74,400,53.75,500,53.7456,1000
6871,3.49,3.25,0.24,19.4,10:24:19,53.77,600,53.78,900,53.7767,405
6957,0.61,0.25,0.36,58.350000000000016,10:24:58,53.77,300,53.78,700,53.7699,5000
7005,0.43,0.08,0.35,28.04,10:25:28,53.78,400,53.79,600,53.7893,200
7034,0.33,0.08,0.25,41.72999999999999,10:25:41,53.76,300,53.77,600,53.7601,3000
7075,0.51,0.27,0.24,0.0,10:26:00,53.76,300,53.77,1100,53.7679,150
7085,0.53,0.22,0.31,4.18,10:26:04,53.75,400,53.76,500,53.75899999999999,5000
7162,0.44,0.08,0.36,46.03999999999999,10:26:46,53.73,200,53.74,700,53.736999999999995,200
7179,0.4,0.15,0.25,53.879999999999995,10:26:53,53.73,400,53.74,900,53.7323,100
7233,0.45,0.23,0.22,17.25,10:27:17,53.74,400,53.75,700,53.7493,100
7336,0.34,0.07,0.27,29.870000000000005,10:28:29,53.7,400,53.71,1300,53.705,100
7359,0.44,0.24,0.2,38.07000000000001,10:28:38,53.7,800,53.71,1300,53.7058,1000
7465,0.37,0.19,0.18,21.989999999999995,10:29:21,53.71,500,53.72,800,53.7164,1000
7510,0.45999999999999996,0.24,0.22,37.980000000000004,10:29:37,53.69,800,53.7,300,53.6935,200
7801,0.33,0.13,0.2,40.100000000000016,10:31:40,53.7,500,53.71,300,53.7054,100
7856,0.27,0.07,0.2,20.61000000000001,10:33:20,53.8,600,53.81,100,53.8056,185
7887,0.26,0.09,0.17,30.87000000000002,10:33:30,53.82,500,53.83,200,53.825,100
7958,3.92,3.62,0.3,11.71,10:34:11,53.85,900,53.86,500,53.855,300
7985,0.27,0.08,0.19,25.919999999999995,10:34:25,53.84,500,53.85,100,53.849,150
8024,0.33,0.07,0.26,41.1,10:34:41,53.84,500,53.85,300,53.8475,200
8026,0.33,0.07,0.26,42.01,10:34:42,53.84,500,53.85,200,53.847,200
8120,0.74,0.16,0.58,29.580000000000005,10:35:29,53.85,600,53.86,500,53.857,200
8131,1.4,0.21,1.19,39.22999999999999,10:35:39,53.88,300,53.89,400,53.885,100
8134,1.78,0.08,1.7,44.19999999999999,10:35:44,53.86,300,53.88,600,53.875,100
8138,1.0,0.28,0.72,51.01999999999999,10:35:51,53.86,300,53.87,100,53.8656,150
8148,0.59,0.08,0.51,1.9899999999999998,10:36:01,53.86,400,53.88,800,53.8699,100
8155,2.19,1.58,0.61,7.8100000000000005,10:36:07,53.87,300,53.88,500,53.8793,100
8172,0.6,0.13,0.47,20.79,10:36:20,53.89,400,53.9,700,53.895,700
8256,0.6000000000000001,0.28,0.32,17.530000000000005,10:37:17,53.88,1000,53.89,700,53.8705,100
8270,0.62,0.26,0.36,25.69000000000001,10:37:25,53.89,900,53.9,1000,53.8956,300
8295,0.61,0.18,0.43,41.28000000000002,10:37:41,53.89,800,53.9,800,53.897,140
8313,0.63,0.19,0.44,51.52000000000003,10:37:51,53.9,500,53.91,500,53.905,300
8328,0.59,0.09,0.5,3.59,10:38:03,53.87,200,53.88,400,53.8692,500
8401,0.62,0.18,0.44,52.01,10:38:52,53.83,200,53.84,800,53.8318,400
8417,1.98,1.28,0.7,0.0,10:39:00,53.83,300,53.84,700,53.835,100
8419,1.44,0.86,0.58,2.19,10:39:02,53.83,300,53.84,500,53.8337,2400
8441,0.84,0.12,0.72,21.380000000000003,10:39:21,53.83,500,53.84,700,53.8366,100
8446,0.95,0.22,0.73,25.710000000000004,10:39:25,53.84,900,53.85,600,53.8453,100
8480,0.78,0.15,0.63,49.510000000000026,10:39:49,53.81,600,53.82,200,53.821000000000005,4000
8582,3.0200000000000005,2.49,0.53,12.82,10:41:12,53.8,2700,53.81,500,53.809,200
8605,0.66,0.2,0.46,28.63,10:41:28,53.76,600,53.77,600,53.7654,200
8718,0.5700000000000001,0.07,0.5,39.84000000000001,10:42:39,53.78,400,53.79,2000,53.7856,500
8733,0.5800000000000001,0.14,0.44,48.23000000000001,10:42:48,53.79,600,53.8,900,53.7956,200
8766,0.62,0.08,0.54,2.84,10:43:02,53.77,300,53.78,1000,53.7754,160
8806,0.81,0.17,0.64,33.010000000000005,10:43:33,53.75,600,53.76,700,53.7525,300
8812,0.64,0.14,0.5,36.84000000000002,10:43:36,53.75,400,53.76,700,53.757,600
8860,0.59,0.08,0.51,14.389999999999999,10:44:14,53.73,500,53.74,800,53.7363,500
9012,0.61,0.24,0.37,0.0,10:46:00,53.69,400,53.7,500,53.6957,300
9041,0.43000000000000005,0.09,0.34,19.820000000000004,10:46:19,53.7,500,53.71,700,53.701,200
9045,0.5800000000000001,0.07,0.51,22.17,10:46:22,53.7,500,53.71,700,53.7099,1435
9250,0.79,0.37,0.42,43.83,10:48:43,53.7,700,53.71,200,53.707,400
9355,0.76,0.07,0.69,50.39000000000001,10:49:50,53.65,400,53.66,500,53.6501,100
9474,0.6100000000000001,0.07,0.54,11.04,10:51:11,53.63,600,53.64,200,53.6387,100
9567,0.6200000000000001,0.07,0.55,24.570000000000007,10:52:24,53.68,400,53.69,600,53.681000000000004,400
9832,0.43,0.08,0.35,21.389999999999997,10:57:21,53.74,400,53.75,500,53.7465,230
9882,0.6,0.24,0.36,49.54000000000002,10:57:49,53.74,500,53.75,300,53.7428,8000
9941,0.44,0.07,0.37,30.02,10:58:30,53.69,200,53.7,500,53.6901,100
9997,0.5700000000000001,0.2,0.37,2.21,10:59:02,53.67,600,53.68,300,53.678000000000004,100
10024,0.59,0.22,0.37,24.390000000000004,10:59:24,53.68,500,53.69,400,53.687,160
10071,0.61,0.15,0.46,49.980000000000025,10:59:49,53.66,200,53.67,500,53.6643,300
10097,0.76,0.23,0.53,12.169999999999998,11:00:12,53.69,300,53.7,500,53.6933,585
10232,0.57,0.08,0.49,25.22,11:01:25,53.71,300,53.72,500,53.7157,150
10426,0.61,0.18,0.43,10.2,11:06:10,53.68,400,53.69,600,53.6854,100
10455,0.74,0.31,0.43,31.950000000000003,11:06:31,53.65,800,53.66,700,53.6646,100
10632,0.59,0.08,0.51,12.2,11:08:12,53.7,300,53.71,800,53.70399999999999,1800
10651,0.5900000000000001,0.07,0.52,26.600000000000005,11:08:26,53.68,600,53.69,400,53.6866,100
10656,0.64,0.18,0.46,30.250000000000007,11:08:30,53.68,700,53.69,300,53.6801,103
10830,0.64,0.18,0.46,24.029999999999994,11:10:24,53.66,400,53.67,900,53.661,200
11044,0.6200000000000001,0.07,0.55,2.0500000000000003,11:13:02,53.75,500,53.76,1400,53.7556,500
11073,0.78,0.17,0.61,26.04000000000001,11:13:26,53.75,400,53.76,1400,53.7558,2900
11126,0.62,0.19,0.43,0.0,11:14:00,53.72,400,53.73,700,53.7201,300
11208,0.55,0.07,0.48,3.6000000000000005,11:16:03,53.75,400,53.76,200,53.7575,100
11397,0.6,0.13,0.47,52.320000000000014,11:18:52,53.77,300,53.78,500,53.7758,200
11407,0.59,0.18,0.41,58.550000000000026,11:18:58,53.77,300,53.78,600,53.7751,200
11458,0.58,0.22,0.36,37.459999999999994,11:19:37,53.76,1100,53.77,800,53.7636,1000
11597,0.6,0.08,0.52,23.570000000000007,11:21:23,53.78,900,53.79,1400,53.7843,660
11822,0.5900000000000001,0.07,0.52,0.0,11:24:00,53.84,500,53.85,200,53.8456,200
11882,0.57,0.08,0.49,46.02000000000003,11:24:46,53.88,800,53.89,400,53.881,8000
11917,0.6000000000000001,0.07,0.53,13.409999999999998,11:25:13,53.89,1200,53.9,700,53.8934,200
11937,0.61,0.09,0.52,30.049999999999997,11:25:30,53.89,1100,53.9,800,53.8999,100
11989,0.7799999999999999,0.08,0.7,6.569999999999999,11:26:06,53.93,600,53.94,500,53.935,200
12010,0.6,0.19,0.41,25.82,11:26:25,53.93,900,53.94,700,53.9358,4500
12017,0.6100000000000001,0.07,0.54,30.25,11:26:30,53.94,600,53.95,1000,53.95,100
12023,0.6,0.08,0.52,34.02,11:26:34,53.96,300,53.97,500,53.96,100
12036,0.5599999999999999,0.21,0.35,0.5599999999999999,11:27:00,54.0,900,54.02,500,54.01,200
12038,0.77,0.34,0.43,1.76,11:27:01,54.0,1500,54.01,500,54.0,100
12042,0.5700000000000001,0.07,0.5,3.95,11:27:03,53.98,500,53.99,100,53.99,100
12059,0.73,0.08,0.65,1.34,11:28:01,53.98,500,53.99,1200,53.9819,200
12062,0.63,0.19,0.44,3.58,11:28:03,53.98,500,53.99,1200,53.981,1800
12077,2.2,1.64,0.56,0.0,11:29:00,53.98,1000,53.99,1900,53.98,100
12093,0.61,0.18,0.43,16.43,11:29:16,53.96,900,53.97,1600,53.97,100
12108,0.77,0.07,0.7,26.950000000000003,11:29:26,53.93,400,53.94,1300,53.9343,1000
12128,0.7999999999999999,0.22,0.58,40.37,11:29:40,53.91,500,53.92,1500,53.9125,100
12136,0.78,0.12,0.66,46.58,11:29:46,53.91,400,53.92,1600,53.9105,100
12148,18.869999999999997,18.13,0.74,27.08,11:30:27,53.89,100,53.9,500,53.8935,169
12165,0.8200000000000001,0.18,0.64,39.44999999999999,11:30:39,53.9,300,53.91,300,53.9019,200
12227,0.59,0.08,0.51,29.97,11:31:29,53.81,1200,53.82,400,53.8128,1000
12291,0.6000000000000001,0.28,0.32,9.99,11:32:09,53.82,300,53.83,600,53.8205,100
12300,0.5800000000000001,0.07,0.51,17.990000000000002,11:32:17,53.82,300,53.83,800,53.8249,100
12363,0.6,0.13,0.47,54.24999999999999,11:32:54,53.78,700,53.79,200,53.7825,200
12369,0.6000000000000001,0.07,0.53,0.0,11:33:00,53.78,700,53.79,300,53.7854,100
12502,0.74,0.2,0.54,30.13000000000001,11:34:30,53.82,500,53.83,200,53.827,100
12526,0.66,0.27,0.39,45.60000000000001,11:34:45,53.82,500,53.83,300,53.828,100
12556,0.6000000000000001,0.07,0.53,6.199999999999999,11:35:06,53.84,600,53.85,300,53.8419,100
12756,0.59,0.22,0.37,32.2,11:38:32,53.91,700,53.92,400,53.9175,100
12766,0.45,0.07,0.38,38.190000000000005,11:38:38,53.91,700,53.92,400,53.9193,100
12885,0.42000000000000004,0.22,0.2,0.0,11:42:00,53.91,400,53.92,100,53.9184,100
13027,0.39,0.2,0.19,0.0,11:43:00,53.92,300,53.93,500,53.9299,244
13037,0.75,0.55,0.2,4.07,11:43:04,53.92,300,53.93,500,53.9265,425
13049,1.2,0.9,0.3,10.45,11:43:10,53.91,300,53.92,300,53.9154,124
13322,0.29000000000000004,0.07,0.22,26.2,11:46:26,53.93,400,53.94,800,53.9369,148
13420,0.30000000000000004,0.07,0.23,0.0,11:47:00,53.94,700,53.95,400,53.945,100
13447,0.8200000000000001,0.51,0.31,12.64,11:47:12,53.94,400,53.95,400,53.9375,100
13596,2.39,2.17,0.22,6.6,11:48:06,53.95,700,53.96,300,53.955,200
13665,0.27,0.07,0.2,37.89999999999999,11:48:37,53.96,600,53.97,500,53.965,100
13908,3.7600000000000002,3.45,0.31,9.59,11:50:09,53.97,600,53.98,400,53.9759,680
14417,0.28,0.08,0.2,30.11,11:53:30,53.95,700,53.96,600,53.9572,555
14476,0.27,0.08,0.19,50.01000000000003,11:53:50,53.95,600,53.96,500,53.9556,400
14499,0.26,0.07,0.19,0.0,11:54:00,53.95,1000,53.96,1000,53.961000000000006,800
14525,1.43,1.22,0.21,19.800000000000004,11:54:19,53.95,700,53.96,500,53.952,100
15083,0.37,0.17,0.2,52.16000000000002,11:57:52,53.95,800,53.96,900,53.9584,100
15167,0.28,0.11,0.17,31.870000000000008,11:58:31,53.95,700,53.96,900,53.9554,400
15270,0.4,0.17,0.23,9.850000000000001,11:59:09,53.95,900,53.96,1100,53.951,457
15391,0.47000000000000003,0.27,0.2,57.029999999999994,11:59:57,53.98,500,53.98,100,53.975,100
15465,0.37,0.14,0.23,25.909999999999997,12:00:25,53.99,800,54.0,600,53.995,100
15528,0.36,0.2,0.16,45.839999999999996,12:00:45,53.99,500,54.0,1000,53.9954,300
15584,3.4099999999999997,3.09,0.32,0.0,12:01:00,53.97,2700,53.98,1000,53.977,150
15969,0.38,0.19,0.19,40.03000000000001,12:03:40,53.96,700,53.97,800,53.963,400
15981,0.28,0.07,0.21,44.04000000000001,12:03:44,53.98,600,53.99,600,53.985,100
16004,0.33,0.13,0.2,52.170000000000016,12:03:52,53.98,700,53.99,1000,53.9862,200
16108,0.27,0.1,0.17,32.76000000000001,12:04:32,53.95,500,53.96,1400,53.956,2800
16356,2.14,1.97,0.17,10.010000000000003,12:06:10,53.97,700,53.98,700,53.9749,362
16466,0.28,0.07,0.21,51.98,12:06:51,53.94,600,53.95,800,53.9438,100
16503,0.25,0.07,0.18,5.71,12:07:05,53.93,500,53.94,700,53.9399,100
16544,0.37,0.18,0.19,27.61,12:07:27,53.94,300,53.95,400,53.957,105
16551,0.25,0.07,0.18,29.76,12:07:29,53.94,400,53.95,400,53.9442,1000
16556,0.4,0.21,0.19,31.76,12:07:31,53.94,400,53.95,500,53.9468,445
16603,0.42000000000000004,0.2,0.22,47.79000000000003,12:07:47,53.94,400,53.95,400,53.9469,500
16657,0.26,0.07,0.19,0.0,12:08:00,53.94,500,53.95,500,53.941,100
16754,0.27,0.07,0.2,42.01000000000001,12:08:42,53.94,700,53.95,700,53.9484,100
16797,0.36,0.18,0.18,0.0,12:09:00,53.96,400,53.97,1000,53.9619,560
16822,0.31,0.12,0.19,11.93,12:09:11,53.96,500,53.97,800,53.9699,173
17137,0.39,0.17,0.22,5.83,12:11:05,53.88,500,53.89,800,53.8892,100
17149,0.30000000000000004,0.07,0.23,11.840000000000002,12:11:11,53.88,500,53.89,800,53.888999999999996,665
17403,0.24000000000000002,0.07,0.17,45.92999999999999,12:12:45,53.9,1000,53.91,300,53.909,100
17427,0.27,0.07,0.2,53.89,12:12:53,53.91,400,53.92,200,53.9166,100
17440,0.26,0.07,0.19,57.900000000000006,12:12:57,53.91,600,53.92,300,53.913000000000004,500
17458,3.11,2.8,0.31,7.09,12:13:07,53.91,700,53.92,400,53.9165,116
17532,0.35,0.18,0.17,39.85000000000001,12:13:39,53.9,300,53.91,600,53.9099,100
17658,0.26,0.07,0.19,25.960000000000004,12:14:25,53.88,300,53.89,3000,53.8816,500
17688,0.49,0.19,0.3,36.400000000000006,12:14:36,53.88,300,53.89,3000,53.8859,600
17711,0.36,0.17,0.19,46.12000000000002,12:14:46,53.88,300,53.89,2900,53.887,300
17772,0.36000000000000004,0.08,0.28,17.019999999999996,12:15:17,53.87,1500,53.88,2800,53.872,293
18138,0.37,0.21,0.16,30.33999999999999,12:17:30,53.82,200,53.83,900,53.8257,250
18256,0.25,0.09,0.16,21.79,12:18:21,53.86,700,53.87,600,53.8675,100
18305,0.23,0.07,0.16,35.90999999999998,12:18:35,53.86,700,53.87,600,53.8668,300
18383,0.35,0.18,0.17,0.0,12:19:00,53.86,600,53.87,600,53.8654,100
18413,2.06,1.86,0.2,19.009999999999998,12:19:19,53.87,600,53.88,700,53.8731,900
18464,0.24000000000000002,0.07,0.17,33.940000000000005,12:19:33,53.87,600,53.88,500,53.8775,200
18513,0.35,0.18,0.17,48.65000000000002,12:19:48,53.86,300,53.87,500,53.8657,200
18629,0.25,0.08,0.17,36.13999999999999,12:20:36,53.87,800,53.88,1200,53.8755,1659
18659,0.23,0.07,0.16,45.949999999999996,12:20:45,53.87,500,53.88,1300,53.8766,300
18695,0.37,0.17,0.2,58.209999999999994,12:20:58,53.87,500,53.88,1300,53.8796,580
18710,0.5700000000000001,0.26,0.31,1.36,12:21:01,53.87,600,53.88,1000,53.8792,200
18849,0.33999999999999997,0.1,0.24,58.06,12:21:58,53.86,500,53.87,500,53.8665,200
19112,0.32999999999999996,0.09,0.24,39.65,12:23:39,53.88,200,53.89,400,53.8868,250
19117,0.48,0.27,0.21,41.65,12:23:41,53.88,200,53.89,400,53.8857,463
19139,0.47,0.26,0.21,49.96,12:23:49,53.87,500,53.88,500,53.8757,127
19169,0.4,0.13,0.27,1.8400000000000003,12:24:01,53.87,400,53.88,600,53.8786,186
19259,0.29,0.08,0.21,39.859999999999985,12:24:39,53.87,300,53.88,800,53.8799,700
19264,0.69,0.25,0.44,42.079999999999984,12:24:42,53.87,300,53.88,800,53.8756,280
19415,0.26,0.07,0.19,51.99999999999999,12:25:51,53.9,500,53.91,500,53.9043,100
19858,0.25,0.07,0.18,34.09000000000001,12:28:34,53.87,600,53.88,600,53.8768,278
19925,0.33,0.13,0.2,14.22,12:29:14,53.88,600,53.89,500,53.8843,220
20478,0.5800000000000001,0.27,0.31,0.0,12:33:00,53.87,1600,53.88,2600,53.878,500
20586,0.25,0.07,0.18,44.11000000000001,12:33:44,53.87,600,53.88,700,53.8743,1810
20757,0.33999999999999997,0.18,0.16,38.209999999999994,12:34:38,53.87,500,53.88,700,53.8754,405
20914,0.25,0.08,0.17,44.910000000000004,12:35:44,53.86,500,53.87,800,53.8678,200
21134,0.43,0.21,0.22,2.2800000000000002,12:37:02,53.84,400,53.85,300,53.8499,230
21143,0.28,0.11,0.17,9.430000000000001,12:37:09,53.84,400,53.85,300,53.8491,125
21349,0.4,0.19,0.21,29.879999999999995,12:38:29,53.82,400,53.83,500,53.8266,100
21895,3.22,2.99,0.23,6.58,12:45:06,53.8,1200,53.81,400,53.8047,600
22500,1.56,1.31,0.25,6.760000000000002,12:49:06,53.81,500,53.82,1000,53.8156,100
22642,3.65,3.29,0.36,9.64,12:50:09,53.78,500,53.79,500,53.7858,100
22926,0.37,0.21,0.16,53.78000000000002,12:51:53,53.78,600,53.79,400,53.788000000000004,100
22933,0.36,0.2,0.16,55.69000000000002,12:51:55,53.78,600,53.79,400,53.7834,159
23047,0.4,0.23,0.17,42.04999999999998,12:52:42,53.8,400,53.81,400,53.8036,159
23096,0.38,0.18,0.2,58.38999999999997,12:52:58,53.81,900,53.82,300,53.8095,100
23393,0.62,0.23,0.39,60.02000000000004,12:55:00,53.8,600,53.81,200,53.8082,200
23412,0.33999999999999997,0.16,0.18,5.090000000000001,12:55:05,53.8,300,53.81,500,53.8066,185
23658,0.24000000000000002,0.07,0.17,43.85,12:56:43,53.76,600,53.77,500,53.7625,200
23672,0.25,0.08,0.17,48.08999999999999,12:56:48,53.76,500,53.77,300,53.7657,100
23747,0.44,0.23,0.21,12.420000000000002,12:57:12,53.75,700,53.76,100,53.7599,100
23754,0.44,0.26,0.18,14.52,12:57:14,53.75,500,53.76,300,53.7592,100
23974,0.33999999999999997,0.18,0.16,44.13999999999997,12:58:44,53.78,700,53.79,300,53.7861,231
24418,0.45999999999999996,0.24,0.22,50.80999999999999,13:02:50,53.78,400,53.79,400,53.7866,100
24446,2.6100000000000003,2.37,0.24,2.9600000000000004,13:03:02,53.77,500,53.78,200,53.7765,100
24453,0.53,0.26,0.27,9.33,13:03:09,53.78,500,53.79,500,53.7862,100
24518,0.45999999999999996,0.25,0.21,33.4,13:03:33,53.78,600,53.79,600,53.7827,8000
24625,0.26,0.09,0.17,9.49,13:04:09,53.77,400,53.78,500,53.771,160
24961,0.26,0.07,0.19,3.38,13:09:03,53.8,600,53.81,400,53.8001,1000
25061,0.36,0.17,0.19,37.400000000000006,13:09:37,53.78,400,53.79,500,53.783,5000
25071,0.38,0.08,0.3,0.0,13:10:00,53.78,400,53.79,500,53.7872,200
25075,0.4,0.13,0.27,2.09,13:10:02,53.78,400,53.79,500,53.781000000000006,5000
25270,0.53,0.22,0.31,28.280000000000005,13:11:28,53.76,300,53.77,500,53.7648,300
25367,0.30000000000000004,0.07,0.23,21.97,13:12:21,53.79,500,53.8,500,53.791000000000004,500
25545,0.5800000000000001,0.25,0.33,57.92000000000001,13:13:57,53.77,400,53.78,500,53.7799,200
25761,0.6,0.19,0.41,24.960000000000008,13:16:24,53.76,2600,53.77,1300,53.7664,1000
25818,0.6,0.08,0.52,4.01,13:17:04,53.79,1000,53.8,800,53.7958,800
25905,0.59,0.08,0.51,0.0,13:18:00,53.8,600,53.81,1000,53.8084,200
26007,2.67,2.03,0.64,19.270000000000003,13:19:19,53.81,1300,53.82,1100,53.8154,200
26019,0.62,0.23,0.39,28.640000000000004,13:19:28,53.81,1300,53.82,1100,53.8102,100
26096,4.37,3.84,0.53,19.58,13:20:19,53.82,200,53.83,800,53.8285,800
26166,0.58,0.23,0.35,2.04,13:21:02,53.83,200,53.84,1100,53.8347,200
26188,0.45,0.08,0.37,25.479999999999997,13:21:25,53.83,600,53.84,900,53.8385,1000
26202,0.75,0.23,0.52,34.01,13:21:34,53.83,500,53.84,1000,53.8387,250
26222,0.45,0.07,0.38,45.47000000000001,13:21:45,53.82,700,53.83,500,53.8275,300
26335,0.5800000000000001,0.07,0.51,38.04,13:22:38,53.82,700,53.83,1300,53.8269,150
26563,1.39,0.18,1.21,19.57,13:26:19,53.89,700,53.9,600,53.8961,100
26591,1.19,0.37,0.82,49.780000000000015,13:26:49,53.88,500,53.89,600,53.8865,436
26635,0.99,0.23,0.76,44.60000000000001,13:27:44,53.9,700,53.91,700,53.9057,405
26671,1.02,0.07,0.95,31.390000000000004,13:28:31,53.9,500,53.91,900,53.908,100
26683,1.21,0.24,0.97,45.21000000000002,13:28:45,53.9,500,53.91,600,53.9061,300
26691,1.2,0.07,1.13,55.24000000000003,13:28:55,53.91,1200,53.92,200,53.9146,335
26727,1.21,0.07,1.14,48.78,13:29:48,53.92,1000,53.93,600,53.9238,1000
26786,1.2,0.21,0.99,2.62,13:31:02,53.89,600,53.9,900,53.8987,250
26797,1.23,0.1,1.13,15.82,13:31:15,53.89,600,53.9,1800,53.8925,100
26801,1.2,0.07,1.13,20.59,13:31:20,53.89,600,53.9,1800,53.8902,100
26929,1.2100000000000002,0.09,1.12,18.409999999999997,13:34:18,53.87,1300,53.88,1400,53.876999999999995,104
26930,1.39,0.22,1.17,19.799999999999997,13:34:19,53.87,1300,53.88,1400,53.8748,100
27009,1.3900000000000001,0.14,1.25,5.390000000000001,13:36:05,53.88,700,53.89,500,53.8858,100
27168,1.1900000000000002,0.08,1.11,25.619999999999997,13:39:25,53.87,1000,53.88,100,53.8777,100
27228,1.2,0.07,1.13,19.200000000000003,13:41:19,53.88,900,53.89,600,53.8842,100
27274,1.2,0.16,1.04,23.789999999999996,13:42:23,53.91,700,53.92,400,53.9124,110
27313,1.1900000000000002,0.07,1.12,15.819999999999999,13:43:15,53.9,1200,53.91,500,53.9066,3000
27407,1.3800000000000001,0.08,1.3,8.42,13:45:08,53.94,500,53.95,600,53.949,560
27419,1.2,0.07,1.13,23.800000000000004,13:45:23,53.93,1000,53.94,900,53.9366,3000
27437,1.02,0.07,0.95,43.84,13:45:43,53.95,700,53.96,600,53.9507,1500
27441,1.0,0.08,0.92,48.22,13:45:48,53.95,800,53.96,600,53.9558,3000
27476,1.4,0.17,1.23,30.200000000000003,13:46:30,53.94,700,53.95,2100,53.9454,500
27524,1.38,0.17,1.21,30.789999999999996,13:47:30,53.93,600,53.94,1400,53.9342,100
27533,1.21,0.17,1.04,41.589999999999996,13:47:41,53.93,600,53.94,1400,53.931000000000004,3000
27553,1.63,0.68,0.95,7.21,13:48:07,53.95,400,53.96,600,53.9544,200
27579,1.0,0.23,0.77,37.78000000000001,13:48:37,53.88,200,53.89,400,53.8856,1000
27625,1.23,0.08,1.15,16.82,13:49:16,53.88,500,53.89,400,53.8831,553
27721,1.2000000000000002,0.27,0.93,13.979999999999997,13:51:13,53.89,600,53.9,700,53.8913,500
27800,1.0,0.28,0.72,43.17,13:52:43,53.9,1000,53.91,1100,53.9046,100
27937,1.4,0.18,1.22,8.6,13:55:08,53.9,400,53.91,700,53.9086,240
28066,0.99,0.07,0.92,24.780000000000005,13:57:24,53.84,900,53.85,500,53.846000000000004,607
28069,1.0,0.07,0.93,27.790000000000006,13:57:27,53.84,900,53.85,500,53.8433,290
28141,1.1900000000000002,0.08,1.11,15.199999999999998,13:59:15,53.85,800,53.86,100,53.8518,3000
28247,1.0,0.07,0.93,20.96,14:01:20,53.85,600,53.86,500,53.8556,277
28330,4.42,3.57,0.85,7.6,14:03:07,53.86,1000,53.87,500,53.8682,2092
28415,0.8200000000000001,0.07,0.75,47.81000000000001,14:04:47,53.87,600,53.88,600,53.8746,200
28424,0.81,0.16,0.65,0.0,14:05:00,53.87,800,53.88,600,53.8728,160
28426,1.18,0.23,0.95,2.19,14:05:02,53.87,700,53.88,600,53.8785,200
28497,0.8200000000000001,0.07,0.75,29.999999999999993,14:06:29,53.85,1300,53.86,1300,53.8566,100
28499,1.2,0.15,1.05,32.169999999999995,14:06:32,53.85,1200,53.86,1400,53.853,400
28538,1.3900000000000001,0.08,1.31,29.4,14:07:29,53.84,900,53.85,1100,53.8439,300
28569,1.2,0.17,1.03,5.79,14:08:05,53.85,600,53.86,900,53.8561,100
28622,1.19,0.18,1.01,6.369999999999999,14:09:06,53.85,1200,53.86,600,53.8575,100
28759,0.8200000000000001,0.17,0.65,49.39000000000001,14:11:49,53.9,4200,53.91,2000,53.9068,110
28834,0.82,0.09,0.73,0.0,14:13:00,53.96,1700,53.97,4700,53.9601,415
28895,1.21,0.46,0.75,8.02,14:14:08,53.99,4500,54.0,4900,53.998999999999995,172
28899,0.8099999999999999,0.12,0.69,11.610000000000001,14:14:11,54.02,600,54.03,900,54.0256,400
28901,3.58,2.89,0.69,16.01,14:14:16,54.02,1900,54.03,700,54.025,100
28918,0.82,0.08,0.74,31.61999999999999,14:14:31,54.04,1400,54.05,300,54.04,100
28925,1.1900000000000002,0.08,1.11,38.59999999999999,14:14:38,54.03,800,54.04,600,54.035,100
28932,1.0,0.08,0.92,46.01,14:14:46,54.03,1200,54.04,300,54.0399,100
28947,0.99,0.26,0.73,5.4,14:15:05,54.03,100,54.04,1000,54.03,100
28958,0.99,0.18,0.81,21.59,14:15:21,54.01,900,54.02,800,54.02,100
28969,0.98,0.08,0.9,31.389999999999993,14:15:31,54.01,500,54.02,1200,54.015,100
28974,0.98,0.09,0.89,35.78999999999999,14:15:35,54.01,500,54.02,1200,54.0101,100
28976,0.82,0.12,0.7,37.42999999999999,14:15:37,54.01,600,54.02,1000,54.013999999999996,100
28985,0.82,0.08,0.74,45.429999999999986,14:15:45,54.0,600,54.01,700,54.005,100
29007,1.01,0.24,0.77,11.0,14:16:11,54.0,700,54.01,600,54.0054,175
29011,2.77,1.96,0.81,16.580000000000002,14:16:16,54.0,700,54.01,700,54.0057,250
29043,1.39,0.17,1.22,56.83,14:16:56,54.0,500,54.01,2300,54.0056,200
29109,3.59,2.64,0.95,9.57,14:18:09,53.94,400,53.95,2000,53.9414,580
29152,0.8200000000000001,0.17,0.65,54.019999999999996,14:18:54,53.92,500,53.93,400,53.92100000000001,320
29178,0.98,0.14,0.84,7.370000000000001,14:19:07,53.91,800,53.92,500,53.911,638
29275,0.6100000000000001,0.07,0.54,47.460000000000015,14:20:47,53.96,500,53.97,500,53.9667,100
29319,0.78,0.19,0.59,12.399999999999999,14:21:12,53.94,600,53.95,800,53.9488,150
29403,0.6,0.17,0.43,22.040000000000003,14:22:22,53.92,500,53.93,800,53.9257,100
29549,0.43,0.07,0.36,44.01000000000001,14:23:44,53.93,700,53.94,800,53.9371,300
29616,0.59,0.15,0.44,22.159999999999997,14:24:22,53.96,700,53.97,500,53.9575,800
29739,0.77,0.18,0.59,55.80000000000003,14:25:55,53.98,600,53.99,800,53.9843,200
29758,2.4000000000000004,1.85,0.55,13.529999999999998,14:26:13,53.97,700,53.98,600,53.9766,450
29850,0.43,0.07,0.36,9.81,14:27:09,53.97,900,53.98,1100,53.9757,500
29902,0.43,0.08,0.35,39.59,14:27:39,54.0,900,54.01,900,54.001000000000005,1000
29909,0.63,0.08,0.55,43.37000000000001,14:27:43,54.0,600,54.01,1200,54.00899999999999,2500
30211,0.8,0.24,0.56,15.749999999999998,14:31:15,54.0,600,54.01,500,54.0068,250
30284,0.8,0.24,0.56,0.0,14:32:00,54.01,600,54.02,1300,54.019,200
30295,0.77,0.14,0.63,10.799999999999999,14:32:10,54.0,300,54.01,500,54.0058,100
30335,0.8,0.07,0.73,39.41000000000001,14:32:39,54.01,700,54.02,1100,54.0125,300
30459,0.8500000000000001,0.2,0.65,20.060000000000002,14:34:20,54.0,700,54.01,600,54.0049,200
30538,3.0700000000000003,2.52,0.55,6.220000000000001,14:37:06,53.99,500,54.0,600,53.9958,1000
30583,0.62,0.14,0.48,39.95000000000001,14:37:39,53.99,500,54.0,500,53.9974,149
30594,0.79,0.18,0.61,47.73000000000001,14:37:47,53.99,600,54.0,800,53.9957,150
30628,0.63,0.08,0.55,17.599999999999998,14:38:17,53.98,700,53.99,800,53.9885,100
30778,0.77,0.18,0.59,0.0,14:40:00,53.94,1100,53.95,1300,53.9458,150
30790,0.5900000000000001,0.07,0.52,8.01,14:40:08,53.94,1100,53.95,1300,53.9489,100
30802,1.65,1.16,0.49,21.7,14:40:21,53.94,500,53.95,1300,53.9457,100
30828,0.76,0.08,0.68,40.03999999999999,14:40:40,53.94,600,53.95,800,53.9443,200
30839,0.6399999999999999,0.07,0.57,47.5,14:40:47,53.94,600,53.95,900,53.9485,100
30911,0.6300000000000001,0.07,0.56,33.95,14:41:33,53.92,600,53.93,800,53.9263,890
30947,0.76,0.07,0.69,7.589999999999999,14:42:07,53.93,600,53.94,500,53.9315,490
31043,0.5800000000000001,0.2,0.38,22.029999999999994,14:43:22,53.92,500,53.93,500,53.9285,200
31100,0.8,0.35,0.45,55.63000000000002,14:43:55,53.91,1000,53.92,500,53.9144,100
31346,0.6200000000000001,0.07,0.55,0.0,14:47:00,53.96,500,53.97,400,53.9625,100
31401,0.43,0.12,0.31,45.16999999999999,14:47:45,53.95,500,53.96,500,53.9599,1000
31695,0.8200000000000001,0.14,0.68,7.630000000000001,14:51:07,53.92,500,53.93,800,53.9255,116
31705,0.8,0.24,0.56,14.410000000000002,14:51:14,53.91,800,53.92,600,53.917,200
31770,0.98,0.53,0.45,11.39,14:52:11,53.92,600,53.93,600,53.9225,100
31798,0.59,0.18,0.41,30.020000000000007,14:52:30,53.94,500,53.95,700,53.9425,1400
31808,0.62,0.08,0.54,36.239999999999995,14:52:36,53.95,1100,53.96,500,53.9525,100
31914,0.74,0.2,0.54,47.94000000000002,14:53:47,53.92,7800,53.93,900,53.9231,245
32124,3.42,2.86,0.56,10.83,14:57:10,53.9,200,53.91,900,53.9025,100
32247,0.75,0.07,0.68,32.56999999999999,14:58:32,53.91,400,53.92,900,53.9168,100
32523,0.77,0.23,0.54,42.430000000000014,15:01:42,53.89,600,53.9,900,53.8954,200
32614,0.77,0.09,0.68,2.1900000000000004,15:03:02,53.86,1000,53.87,2900,53.868,100
32632,0.95,0.41,0.54,17.790000000000003,15:03:17,53.86,100,53.87,3300,53.861000000000004,300
32974,0.79,0.19,0.6,46.46,15:07:46,53.93,700,53.94,700,53.937,100
33072,0.6,0.25,0.35,0.0,15:09:00,53.94,900,53.95,600,53.9498,257
33156,0.62,0.17,0.45,58.04000000000003,15:09:58,53.94,1300,53.95,800,53.9405,338
33191,0.6000000000000001,0.07,0.53,28.200000000000006,15:10:28,53.98,700,53.99,400,53.9891,800
33215,0.61,0.13,0.48,42.41000000000001,15:10:42,53.98,1300,53.99,400,53.986999999999995,500
33247,0.6100000000000001,0.07,0.54,0.0,15:11:00,53.96,900,53.97,500,53.9666,200
33278,0.64,0.19,0.45,27.830000000000005,15:11:27,53.96,500,53.97,800,53.9658,500
33348,0.84,0.36,0.48,16.430000000000003,15:12:16,53.95,900,53.96,200,53.9608,100
33574,0.5700000000000001,0.07,0.5,47.96000000000001,15:14:47,53.97,800,53.98,800,53.9756,100
33870,0.61,0.17,0.44,13.399999999999999,15:18:13,53.96,900,53.97,1000,53.9675,100
33916,0.6,0.09,0.51,42.37000000000002,15:18:42,53.96,700,53.97,800,53.9652,450
33989,0.76,0.21,0.55,26.430000000000007,15:19:26,53.96,1000,53.97,1000,53.9657,150
34001,0.6,0.17,0.43,34.23000000000002,15:19:34,53.96,1000,53.97,1000,53.9635,500
34133,2.18,1.56,0.62,8.58,15:21:08,53.96,900,53.97,1000,53.9695,950
34315,0.62,0.15,0.47,24.039999999999996,15:23:24,53.94,1100,53.95,500,53.9475,2000
34367,0.6,0.08,0.52,1.98,15:24:01,53.97,300,53.98,1200,53.9725,200
34377,3.59,3.01,0.58,10.75,15:24:10,53.97,600,53.98,1000,53.9787,100
34462,0.83,0.23,0.6,0.0,15:25:00,53.98,700,53.99,1200,53.988,100
34464,0.61,0.14,0.47,1.21,15:25:01,53.98,700,53.99,1200,53.9825,300
34544,0.59,0.21,0.38,6.000000000000001,15:26:06,53.97,600,53.98,800,53.9747,308
34596,0.75,0.19,0.56,44.35,15:26:44,53.97,100,53.98,900,53.9752,150
34877,0.9199999999999999,0.08,0.84,20.759999999999998,15:30:20,53.98,800,53.99,700,53.9846,500
34940,0.8200000000000001,0.18,0.64,6.37,15:31:06,53.97,700,53.98,1200,53.9799,272
34943,0.6100000000000001,0.27,0.34,8.19,15:31:08,53.97,700,53.98,1100,53.9748,185
35036,2.41,1.92,0.49,11.38,15:32:11,53.96,900,53.97,1200,53.9607,200
35130,2.0300000000000002,1.53,0.5,12.149999999999999,15:33:12,53.98,700,53.99,3000,53.9892,938
35347,0.58,0.08,0.5,37.44,15:35:37,53.96,700,53.97,600,53.968,300
35560,0.6000000000000001,0.07,0.53,7.83,15:38:07,53.94,3500,53.95,2200,53.9465,125
35744,1.21,0.6,0.61,20.25,15:40:20,53.95,1400,53.96,900,53.958999999999996,100
35795,0.59,0.15,0.44,53.65,15:40:53,53.93,800,53.94,1300,53.9325,100
36398,0.45,0.08,0.37,49.69000000000005,15:47:49,53.94,500,53.95,1300,53.9401,1000
36511,2.06,1.54,0.52,12.660000000000004,15:49:12,53.94,3200,53.95,1600,53.9452,200
36556,0.43,0.08,0.35,41.88000000000002,15:49:41,53.96,1400,53.97,1100,53.9643,2000
36659,0.6399999999999999,0.07,0.57,0.0,15:51:00,53.93,1100,53.94,1900,53.9344,601
36704,0.75,0.15,0.6,37.529999999999994,15:51:37,53.92,2100,53.93,2500,53.9293,100
36824,0.79,0.18,0.61,14.219999999999999,15:53:14,53.9,1600,53.91,1700,53.901,591
36956,0.95,0.07,0.88,48.39000000000001,15:54:48,53.9,1600,53.91,3800,53.9011,200
36993,2.84,2.25,0.59,17.589999999999996,15:55:17,53.91,1600,53.92,3500,53.919,2500
37216,0.7999999999999999,0.22,0.58,32.17,15:59:32,53.92,800,53.93,4400,53.9266,6500
