,Total Delay,Request Delay,Saving Delay,Arrival Time,Time,Bid,Bid Size,Ask,Ask Size,Last Price,Last Size
0,0.6499999999999999,0.3,0.35,0.6499999999999999,09:30:00,182.27,400,182.7,300,182.4889,140
12,0.35,0.16,0.19,4.76,09:30:04,182.27,500,182.7,300,182.485,200
16,0.32,0.08,0.24,6.53,09:30:06,182.27,500,182.7,300,182.28,100
22,0.3,0.08,0.22,8.47,09:30:08,182.27,300,182.7,300,182.3,100
32,0.43,0.21,0.22,12.59,09:30:12,182.38,300,182.7,300,182.4,100
51,0.4,0.18,0.22,0.0,09:31:00,182.62,100,182.88,200,182.62,100
88,0.39,0.2,0.19,22.290000000000006,09:31:22,182.46,300,182.7,100,182.47,100
94,0.27,0.07,0.2,24.190000000000005,09:31:24,182.5,100,182.7,500,182.46,300
122,0.32,0.12,0.2,34.120000000000005,09:31:34,182.5,100,182.7,500,182.5001,110
144,0.46,0.18,0.28,42.48000000000002,09:31:42,182.42,100,182.58,100,182.51,100
206,0.24000000000000002,0.07,0.17,0.0,09:32:00,182.41,100,182.58,100,182.41,100
209,1.96,1.75,0.21,2.6799999999999997,09:32:02,182.42,100,182.57,100,182.545,200
258,0.39,0.22,0.17,18.44000000000001,09:32:18,182.51,300,182.63,100,182.52,100
289,0.30000000000000004,0.14,0.16,28.290000000000003,09:32:28,182.61,200,182.76,3200,182.61,100
302,0.39,0.22,0.17,32.49,09:32:32,182.61,300,182.76,3300,182.73,100
315,0.3,0.08,0.22,36.46,09:32:36,182.62,100,182.74,100,182.63,100
352,0.35,0.18,0.17,0.61,09:33:00,182.44,200,182.61,200,182.44,100
362,2.69,2.48,0.21,9.819999999999999,09:33:09,182.46,200,182.61,200,182.609,181
440,0.45,0.25,0.2,37.000000000000014,09:33:37,182.27,200,182.37,400,182.27,200
446,0.25,0.07,0.18,38.88000000000001,09:33:38,182.24,100,182.36,100,182.25,100
464,0.39,0.17,0.22,45.17,09:33:45,182.01,1000,182.35,300,182.02,100
467,0.25,0.07,0.18,46.2,09:33:46,182.01,1000,182.35,300,182.01,100
515,1.4000000000000001,1.06,0.34,0.0,09:34:00,182.06,100,182.27,200,182.06,100
546,0.45,0.2,0.25,12.3,09:34:12,182.18,100,182.37,400,182.36,100
586,0.47000000000000003,0.27,0.2,27.529999999999998,09:34:27,182.18,200,182.36,100,182.19,116
614,0.38,0.08,0.3,0.0,09:35:00,182.29,200,182.49,100,182.39,100
621,0.33,0.07,0.26,6.3500000000000005,09:35:06,182.29,200,182.49,100,182.4883,343
653,0.44,0.22,0.22,26.840000000000003,09:35:26,182.4,100,182.66,100,182.445,100
707,0.25,0.07,0.18,46.68000000000001,09:35:46,182.45,200,182.59,100,182.53799999999998,100
714,0.44,0.26,0.18,48.92000000000001,09:35:48,182.45,100,182.58,100,182.5121,100
779,3.7600000000000002,3.33,0.43,3.7600000000000002,09:36:03,182.5,200,182.67,200,182.54,100
898,1.7399999999999998,1.38,0.36,0.0,09:37:00,182.6,100,182.72,300,182.66,100
993,0.39,0.12,0.27,43.68999999999999,09:37:43,182.63,200,182.76,3200,182.745,200
1065,0.28,0.07,0.21,0.0,09:38:00,182.65,300,182.75,100,182.75,100
1080,0.46,0.23,0.23,6.35,09:38:06,182.65,200,182.75,100,182.6919,300
1104,0.45,0.18,0.27,16.28,09:38:16,182.65,800,182.75,300,182.655,100
1132,0.47,0.23,0.24,0.0,09:39:00,182.73,100,182.88,700,182.81,100
1139,0.33,0.08,0.25,4.89,09:39:04,182.82,200,182.94,300,182.865,100
1142,0.37,0.18,0.19,5.859999999999999,09:39:05,182.83,100,182.93,100,182.93,100
1148,2.41,2.17,0.24,10.21,09:39:10,182.83,600,182.93,100,182.91,100
1157,0.61,0.37,0.24,14.34,09:39:14,182.86,100,182.95,400,182.915,100
1251,0.28,0.08,0.2,52.01000000000001,09:39:52,182.86,200,182.95,200,182.896,107
1256,0.5800000000000001,0.3,0.28,54.09000000000001,09:39:54,182.86,200,182.95,200,182.8924,1000
1261,0.35,0.17,0.18,0.0,09:40:00,182.82,100,182.9,100,182.83,100
1277,0.46,0.2,0.26,8.22,09:40:08,182.84,100,182.99,200,182.85,100
1295,0.29000000000000004,0.07,0.22,21.419999999999995,09:40:21,182.81,100,182.85,200,182.82,100
1303,0.33,0.07,0.26,24.11,09:40:24,182.83,100,182.92,100,182.86,200
1336,0.44,0.2,0.24,35.94,09:40:35,182.84,200,182.94,200,182.89,100
1383,0.43,0.21,0.22,54.159999999999975,09:40:54,182.85,100,182.97,100,182.9,200
1493,0.38,0.21,0.17,0.0,09:41:00,182.87,200,182.98,500,182.96,100
1503,0.3,0.08,0.22,3.829999999999999,09:41:03,183.0,200,183.1,100,183.05,600
1514,0.49,0.2,0.29,8.109999999999998,09:41:08,183.0,600,183.1,500,183.06,200
1523,0.47,0.09,0.38,11.92,09:41:11,183.0,600,183.1,500,183.1,150
1547,0.47,0.22,0.25,0.0,09:42:00,183.06,200,183.16,100,183.16,100
1572,0.38,0.07,0.31,19.99,09:42:19,183.06,400,183.18,100,183.19,200
1577,0.48,0.17,0.31,22.11,09:42:22,183.25,300,183.36,200,183.3116,750
1586,0.48,0.19,0.29,25.869999999999994,09:42:25,183.25,400,183.36,200,183.28,100
1595,0.7,0.24,0.46,30.089999999999993,09:42:30,183.06,200,183.17,100,183.08,100
1600,0.33,0.08,0.25,32.019999999999996,09:42:32,183.07,200,183.17,100,183.1699,200
1606,0.48,0.22,0.26,34.29999999999999,09:42:34,183.12,200,183.25,100,183.17,100
1627,0.44,0.24,0.2,44.08,09:42:44,183.07,100,183.15,300,183.135,100
1662,0.4,0.1,0.3,58.02999999999997,09:42:58,183.1,100,183.2,100,183.15,100
1688,0.46,0.26,0.2,4.08,09:43:04,183.09,200,183.2,500,183.09,100
1703,1.58,1.25,0.33,13.149999999999999,09:43:13,183.1,200,183.19,100,183.2,500
1705,0.32,0.09,0.23,13.87,09:43:13,183.13,200,183.23,100,183.23,100
1730,0.3,0.08,0.22,23.59,09:43:23,183.19,100,183.28,100,183.27,100
1736,0.6000000000000001,0.27,0.33,26.2,09:43:26,183.19,100,183.28,100,183.235,100
1767,0.37,0.18,0.19,37.86,09:43:37,183.2,200,183.29,200,183.245,450
1773,0.29000000000000004,0.07,0.22,39.85,09:43:39,183.2,200,183.29,200,183.24,100
1794,0.33,0.14,0.19,47.949999999999996,09:43:47,183.23,100,183.37,600,183.3,100
1810,0.54,0.21,0.33,0.0,09:44:00,183.23,100,183.33,100,183.2497,100
1832,0.35,0.1,0.25,11.819999999999999,09:44:11,183.13,100,183.25,300,183.21,100
1841,0.39,0.18,0.21,15.99,09:44:15,183.14,100,183.25,300,183.25,100
1873,0.36,0.14,0.22,29.909999999999993,09:44:29,183.0,100,183.08,200,183.04,100
1877,0.65,0.27,0.38,31.89999999999999,09:44:31,183.0,100,183.08,300,183.0022,110
1956,0.43000000000000005,0.09,0.34,0.0,09:45:00,183.01,100,183.09,300,183.02,100
1970,1.2,0.89,0.31,10.79,09:45:10,182.96,100,183.02,100,182.97,100
1977,1.44,1.19,0.25,16.82,09:45:16,182.96,100,182.99,100,182.995,100
2082,0.29000000000000004,0.07,0.22,0.0,09:46:00,183.07,200,183.15,200,183.13,100
2087,0.56,0.27,0.29,1.9100000000000001,09:46:01,183.06,100,183.11,200,183.07,100
2090,0.29000000000000004,0.07,0.22,2.76,09:46:02,182.97,100,183.08,100,183.03,100
2152,0.38,0.08,0.3,34.03000000000001,09:46:34,183.05,100,183.13,500,183.12,500
2227,0.25,0.07,0.18,0.0,09:47:00,182.92,200,183.12,100,182.99,100
2228,0.44,0.23,0.21,0.44,09:47:00,182.93,200,183.12,100,182.94,100
2255,0.26,0.08,0.18,10.06,09:47:10,182.9,100,182.96,200,182.98,100
2283,0.46,0.23,0.23,25.999999999999993,09:47:25,182.89,200,182.95,100,182.9132,400
2300,0.54,0.2,0.34,32.56999999999999,09:47:32,182.85,100,182.89,200,182.87,100
2321,0.4,0.2,0.2,40.05,09:47:40,182.85,100,182.93,200,182.8838,174
2358,0.36000000000000004,0.08,0.28,54.33999999999999,09:47:54,182.85,200,182.93,200,182.92,100
2528,0.48000000000000004,0.2,0.28,0.0,09:49:00,182.85,200,182.94,200,182.895,100
2544,0.45,0.18,0.27,10.529999999999998,09:49:10,182.73,300,182.89,200,182.7832,129
2577,0.4,0.07,0.33,30.16,09:49:30,182.82,200,182.94,100,182.88,100
2663,0.4,0.07,0.33,0.0,09:50:00,182.91,400,183.03,200,182.95,100
2690,0.38,0.18,0.2,18.11,09:50:18,183.01,100,183.09,100,183.045,750
2751,5.26,5.09,0.17,45.96,09:50:45,182.91,400,183.05,200,183.01,100
2953,0.25,0.07,0.18,13.229999999999997,09:52:13,183.06,100,183.16,200,183.11,100
3075,0.6,0.23,0.37,0.0,09:53:00,183.06,200,183.15,100,183.1158,250
3098,0.28,0.07,0.21,13.589999999999998,09:53:13,183.06,200,183.15,100,183.105,250
3106,0.75,0.54,0.21,18.130000000000003,09:53:18,183.01,100,183.15,100,183.065,100
3234,0.34,0.08,0.26,0.0,09:54:00,183.17,100,183.25,200,183.18,100
3349,0.39,0.2,0.19,49.68000000000003,09:54:49,183.12,300,183.16,1500,183.14,100
3372,0.26,0.09,0.17,0.0,09:55:00,183.13,100,183.22,100,183.175,100
3387,1.64,1.43,0.21,6.67,09:55:06,183.13,100,183.2,100,183.166,200
3563,0.33,0.07,0.26,22.199999999999996,09:56:22,182.87,100,182.99,200,183.0,100
3576,0.37,0.07,0.3,28.019999999999996,09:56:28,182.86,200,182.99,300,182.925,100
3634,0.4,0.21,0.19,48.24999999999999,09:56:48,182.91,100,183.03,100,183.015,100
3766,0.28,0.08,0.2,15.91,09:57:15,182.94,200,183.01,100,182.975,100
3796,0.25,0.07,0.18,0.0,09:58:00,183.0,100,183.07,200,183.035,100
3814,2.37,2.09,0.28,11.86,09:58:11,183.03,200,183.11,100,183.075,160
3984,0.3,0.12,0.18,18.53000000000001,09:59:18,182.88,100,182.98,100,182.965,100
4089,0.28,0.07,0.21,0.28,10:00:00,182.99,200,183.19,3300,183.095,100
4214,1.22,0.86,0.36,5.8999999999999995,10:01:05,183.03,400,183.11,200,183.0581,300
4223,0.41000000000000003,0.18,0.23,13.82,10:01:13,183.04,200,183.11,300,183.06799999999998,119
4269,0.32,0.13,0.19,31.590000000000003,10:01:31,182.95,100,183.06,100,183.005,100
4306,0.29000000000000004,0.1,0.19,43.47000000000003,10:01:43,183.03,100,183.14,100,183.025,170
4311,0.44999999999999996,0.24,0.21,45.60000000000003,10:01:45,183.03,200,183.14,100,183.085,100
4324,0.28,0.08,0.2,49.49000000000004,10:01:49,182.98,200,183.13,200,183.055,100
4494,0.36,0.12,0.24,0.0,10:03:00,182.97,300,183.02,100,182.985,100
4576,0.35,0.18,0.17,33.940000000000005,10:03:33,183.06,100,183.1,1000,183.0675,100
4748,0.44,0.21,0.23,43.81999999999999,10:04:43,183.03,200,183.11,600,183.0732,895
4886,0.39,0.09,0.3,39.829999999999984,10:05:39,182.96,400,183.03,200,183.0127,453
5015,0.38,0.14,0.24,42.06000000000001,10:06:42,182.92,100,182.99,300,182.955,100
5090,3.37,3.18,0.19,9.219999999999999,10:07:09,182.87,200,182.94,400,182.905,100
5310,0.31,0.07,0.24,36.11,10:08:36,182.78,200,182.85,100,182.815,100
5378,4.11,3.81,0.3,0.0,10:09:00,182.78,500,182.82,100,182.8,100
5462,168.17,168.0,0.17,0.0,10:12:00,182.71,300,182.75,100,182.725,100
5484,0.23,0.07,0.16,6.210000000000001,10:12:06,182.71,300,182.77,100,182.77,100
5529,0.42,0.18,0.24,22.64000000000001,10:12:22,182.72,300,182.78,100,182.78,300
5557,0.35000000000000003,0.07,0.28,2.0500000000000003,10:13:02,182.67,200,182.73,400,182.72,100
5559,1.82,1.57,0.25,4.54,10:13:04,182.67,100,182.73,400,182.7,100
5580,0.38,0.18,0.2,20.16,10:13:20,182.68,100,182.73,100,182.7125,386
5603,0.28,0.07,0.21,28.140000000000004,10:13:28,182.68,100,182.71,100,182.69,100
5614,0.26,0.07,0.19,31.950000000000003,10:13:31,182.68,100,182.72,200,182.71,100
5619,0.44999999999999996,0.24,0.21,34.17000000000001,10:13:34,182.6,100,182.69,100,182.645,100
5722,3.47,3.24,0.23,13.010000000000002,10:14:13,182.63,300,182.69,300,182.63099999999997,200
5765,0.26,0.07,0.19,27.99000000000001,10:14:27,182.61,400,182.68,100,182.67,100
5819,0.39,0.21,0.18,44.310000000000024,10:14:44,182.61,400,182.68,200,182.68,100
5861,3.37,3.02,0.35,5.37,10:15:05,182.58,200,182.64,100,182.59,100
5863,1.73,1.47,0.26,7.359999999999999,10:15:07,182.64,400,182.69,100,182.665,100
5939,0.24000000000000002,0.07,0.17,38.33000000000001,10:15:38,182.74,200,182.77,200,182.755,200
5996,0.25,0.08,0.17,0.0,10:16:00,182.68,200,182.75,100,182.7096,1000
6157,0.44,0.21,0.23,0.0,10:17:00,182.55,200,182.62,200,182.55,100
6158,4.47,4.22,0.25,4.47,10:17:04,182.55,100,182.58,100,182.585,100
6160,1.41,1.18,0.23,8.69,10:17:08,182.53,200,182.56,300,182.53,200
6271,0.69,0.24,0.45,0.0,10:18:00,182.59,100,182.63,600,182.6,100
6299,1.5899999999999999,1.21,0.38,20.34,10:18:20,182.62,300,182.69,200,182.64,100
6318,52.14,51.78,0.36,0.0,10:19:00,182.64,100,182.73,300,182.65,100
6334,0.3,0.08,0.22,6.3,10:19:06,182.65,300,182.71,200,182.6803,100
6441,0.44,0.22,0.22,0.44,10:20:00,182.71,200,182.8,200,182.7526,1968
6859,1.61,1.32,0.29,7.28,10:24:07,183.11,400,183.19,100,183.1675,100
6879,0.57,0.21,0.36,20.470000000000002,10:24:20,183.11,300,183.19,100,183.1101,125
6892,0.63,0.23,0.4,26.089999999999996,10:24:26,183.12,100,183.19,300,183.155,100
6948,0.4,0.1,0.3,49.870000000000005,10:24:49,183.09,100,183.16,100,183.125,100
7137,0.33,0.08,0.25,33.800000000000004,10:26:33,182.81,100,182.87,300,182.84,100
7166,0.5700000000000001,0.13,0.44,48.099999999999994,10:26:48,182.81,300,182.87,200,182.8371,196
7262,0.5,0.23,0.27,0.0,10:28:00,182.91,200,182.95,400,182.9101,200
7602,1.69,1.39,0.3,18.4,10:30:18,182.93,200,183.04,100,182.9718,177
8017,0.47000000000000003,0.14,0.33,14.319999999999999,10:34:14,183.08,300,183.15,300,183.123,1000
8086,0.61,0.09,0.52,7.96,10:35:07,182.96,100,182.98,200,182.9691,238
8221,0.6,0.08,0.52,22.42,10:36:22,183.0,100,183.09,400,183.0734,100
8441,0.84,0.12,0.72,13.459999999999999,10:39:13,182.91,100,182.93,300,182.9214,100
8548,0.5800000000000001,0.07,0.51,50.07000000000003,10:40:50,182.99,400,183.02,100,183.0252,140
8809,0.6,0.17,0.43,22.39,10:43:22,182.99,500,183.05,100,183.0171,100
8850,0.58,0.08,0.5,5.98,10:44:05,182.97,100,183.01,200,182.9868,200
8866,0.76,0.07,0.69,18.569999999999997,10:44:18,182.95,100,183.0,100,182.9501,100
8943,1.17,0.63,0.54,14.149999999999999,10:45:14,183.03,300,183.08,400,183.0652,202
9060,0.76,0.17,0.59,19.000000000000004,10:46:19,183.11,300,183.18,100,183.145,100
9186,0.61,0.18,0.43,53.260000000000005,10:47:53,183.23,200,183.29,100,183.255,100
9203,4.82,4.37,0.45,0.0,10:48:00,183.24,800,183.29,200,183.265,100
9204,2.38,1.77,0.61,2.38,10:48:02,183.24,700,183.29,200,183.29,100
9217,0.62,0.19,0.43,10.799999999999999,10:48:10,183.25,500,183.29,100,183.2606,102
9221,0.43,0.07,0.36,12.839999999999998,10:48:12,183.26,100,183.29,100,183.275,100
9257,0.44,0.07,0.37,33.19999999999999,10:48:33,183.19,100,183.23,100,183.22,100
9554,3.45,2.83,0.62,0.0,10:52:00,182.65,100,182.76,400,182.695,100
9675,0.62,0.19,0.43,35.809999999999995,10:53:35,182.7,100,182.75,200,182.74,100
9744,3.38,2.89,0.49,16.76,10:54:16,182.55,100,182.6,100,182.58,100
9750,0.61,0.17,0.44,20.180000000000007,10:54:20,182.57,100,182.61,200,182.57,100
9769,0.79,0.23,0.56,8.86,10:56:08,182.34,100,182.41,300,182.34,100
9777,0.75,0.21,0.54,14.42,10:56:14,182.4,200,182.47,100,182.42,100
9781,0.61,0.12,0.49,16.84,10:56:16,182.44,200,182.52,200,182.49,100
9790,0.77,0.07,0.7,23.040000000000003,10:56:23,182.44,200,182.5,100,182.48,100
9802,0.6000000000000001,0.07,0.53,30.69000000000001,10:56:30,182.44,200,182.46,100,182.45,100
9820,5.77,5.27,0.5,11.97,10:57:11,182.42,100,182.49,300,182.43,100
9821,1.79,1.23,0.56,13.760000000000002,10:57:13,182.38,600,182.49,300,182.38099999999997,100
9822,0.43,0.07,0.36,14.190000000000001,10:57:14,182.38,200,182.49,300,182.38,100
9839,0.5800000000000001,0.07,0.51,25.95000000000001,10:57:25,182.39,200,182.49,500,182.4843,500
9882,0.6,0.24,0.36,50.150000000000034,10:57:50,182.33,500,182.41,600,182.3462,115
9886,0.5700000000000001,0.07,0.5,52.320000000000036,10:57:52,182.18,400,182.29,200,182.18,100
9900,0.46,0.08,0.38,0.0,10:58:00,182.19,100,182.28,200,182.2,100
9910,0.62,0.23,0.39,6.21,10:58:06,182.19,200,182.23,100,182.23,125
9912,2.98,2.53,0.45,9.78,10:58:09,182.2,100,182.23,100,182.21,100
9913,0.62,0.18,0.44,10.399999999999999,10:58:10,182.22,200,182.28,100,182.22,100
9986,0.6000000000000001,0.2,0.4,56.02000000000001,10:58:56,182.35,100,182.41,200,182.37,100
10020,0.6100000000000001,0.28,0.33,19.98,10:59:19,182.34,100,182.41,200,182.35,200
10034,0.5900000000000001,0.27,0.32,27.770000000000007,10:59:27,182.32,100,182.39,100,182.33,100
10046,0.57,0.21,0.36,33.98000000000001,10:59:33,182.29,100,182.33,100,182.29,100
10071,0.61,0.15,0.46,47.770000000000024,10:59:47,182.26,100,182.29,300,182.2964,250
10092,4.41,3.87,0.54,5.6,11:00:05,182.32,300,182.4,200,182.345,100
10165,0.77,0.22,0.55,56.16000000000002,11:00:56,182.34,100,182.38,100,182.37400000000002,100
10185,4.38,3.9,0.48,8.2,11:01:08,182.34,200,182.37,100,182.3514,150
10256,135.06,134.46,0.6,0.0,11:04:00,182.37,300,182.43,100,182.40900000000002,120
10672,0.44,0.07,0.37,51.440000000000005,11:08:51,182.45,100,182.49,700,182.486,525
10713,0.5800000000000001,0.07,0.51,7.379999999999998,11:09:07,182.46,200,182.53,300,182.5,100
10916,0.61,0.18,0.43,25.060000000000002,11:11:25,182.54,200,182.56,100,182.555,162
11131,2.7800000000000002,2.35,0.43,0.0,11:14:00,182.73,700,182.79,500,182.76,100
11151,0.6,0.23,0.37,16.62,11:14:16,182.72,100,182.77,200,182.77900000000002,100
11200,0.5700000000000001,0.07,0.5,44.599999999999994,11:14:44,182.53,200,182.61,200,182.56,100
11272,0.61,0.18,0.43,24.189999999999998,11:17:24,182.47,300,182.54,200,182.5005,100
11569,0.64,0.09,0.55,51.76000000000001,11:20:51,182.51,200,182.59,500,182.58900000000003,136
11669,0.64,0.25,0.39,0.0,11:22:00,182.45,200,182.54,100,182.495,300
11672,1.4,1.0,0.4,2.5999999999999996,11:22:02,182.45,200,182.54,200,182.50400000000002,1216
11835,0.61,0.21,0.4,0.0,11:24:00,182.41,200,182.51,200,182.415,100
11886,0.44,0.07,0.37,35.040000000000006,11:24:35,182.39,200,182.5,200,182.4614,135
12017,0.6100000000000001,0.07,0.54,11.689999999999998,11:26:11,182.31,100,182.35,100,182.32,100
12036,0.5599999999999999,0.21,0.35,0.5599999999999999,11:27:00,182.25,100,182.35,300,182.2628,104
12057,0.5700000000000001,0.13,0.44,0.0,11:28:00,182.23,100,182.28,100,182.255,100
12084,0.5800000000000001,0.12,0.46,7.77,11:29:07,182.21,100,182.26,200,182.235,100
12165,0.8200000000000001,0.18,0.64,39.44999999999999,11:30:39,182.42,400,182.51,100,182.447,100
12425,0.63,0.27,0.36,26.630000000000003,11:33:26,182.44,100,182.49,200,182.465,100
12502,0.74,0.2,0.54,11.59,11:34:11,182.41,100,182.46,500,182.4239,100
12514,0.7899999999999999,0.21,0.58,19.200000000000003,11:34:19,182.44,100,182.51,600,182.475,100
12550,0.77,0.32,0.45,0.0,11:35:00,182.46,100,182.52,600,182.505,100
12740,0.8099999999999999,0.23,0.58,17.58,11:38:17,182.33,200,182.38,100,182.3799,188
12780,118.2,117.59,0.61,0.0,11:40:00,182.23,100,182.28,100,182.26,100
12794,0.76,0.2,0.56,0.0,11:41:00,182.21,300,182.28,200,182.261,300
12901,0.95,0.74,0.21,4.52,11:42:04,182.25,300,182.33,200,182.335,100
12913,0.24,0.08,0.16,11.860000000000001,11:42:11,182.26,200,182.33,300,182.295,100
13022,0.45,0.27,0.18,50.00000000000002,11:42:50,182.18,200,182.24,200,182.215,100
13072,0.3,0.08,0.22,0.0,11:43:00,182.22,300,182.29,100,182.24,100
13142,84.78,84.59,0.19,0.0,11:45:00,182.31,200,182.37,800,182.31,108
13189,0.35,0.17,0.18,14.800000000000002,11:45:14,182.31,500,182.37,800,182.3628,100
13229,0.39,0.22,0.17,26.969999999999995,11:45:26,182.31,400,182.37,800,182.3328,142
13438,0.43,0.22,0.21,0.0,11:47:00,182.3,700,182.36,400,182.3262,110
13665,0.27,0.07,0.2,37.89999999999999,11:48:37,182.36,200,182.41,600,182.385,100
14058,0.6000000000000001,0.27,0.33,10.6,11:51:10,182.53,200,182.58,500,182.5765,100
14531,0.33999999999999997,0.15,0.19,0.0,11:54:00,182.5,200,182.56,100,182.5078,126
14674,0.61,0.35,0.26,0.0,11:55:00,182.51,600,182.56,300,182.5565,100
14737,0.31,0.07,0.24,27.27,11:55:27,182.51,700,182.56,400,182.5294,100
14870,0.39,0.21,0.18,24.01,11:56:24,182.49,200,182.54,100,182.5042,104
14976,2.0100000000000002,1.83,0.18,0.0,11:57:00,182.5,300,182.55,300,182.5163,103
15039,0.3,0.09,0.21,22.469999999999995,11:57:22,182.47,200,182.53,300,182.5071,1038
15075,0.4,0.21,0.19,35.69999999999999,11:57:35,182.48,100,182.54,100,182.5172,200
15191,0.37,0.2,0.17,0.0,11:58:00,182.48,500,182.53,400,182.525,214
15434,0.31,0.08,0.23,10.220000000000002,12:00:10,182.65,200,182.71,100,182.6923,200
15497,0.27,0.07,0.2,32.1,12:00:32,182.63,300,182.68,300,182.6762,100
15693,0.25,0.08,0.17,35.07999999999999,12:01:35,182.7,200,182.74,100,182.7176,100
15706,0.39,0.22,0.17,39.08999999999999,12:01:39,182.7,200,182.74,100,182.7399,200
15727,3.92,3.68,0.24,5.65,12:02:05,182.73,200,182.82,300,182.775,200
15772,0.32,0.14,0.18,30.06,12:02:30,182.78,100,182.83,200,182.805,100
15857,0.24000000000000002,0.07,0.17,55.84999999999999,12:02:55,182.76,400,182.81,200,182.7975,100
15881,0.97,0.71,0.26,0.0,12:03:00,182.8,100,182.87,400,182.835,100
16070,0.28,0.07,0.21,7.089999999999999,12:04:07,182.84,300,182.9,400,182.885,100
16108,0.27,0.1,0.17,20.979999999999997,12:04:20,182.84,600,182.91,400,182.9063,100
16296,0.42,0.18,0.24,42.030000000000015,12:05:42,182.87,500,182.91,200,182.8875,100
16363,0.38,0.21,0.17,5.54,12:06:05,182.78,200,182.84,100,182.825,100
16414,0.27,0.07,0.2,23.959999999999994,12:06:23,182.71,200,182.79,100,182.7394,300
16444,0.28,0.07,0.21,34.31,12:06:34,182.71,200,182.79,100,182.79,100
16454,0.36,0.18,0.18,37.95000000000001,12:06:37,182.71,200,182.79,100,182.7725,100
16539,0.37,0.18,0.19,25.99,12:07:25,182.72,200,182.78,200,182.765,100
16615,0.28,0.07,0.21,51.58000000000003,12:07:51,182.6,200,182.77,200,182.685,100
18553,0.24,0.08,0.16,0.0,12:20:00,182.5,200,182.55,100,182.50099999999998,100
18653,0.41000000000000003,0.21,0.2,42.07,12:20:42,182.52,200,182.55,300,182.5325,400
18900,0.29000000000000004,0.07,0.22,18.119999999999997,12:22:18,182.45,100,182.49,200,182.4705,199
19042,0.26,0.07,0.19,17.960000000000004,12:23:17,182.4,200,182.49,200,182.435,100
19048,0.37,0.14,0.23,20.180000000000007,12:23:20,182.4,100,182.49,200,182.4633,160
19139,0.47,0.26,0.21,52.41000000000001,12:23:52,182.48,100,182.52,300,182.484,125
20201,0.36,0.17,0.19,0.0,12:31:00,182.45,300,182.5,100,182.4533,320
20323,0.23,0.07,0.16,45.92999999999998,12:31:45,182.5,100,182.53,300,182.515,100
20757,0.33999999999999997,0.18,0.16,43.95,12:34:43,182.2,200,182.25,400,182.225,100
20831,0.31,0.13,0.18,5.249999999999999,12:35:05,182.23,200,182.27,200,182.2699,100
21269,0.45,0.22,0.23,13.920000000000002,12:37:13,182.13,100,182.18,200,182.15,100
21406,44.300000000000004,43.96,0.34,0.0,12:39:00,182.15,100,182.2,200,182.1867,100
21570,0.24000000000000002,0.07,0.17,37.95,12:40:37,182.22,400,182.26,100,182.2599,100
21696,0.25,0.07,0.18,30.849999999999998,12:41:30,182.33,500,182.37,200,182.3699,100
21794,0.25,0.08,0.17,2.72,12:44:02,182.35,100,182.41,100,182.33599999999998,100
21800,0.30000000000000004,0.14,0.16,4.68,12:44:04,182.35,100,182.41,100,182.375,100
21978,0.5900000000000001,0.27,0.32,28.530000000000005,12:45:28,182.41,200,182.47,100,182.4634,125
22029,3.1500000000000004,2.89,0.26,10.01,12:46:10,182.42,100,182.45,100,182.423,120
22085,0.34,0.14,0.2,35.37999999999999,12:46:35,182.44,100,182.48,100,182.4492,1000
22358,0.23,0.07,0.16,15.769999999999996,12:48:15,182.52,300,182.54,100,182.5201,122
22794,1.99,1.66,0.33,0.0,12:51:00,182.52,400,182.63,400,182.575,100
23621,0.24000000000000002,0.07,0.17,32.029999999999994,12:56:32,182.65,300,182.68,100,182.6644,156
23658,0.24000000000000002,0.07,0.17,43.85,12:56:43,182.65,200,182.68,100,182.6799,655
24481,0.33,0.14,0.19,21.22,13:03:21,182.71,300,182.76,100,182.735,125
24698,0.35,0.17,0.18,42.15000000000002,13:04:42,182.74,400,182.78,300,182.7799,100
24911,174.01,173.76,0.25,0.0,13:08:00,182.85,500,182.91,100,182.864,1000
24943,0.32,0.12,0.2,0.32,13:09:00,182.85,200,182.89,600,182.8899,100
25115,0.29,0.08,0.21,7.489999999999999,13:10:07,182.91,400,182.95,700,182.9399,100
25122,0.4,0.18,0.22,9.749999999999998,13:10:09,182.91,400,182.95,700,182.9252,161
25471,0.42,0.07,0.35,2.18,13:13:02,182.87,100,182.92,100,182.8951,100
25516,0.59,0.17,0.42,31.730000000000008,13:13:31,182.9,300,182.92,100,182.9038,229
25600,0.43,0.07,0.36,35.970000000000006,13:14:35,182.75,400,182.83,200,182.77200000000002,100
25669,0.79,0.28,0.51,12.629999999999999,13:15:12,182.77,100,182.83,100,182.8023,200
25923,0.41000000000000003,0.07,0.34,14.79,13:18:14,182.84,300,182.91,300,182.847,500
25948,0.59,0.12,0.47,27.380000000000013,13:18:27,182.88,100,182.91,100,182.88099999999997,100
26254,0.57,0.08,0.49,0.0,13:22:00,182.86,400,182.9,100,182.8999,100
26293,0.59,0.17,0.42,25.410000000000007,13:22:25,182.94,300,182.99,400,182.9682,100
26459,0.8099999999999999,0.24,0.57,13.15,13:24:13,182.89,200,182.96,200,182.8933,166
26804,1.39,0.2,1.19,24.19,13:31:24,182.92,300,182.96,200,182.9394,117
26818,1.02,0.09,0.93,41.820000000000014,13:31:41,182.86,400,182.92,600,182.8699,440
27143,1.38,0.18,1.2,22.379999999999995,13:38:22,182.95,300,183.0,100,182.9726,100
27149,1.21,0.07,1.14,29.81,13:38:29,182.95,300,182.99,100,182.954,112
27232,1.18,0.22,0.96,23.380000000000003,13:41:23,182.89,400,182.9,300,182.899,100
27313,1.1900000000000002,0.07,1.12,13.03,13:43:13,182.84,100,182.89,400,182.8718,449
27723,2.3899999999999997,1.63,0.76,0.0,13:51:00,182.87,200,182.92,200,182.9061,538
27826,1.42,0.65,0.77,10.2,13:53:10,182.87,200,182.92,300,182.8701,198
27862,0.97,0.23,0.74,45.98000000000002,13:53:45,182.87,300,182.92,500,182.8722,105
27931,1.2,0.33,0.87,0.0,13:55:00,182.88,200,182.91,200,182.8948,100
28092,1.2,0.07,1.13,4.41,13:58:04,182.76,200,182.82,100,182.7601,100
28102,1.18,0.31,0.87,17.380000000000003,13:58:17,182.82,100,182.87,400,182.845,146
28152,1.1800000000000002,0.07,1.11,19.180000000000003,13:59:19,182.78,100,182.79,100,182.785,100
28271,1.3800000000000001,0.08,1.3,53.37000000000001,14:01:53,182.85,300,182.91,100,182.8931,221
28277,2.6,1.68,0.92,0.0,14:02:00,182.86,400,182.91,100,182.894,100
28337,1.18,0.21,0.97,12.589999999999998,14:03:12,182.81,300,182.85,200,182.8302,100
28366,1.41,0.21,1.2,47.03,14:03:47,182.81,300,182.87,300,182.8496,500
28381,3.58,2.58,1.0,4.78,14:04:04,182.84,300,182.88,200,182.852,125
28471,1.4100000000000001,0.14,1.27,0.0,14:06:00,182.82,300,182.85,200,182.8222,700
28511,1.2,0.07,1.13,49.78,14:06:49,182.84,200,182.87,200,182.855,100
28522,1.03,0.16,0.87,0.0,14:07:00,182.84,800,182.87,200,182.86700000000002,120
28537,1.21,0.08,1.13,24.599999999999998,14:07:24,182.86,300,182.89,200,182.8601,105
28645,1.22,0.08,1.14,0.0,14:09:00,182.78,500,182.82,400,182.7931,1011
28786,0.98,0.07,0.91,14.620000000000001,14:12:14,182.81,100,182.87,100,182.8101,104
28855,0.82,0.08,0.74,0.0,14:13:00,182.8,400,182.83,200,182.8289,100
28947,0.99,0.26,0.73,0.0,14:15:00,182.73,200,182.78,500,182.7517,170
29059,0.81,0.07,0.74,17.4,14:17:17,182.7,500,182.75,300,182.748,100
29120,1.02,0.07,0.95,20.18,14:18:20,182.69,300,182.74,100,182.705,100
29178,0.98,0.14,0.84,25.399999999999995,14:19:25,182.73,400,182.79,100,182.7329,112
29253,0.6,0.08,0.52,39.050000000000004,14:20:39,182.66,100,182.69,100,182.675,600
29319,0.78,0.19,0.59,4.61,14:21:04,182.72,300,182.77,200,182.74200000000002,200
29929,0.7999999999999999,0.1,0.7,0.0,14:28:00,182.87,700,182.9,100,182.87599999999998,155
29972,0.6100000000000001,0.07,0.54,35.400000000000006,14:28:35,182.88,600,182.92,100,182.919,100
30411,0.65,0.15,0.5,14.23,14:33:14,182.78,100,182.8,100,182.795,100
30462,0.62,0.08,0.54,26.38000000000001,14:34:26,182.78,200,182.81,100,182.7903,124
30586,0.6599999999999999,0.07,0.59,40.38000000000001,14:37:40,182.83,100,182.87,100,182.831,110
30597,0.6000000000000001,0.07,0.53,48.14000000000001,14:37:48,182.83,100,182.88,500,182.8675,100
30675,0.76,0.3,0.46,3.5700000000000003,14:38:03,182.9,300,182.96,300,182.9499,200
30681,0.5900000000000001,0.07,0.52,7.540000000000002,14:38:07,182.9,500,182.96,300,182.9599,100
30772,0.63,0.17,0.46,28.0,14:39:28,182.95,100,182.98,100,182.9638,500
30819,0.61,0.09,0.52,18.000000000000004,14:40:18,182.95,400,182.98,100,182.9799,200
30880,0.61,0.24,0.37,4.42,14:41:04,182.92,200,182.98,300,182.9428,190
31042,2.42,2.08,0.34,21.449999999999996,14:43:21,183.04,400,183.09,100,183.0539,500
31109,0.79,0.27,0.52,2.2,14:44:02,183.03,600,183.09,200,183.0528,228
31274,0.6000000000000001,0.07,0.53,9.160000000000002,14:46:09,183.08,100,183.13,300,183.0954,100
31315,0.77,0.17,0.6,41.32000000000002,14:46:41,183.05,200,183.09,400,183.0405,100
31333,0.75,0.07,0.68,53.710000000000015,14:46:53,183.1,200,183.13,200,183.115,100
31497,0.43,0.07,0.36,47.07000000000002,14:48:47,183.07,600,183.12,300,183.1199,200
31690,0.76,0.2,0.56,0.0,14:51:00,183.12,500,183.15,100,183.1275,400
31727,0.6,0.16,0.44,30.03000000000001,14:51:30,183.04,100,183.11,200,183.0575,100
31745,0.62,0.08,0.54,40.45000000000002,14:51:40,183.07,100,183.11,100,183.0839,100
31767,0.6,0.24,0.36,0.0,14:52:00,183.07,200,183.11,400,183.0915,126
31969,0.62,0.08,0.54,27.799999999999997,14:54:27,183.04,300,183.09,100,183.0899,100
32327,0.43,0.08,0.35,24.2,14:59:24,183.08,100,183.1,200,183.0999,100
32441,0.43,0.07,0.36,29.480000000000004,15:00:29,183.14,200,183.16,200,183.14700000000002,135
32481,0.5700000000000001,0.2,0.37,2.1900000000000004,15:01:02,183.15,600,183.18,100,183.165,100
32566,0.63,0.12,0.51,0.0,15:02:00,183.06,400,183.11,100,183.1097,3814
32682,0.66,0.12,0.54,44.06000000000001,15:03:44,183.14,300,183.16,100,183.1568,120
32822,0.64,0.08,0.56,37.86,15:05:37,183.25,100,183.27,600,183.26,100
32916,0.7699999999999999,0.08,0.69,52.230000000000004,15:06:52,183.22,300,183.27,800,183.24200000000002,104
32926,0.64,0.08,0.56,2.22,15:07:02,183.22,200,183.25,400,183.2296,1516
33256,3.82,3.34,0.48,0.0,15:11:00,183.17,200,183.2,200,183.1798,233
33788,0.5900000000000001,0.07,0.52,9.19,15:17:09,183.16,100,183.19,100,183.185,100
34001,0.6,0.17,0.43,48.19000000000002,15:19:48,183.14,400,183.17,200,183.1532,1000
34199,0.6000000000000001,0.07,0.53,0.0,15:22:00,183.23,200,183.25,300,183.2499,100
34330,0.78,0.07,0.71,24.19,15:23:24,183.25,700,183.3,200,183.2659,283
34382,0.44,0.08,0.36,19.01,15:24:19,183.29,500,183.32,100,183.31,400
34396,0.61,0.15,0.46,28.190000000000005,15:24:28,183.29,500,183.32,200,183.32,100
34504,0.5800000000000001,0.14,0.44,27.32,15:25:27,183.21,300,183.24,500,183.2249,200
34544,0.59,0.21,0.38,0.0,15:26:00,183.21,500,183.24,500,183.2325,1300
34545,3.98,3.37,0.61,3.98,15:26:03,183.21,500,183.24,500,183.22299999999998,100
34950,0.76,0.07,0.69,1.4,15:31:01,183.17,200,183.2,400,183.1999,125
35218,0.6,0.15,0.45,6.029999999999999,15:34:06,183.02,200,183.05,400,183.047,100
35376,0.5700000000000001,0.07,0.5,49.23,15:35:49,183.07,400,183.1,100,183.088,100
35476,0.6000000000000001,0.07,0.53,2.37,15:37:02,183.07,100,183.09,100,183.0701,110
35673,0.56,0.07,0.49,14.979999999999999,15:39:14,183.05,100,183.07,100,183.0501,100
35928,0.72,0.07,0.65,28.129999999999995,15:42:28,182.89,100,182.91,700,182.9001,104
35970,0.6000000000000001,0.28,0.32,5.199999999999999,15:43:05,182.91,100,182.92,300,182.9107,282
36142,0.5900000000000001,0.26,0.33,38.180000000000014,15:44:38,182.92,300,182.93,600,182.9201,109
36166,0.6,0.23,0.37,8.2,15:45:08,182.95,400,182.97,400,182.9588,250
36263,0.7799999999999999,0.21,0.57,5.99,15:46:05,183.01,100,183.03,100,183.0299,100
36298,0.79,0.2,0.59,30.029999999999998,15:46:30,183.01,100,183.03,300,183.0199,100
36412,0.59,0.23,0.36,57.860000000000056,15:47:57,183.06,800,183.08,300,183.0799,100
36543,0.63,0.18,0.45,36.02,15:49:36,183.07,100,183.09,600,183.0601,101
36574,0.5900000000000001,0.14,0.45,53.78000000000001,15:49:53,183.07,400,183.09,800,183.0864,175
36605,1.6,0.76,0.84,16.800000000000004,15:50:16,182.89,300,182.93,600,182.9234,200
36617,0.61,0.18,0.43,25.790000000000013,15:50:25,182.89,600,182.92,700,182.9199,100
36630,0.77,0.07,0.7,34.38000000000002,15:50:34,182.84,300,182.88,600,182.8401,100
36827,0.8,0.07,0.73,14.27,15:53:14,182.94,300,182.96,400,182.9401,111
36915,0.59,0.08,0.51,22.01,15:54:22,182.9,300,182.93,600,182.9299,100
37003,0.61,0.08,0.53,24.38,15:55:24,182.89,400,182.91,700,182.9099,100
37023,0.76,0.09,0.67,38.12,15:55:38,182.89,300,182.9,600,182.8901,104
37119,0.75,0.19,0.56,50.21000000000002,15:56:50,182.86,200,182.88,900,182.878,500
37138,0.61,0.23,0.38,0.0,15:57:00,182.87,900,182.88,900,182.8799,100
37142,0.78,0.17,0.61,2.95,15:57:02,182.87,900,182.88,800,182.875,454
37243,0.6,0.13,0.47,50.38000000000002,15:59:50,183.0,300,183.02,200,183.0001,102
