,Total Delay,Request Delay,Saving Delay,Arrival Time,Time,Bid,Bid Size,Ask,Ask Size,Last Price,Last Size
0,0.6499999999999999,0.3,0.35,0.6499999999999999,09:30:00,1006.49,200,1007.13,100,1006.82,100
6,0.28,0.08,0.2,2.6000000000000005,09:30:02,1006.49,200,1007.13,200,1006.89,100
12,0.35,0.16,0.19,4.76,09:30:04,1006.49,200,1007.13,200,1007.07,100
16,0.32,0.08,0.24,6.53,09:30:06,1006.49,200,1007.13,400,1006.8847,280
22,0.3,0.08,0.22,8.47,09:30:08,1006.49,200,1007.13,400,1006.81,100
28,0.5800000000000001,0.27,0.31,10.940000000000001,09:30:10,1006.49,200,1007.13,400,1007.13,100
46,0.35000000000000003,0.08,0.27,0.0,09:31:00,1006.7,200,1007.23,200,1006.965,200
51,0.4,0.18,0.22,1.98,09:31:01,1006.7,200,1007.23,400,1006.918,200
59,0.33,0.1,0.23,6.17,09:31:06,1006.71,100,1007.23,600,1007.0036,100
64,2.08,1.88,0.2,9.670000000000002,09:31:09,1006.47,200,1007.12,300,1006.7625,100
65,0.31,0.07,0.24,9.980000000000002,09:31:09,1006.47,100,1006.97,100,1006.47,100
75,0.89,0.62,0.27,16.62,09:31:16,1006.47,100,1006.96,100,1006.6575,100
77,1.79,1.43,0.36,18.84,09:31:18,1006.3,200,1006.58,200,1006.3,100
80,1.4100000000000001,1.07,0.34,21.630000000000003,09:31:21,1006.3,200,1006.58,200,1006.58,100
81,0.43000000000000005,0.17,0.26,22.060000000000002,09:31:22,1006.3,100,1006.72,300,1006.51,100
99,0.27,0.07,0.2,28.040000000000003,09:31:28,1006.3,100,1006.72,400,1006.5034,150
110,0.5,0.28,0.22,32.230000000000004,09:31:32,1006.3,100,1006.72,300,1006.375,100
117,0.3,0.08,0.22,34.38,09:31:34,1006.3,100,1006.72,400,1006.3001,500
122,0.32,0.12,0.2,36.10000000000001,09:31:36,1006.3,200,1006.72,400,1006.515,100
133,0.26,0.07,0.19,40.170000000000016,09:31:40,1006.44,100,1006.82,100,1006.73,100
138,0.38,0.07,0.31,42.140000000000015,09:31:42,1006.44,200,1006.82,100,1006.53,100
148,0.4,0.08,0.32,46.14000000000002,09:31:46,1006.44,300,1006.82,200,1006.62,100
152,0.74,0.21,0.53,48.37000000000002,09:31:48,1006.31,100,1006.72,100,1006.29,100
156,0.48,0.21,0.27,50.20000000000002,09:31:50,1006.31,200,1006.72,100,1006.4548,200
176,0.33,0.16,0.17,56.30000000000002,09:31:56,1006.23,1100,1006.72,200,1006.27,100
182,0.33,0.07,0.26,58.26000000000002,09:31:58,1006.23,1100,1006.72,200,1006.23,100
186,0.29,0.08,0.21,0.0,09:32:00,1006.23,1000,1006.72,100,1006.26,100
187,0.24000000000000002,0.07,0.17,0.24000000000000002,09:32:00,1006.24,100,1006.5,100,1006.37,300
193,0.41000000000000003,0.21,0.2,2.27,09:32:02,1006.24,200,1006.5,100,1006.25,100
197,2.11,1.93,0.18,5.2,09:32:05,1006.24,100,1006.4,200,1006.24,100
202,2.2199999999999998,2.03,0.19,15.0,09:32:15,1005.8,100,1006.4,300,1006.02,432
206,0.24000000000000002,0.07,0.17,16.12,09:32:16,1005.8,100,1006.4,300,1006.1,100
209,1.96,1.75,0.21,18.8,09:32:18,1005.8,100,1006.4,300,1006.09,100
221,0.26,0.08,0.18,22.34,09:32:22,1005.8,200,1006.4,300,1006.064,100
227,0.36,0.19,0.17,24.189999999999998,09:32:24,1005.0,2300,1005.88,200,1005.37,100
234,0.23,0.07,0.16,26.159999999999997,09:32:26,1005.0,2300,1005.88,200,1005.45,100
246,0.36,0.18,0.18,30.23999999999999,09:32:30,1005.0,2200,1005.88,300,1005.1,100
252,0.24000000000000002,0.07,0.17,32.32999999999999,09:32:32,1005.0,2400,1005.88,300,1005.875,100
258,0.39,0.22,0.17,34.55999999999999,09:32:34,1005.0,2400,1005.88,200,1005.01,100
264,0.24000000000000002,0.07,0.17,36.509999999999984,09:32:36,1005.0,2400,1005.87,100,1005.7,100
270,0.36,0.2,0.16,38.53999999999998,09:32:38,1005.0,2400,1005.87,100,1005.43,200
276,0.24000000000000002,0.07,0.17,40.38999999999998,09:32:40,1005.0,2400,1005.69,100,1005.615,100
283,0.25,0.09,0.16,42.359999999999985,09:32:42,1004.67,200,1005.66,100,1005.09,100
289,0.30000000000000004,0.14,0.16,44.40999999999999,09:32:44,1004.67,200,1005.66,100,1004.78,200
302,0.39,0.22,0.17,48.61,09:32:48,1004.67,200,1005.66,100,1005.0,100
309,0.25,0.07,0.18,50.54,09:32:50,1004.67,200,1005.59,300,1005.13,100
315,0.3,0.08,0.22,52.58,09:32:52,1004.67,200,1005.59,300,1005.1668,150
325,0.25,0.07,0.18,56.56999999999999,09:32:56,1004.67,300,1005.4,100,1004.79,100
338,0.3,0.08,0.22,0.0,09:33:00,1004.7,200,1005.32,100,1005.15,100
343,2.23,1.98,0.25,3.41,09:33:03,1004.93,200,1005.32,300,1005.1424,100
344,0.36,0.18,0.18,3.77,09:33:03,1004.94,200,1005.3,200,1005.27,200
349,0.41000000000000003,0.21,0.2,5.44,09:33:05,1004.94,200,1005.3,200,1005.3,100
350,3.75,3.46,0.29,9.190000000000001,09:33:09,1005.18,200,1005.66,300,1005.41,100
352,0.35,0.18,0.17,9.8,09:33:09,1005.41,300,1006.0,500,1005.81,100
354,2.19,1.96,0.23,12.57,09:33:12,1005.45,200,1006.0,600,1005.6460000000001,145
362,2.69,2.48,0.21,19.009999999999998,09:33:19,1005.76,200,1006.29,100,1005.94,100
365,0.42000000000000004,0.23,0.19,19.96,09:33:19,1005.82,200,1006.28,100,1005.82,200
370,0.66,0.28,0.38,22.090000000000003,09:33:22,1005.84,200,1006.29,100,1006.0225,100
405,0.5700000000000001,0.28,0.29,33.96,09:33:33,1005.46,400,1006.29,100,1005.97,100
412,0.47000000000000003,0.27,0.2,35.970000000000006,09:33:35,1005.79,600,1006.29,100,1005.66,100
427,0.41000000000000003,0.17,0.24,42.00000000000001,09:33:42,1005.86,300,1006.23,200,1006.045,100
440,0.45,0.25,0.2,46.19000000000002,09:33:46,1005.37,200,1005.75,300,1005.74,100
446,0.25,0.07,0.18,48.070000000000014,09:33:48,1005.65,200,1006.18,100,1005.8,100
452,0.26,0.07,0.19,49.95000000000001,09:33:49,1005.51,100,1006.18,100,1005.76,100
464,0.39,0.17,0.22,54.36000000000001,09:33:54,1005.7,200,1006.18,100,1006.0,200
513,2.17,1.87,0.3,16.61,09:34:16,1005.61,200,1006.07,200,1005.6,100
522,0.33,0.07,0.26,24.469999999999995,09:34:24,1005.01,100,1006.06,100,1005.57,100
527,0.43,0.21,0.22,26.20999999999999,09:34:26,1005.01,100,1006.06,100,1005.04,200
531,0.51,0.17,0.34,28.27999999999999,09:34:28,1005.13,200,1006.06,100,1005.16,100
552,0.5800000000000001,0.25,0.33,36.55,09:34:36,1005.01,200,1005.98,100,1005.415,100
571,0.32,0.07,0.25,44.09999999999999,09:34:44,1005.12,200,1005.98,100,1005.5166,300
577,0.43,0.14,0.29,46.29999999999999,09:34:46,1005.12,300,1005.85,100,1005.55,100
583,0.31,0.13,0.18,48.12999999999999,09:34:48,1005.12,200,1005.98,100,1005.507,100
600,0.35000000000000003,0.08,0.27,54.38999999999999,09:34:54,1005.13,100,1006.06,100,1005.29,200
604,0.4,0.12,0.28,56.21999999999999,09:34:56,1005.13,200,1006.04,100,1005.65,100
609,0.49,0.2,0.29,58.589999999999996,09:34:58,1005.13,200,1005.99,100,1005.73,100
614,0.38,0.08,0.3,0.0,09:35:00,1005.13,200,1005.99,200,1005.14,110
617,3.8,3.55,0.25,4.83,09:35:04,1005.12,100,1005.87,200,1005.555,100
622,3.44,3.13,0.31,9.790000000000001,09:35:09,1005.12,200,1005.57,300,1005.3403,210
625,2.72,2.35,0.37,14.980000000000002,09:35:14,1005.12,200,1005.57,400,1005.372,200
628,0.45,0.22,0.23,16.62,09:35:16,1005.12,200,1005.57,300,1005.165,100
641,0.4,0.18,0.22,22.53,09:35:22,1005.15,300,1005.83,200,1005.515,150
653,0.44,0.22,0.22,26.840000000000003,09:35:26,1005.16,500,1005.77,100,1005.5,400
662,0.56,0.29,0.27,30.749999999999996,09:35:30,1005.17,300,1005.62,100,1005.395,100
674,0.44999999999999996,0.21,0.24,34.75,09:35:34,1005.18,100,1005.5,100,1005.34,100
684,0.45,0.27,0.18,38.27000000000001,09:35:38,1005.19,100,1005.77,100,1005.4725,400
686,0.6200000000000001,0.28,0.34,39.32000000000001,09:35:39,1005.18,500,1005.83,200,1005.77,100
689,0.28,0.07,0.21,40.66000000000001,09:35:40,1005.18,400,1005.83,200,1005.58,100
695,0.6200000000000001,0.28,0.34,42.92,09:35:42,1005.18,400,1005.76,200,1005.47,200
701,0.26,0.08,0.18,44.800000000000004,09:35:44,1005.18,500,1005.76,200,1005.71,100
707,0.25,0.07,0.18,46.68000000000001,09:35:46,1005.41,100,1006.0,200,1005.78,100
708,0.25,0.08,0.17,46.93000000000001,09:35:46,1005.42,100,1006.0,200,1005.7097,200
714,0.44,0.26,0.18,48.92000000000001,09:35:48,1005.43,200,1006.0,200,1005.98,100
721,0.25,0.07,0.18,50.89000000000001,09:35:50,1005.43,200,1006.0,200,1005.829,500
733,0.35,0.19,0.16,54.79000000000001,09:35:54,1005.43,200,1005.99,100,1005.99,100
748,0.4,0.22,0.18,58.740000000000016,09:35:58,1005.44,100,1005.91,100,1005.625,200
751,0.4,0.23,0.17,0.0,09:36:00,1005.74,200,1006.22,100,1006.08,100
767,1.8299999999999998,1.63,0.2,6.610000000000001,09:36:06,1005.44,100,1006.18,200,1005.84,100
769,0.36000000000000004,0.08,0.28,9.370000000000001,09:36:09,1005.44,200,1006.18,200,1005.805,100
771,2.1,1.83,0.27,11.81,09:36:11,1005.44,200,1005.99,100,1005.9755,100
774,2.31,2.11,0.2,14.610000000000001,09:36:14,1005.47,200,1006.18,100,1005.7605,300
780,0.43,0.19,0.24,20.580000000000002,09:36:20,1005.5,200,1006.18,200,1005.62,100
793,0.28,0.07,0.21,25.630000000000006,09:36:25,1005.52,100,1006.12,200,1005.8425,100
800,0.44000000000000006,0.17,0.27,28.390000000000008,09:36:28,1005.51,100,1005.84,100,1005.51,100
810,0.4,0.12,0.28,32.6,09:36:32,1005.64,200,1006.18,100,1005.96,100
818,0.32,0.14,0.18,36.349999999999994,09:36:36,1005.67,100,1006.16,200,1005.92,100
837,0.67,0.44,0.23,44.24999999999999,09:36:44,1005.56,100,1006.08,400,1005.612,100
850,0.34,0.08,0.26,50.269999999999996,09:36:50,1005.66,100,1006.08,400,1005.87,100
905,0.42000000000000004,0.1,0.32,17.99,09:37:17,1005.42,200,1005.85,100,1005.42,100
914,0.41000000000000003,0.21,0.2,22.13,09:37:22,1005.44,200,1005.85,200,1005.635,100
918,0.49,0.14,0.35,23.99,09:37:23,1005.42,200,1005.84,100,1005.63,100
922,0.43,0.08,0.35,26.13,09:37:26,1005.42,100,1005.85,100,1005.6716,100
934,0.35000000000000003,0.07,0.28,31.950000000000003,09:37:31,1005.47,100,1005.85,100,1005.525,100
937,0.51,0.2,0.31,33.18000000000001,09:37:33,1005.47,200,1005.85,100,1005.6603,200
959,0.48,0.21,0.27,41.899999999999984,09:37:41,1005.55,400,1006.08,200,1006.01,100
965,0.42,0.18,0.24,43.969999999999985,09:37:43,1006.08,100,1006.4,100,1006.39,100
970,0.46,0.2,0.26,46.08999999999998,09:37:46,1005.89,200,1006.5,200,1005.9069999999999,180
979,0.35000000000000003,0.07,0.28,50.00999999999998,09:37:50,1005.94,300,1006.39,100,1006.498,200
989,0.36,0.07,0.29,54.14999999999997,09:37:54,1005.94,300,1006.39,100,1006.169,150
993,0.39,0.12,0.27,55.769999999999975,09:37:55,1005.94,300,1006.39,100,1006.165,100
1002,0.42,0.07,0.35,1.98,09:38:01,1005.94,400,1006.37,100,1006.04,100
1007,0.48000000000000004,0.2,0.28,4.16,09:38:04,1005.94,400,1006.36,100,1006.15,100
1016,4.37,4.13,0.24,12.880000000000003,09:38:12,1005.7,100,1006.35,100,1005.83,100
1028,0.34,0.08,0.26,17.89,09:38:17,1005.61,300,1005.9,100,1005.61,108
1033,0.42000000000000004,0.14,0.28,19.959999999999997,09:38:19,1005.61,200,1005.9,100,1005.69,200
1035,0.55,0.19,0.36,22.27,09:38:22,1005.61,200,1005.89,100,1005.755,100
1047,0.48,0.19,0.29,28.22,09:38:28,1005.39,1000,1005.76,300,1005.56,100
1055,0.55,0.24,0.31,32.14,09:38:32,1005.39,100,1005.6,200,1005.5076,200
1060,0.33,0.08,0.25,34.05999999999999,09:38:34,1005.39,100,1005.6,200,1005.495,100
1071,0.39,0.13,0.26,38.029999999999994,09:38:38,1005.25,300,1005.76,400,1005.36,100
1075,0.30000000000000004,0.07,0.23,39.77999999999999,09:38:39,1005.2,100,1005.74,200,1005.25,200
1080,0.46,0.23,0.23,42.17999999999999,09:38:42,1005.2,100,1005.74,100,1005.5462,100
1090,0.55,0.22,0.33,46.02999999999998,09:38:46,1005.2,100,1005.74,100,1005.26,100
1095,0.51,0.2,0.31,48.30999999999999,09:38:48,1005.18,100,1005.48,100,1005.2,100
1104,0.45,0.18,0.27,52.10999999999998,09:38:52,1005.18,100,1005.48,100,1005.19,100
1113,0.51,0.21,0.3,56.069999999999986,09:38:56,1005.0,500,1005.41,100,1005.18,100
1117,0.62,0.27,0.35,57.899999999999984,09:38:57,1004.87,100,1005.32,100,1004.88,400
1118,0.37,0.13,0.24,58.26999999999998,09:38:58,1004.7,100,1005.32,100,1005.0060000000001,250
1127,0.44,0.18,0.26,0.0,09:39:00,1004.7,100,1005.0,200,1004.9186,100
1135,0.42000000000000004,0.2,0.22,4.0200000000000005,09:39:04,1004.72,200,1005.71,200,1004.7,4000
1181,0.43,0.18,0.25,27.93000000000001,09:39:27,1004.71,200,1005.17,100,1004.9658,300
1193,0.44999999999999996,0.15,0.3,32.28000000000001,09:39:32,1004.71,300,1005.17,200,1005.17,142
1197,0.53,0.17,0.36,34.15000000000001,09:39:34,1004.71,300,1005.17,200,1004.9584,100
1202,0.47,0.18,0.29,36.05000000000002,09:39:36,1004.71,300,1005.17,200,1004.9906,100
1207,0.38,0.07,0.31,38.430000000000014,09:39:38,1004.88,100,1005.17,200,1004.97,100
1216,0.49,0.22,0.27,42.49000000000003,09:39:42,1004.3,100,1005.0,400,1004.67,100
1226,0.27,0.08,0.19,46.11000000000003,09:39:46,1004.3,100,1005.0,500,1004.573,100
1232,0.28,0.07,0.21,48.11000000000003,09:39:48,1004.3,100,1005.0,500,1004.645,100
1245,0.42000000000000004,0.22,0.2,52.22000000000003,09:39:52,1004.2,100,1004.88,200,1004.5397,100
1251,0.28,0.08,0.2,54.17000000000002,09:39:54,1004.25,200,1004.88,100,1004.5375,100
1277,0.46,0.2,0.26,0.0,09:40:00,1004.25,200,1004.88,100,1004.56,100
1281,1.3,0.91,0.39,2.54,09:40:02,1004.5,600,1004.88,100,1004.5984,300
1283,2.42,2.13,0.29,5.32,09:40:05,1004.57,200,1004.88,100,1004.805,100
1291,0.36,0.17,0.19,7.970000000000001,09:40:07,1004.57,200,1004.88,100,1004.8489999999999,100
1294,4.24,3.94,0.3,12.910000000000002,09:40:12,1004.57,200,1004.88,100,1004.6,252
1295,0.29000000000000004,0.07,0.22,13.200000000000003,09:40:13,1004.26,100,1004.61,100,1004.61,231
1297,0.3,0.08,0.22,13.850000000000003,09:40:13,1004.27,100,1004.67,100,1004.465,100
1325,0.33,0.08,0.25,23.849999999999998,09:40:23,1004.27,100,1004.67,100,1004.51,100
1330,0.38,0.19,0.19,25.759999999999998,09:40:25,1004.27,100,1004.67,100,1004.54,100
1341,0.44999999999999996,0.21,0.24,29.799999999999997,09:40:29,1004.29,100,1004.67,100,1004.669,100
1346,0.45,0.19,0.26,31.729999999999997,09:40:31,1004.29,100,1004.81,200,1004.55,100
1347,0.38,0.17,0.21,32.11,09:40:32,1004.29,100,1004.81,200,1004.76,200
1352,0.44,0.24,0.2,34.11999999999999,09:40:34,1004.32,100,1004.83,100,1004.81,100
1357,0.29,0.08,0.21,35.88999999999998,09:40:35,1004.4,100,1004.83,100,1004.82,100
1362,0.4,0.2,0.2,37.67999999999998,09:40:37,1004.4,200,1004.96,100,1004.75,750
1373,0.28,0.08,0.2,41.91999999999998,09:40:41,1004.4,200,1004.73,200,1004.595,100
1378,0.36,0.07,0.29,43.80999999999998,09:40:43,1004.3,200,1004.73,200,1004.4,100
1391,0.49,0.22,0.27,49.97999999999999,09:40:49,1004.41,100,1004.73,200,1004.7280000000001,250
1401,0.29000000000000004,0.1,0.19,0.0,09:41:00,1004.1,200,1004.4,200,1004.3,100
1417,0.42000000000000004,0.22,0.2,6.06,09:41:06,1004.1,200,1004.4,100,1004.265,100
1427,0.33,0.13,0.2,10.069999999999999,09:41:10,1004.1,200,1004.4,100,1004.1,100
1438,0.28,0.07,0.21,15.959999999999996,09:41:15,1004.21,200,1004.4,100,1004.15,100
1440,0.31,0.08,0.23,20.239999999999995,09:41:20,1004.24,200,1004.67,100,1004.451,250
1445,0.36,0.07,0.29,22.139999999999993,09:41:22,1004.25,100,1004.66,100,1004.4553,450
1469,0.56,0.23,0.33,30.109999999999996,09:41:30,1004.25,200,1004.49,200,1004.4425,100
1482,0.45999999999999996,0.24,0.22,34.279999999999994,09:41:34,1004.25,200,1004.41,200,1004.25,200
1493,0.38,0.21,0.17,38.29,09:41:38,1004.25,200,1004.73,200,1004.31,100
1503,0.3,0.08,0.22,42.12,09:41:42,1004.62,300,1004.92,200,1004.8888,100
1509,0.35,0.15,0.2,44.19,09:41:44,1004.62,200,1005.0,400,1004.92,100
1528,0.33,0.07,0.26,52.24,09:41:52,1004.69,200,1005.14,100,1004.915,100
1533,0.41000000000000003,0.17,0.24,54.06999999999999,09:41:54,1004.71,300,1005.14,100,1004.9739999999999,100
1547,0.47,0.22,0.25,1.9100000000000001,09:42:01,1004.86,200,1005.3,600,1005.12,100
1555,0.30000000000000004,0.07,0.23,8.86,09:42:08,1004.86,300,1005.43,100,1004.9,200
1591,0.39,0.08,0.31,29.889999999999993,09:42:29,1005.06,300,1005.57,100,1005.3147,250
1595,0.7,0.24,0.46,31.999999999999993,09:42:31,1005.06,400,1005.57,100,1005.215,100
1614,0.42,0.07,0.35,40.19999999999999,09:42:40,1005.09,100,1005.5,1000,1005.295,100
1662,0.4,0.1,0.3,0.0,09:43:00,1004.77,100,1005.32,100,1004.86,100
1676,0.54,0.25,0.29,6.07,09:43:06,1004.8,100,1005.27,200,1005.03,100
1686,0.31,0.07,0.24,10.150000000000004,09:43:10,1004.81,100,1005.24,200,1004.9898,200
1703,1.58,1.25,0.33,21.380000000000003,09:43:21,1004.81,200,1005.24,200,1005.23,100
1715,0.32,0.08,0.24,25.959999999999997,09:43:25,1005.12,200,1005.5,1000,1005.31,100
1721,0.32,0.08,0.24,28.22,09:43:28,1005.15,200,1005.76,300,1005.24,100
1730,0.3,0.08,0.22,31.82,09:43:31,1005.21,200,1005.76,300,1005.465,100
1788,0.29000000000000004,0.07,0.22,54.05000000000001,09:43:54,1005.21,100,1005.81,100,1005.4939999999999,500
1815,0.33,0.07,0.26,1.92,09:44:01,1005.5,100,1005.82,100,1005.6086,122
1829,0.49,0.23,0.26,6.7,09:44:06,1005.26,200,1005.6,2000,1005.452,100
1831,0.59,0.35,0.24,11.469999999999999,09:44:11,1005.28,200,1005.6,2000,1005.425,200
1837,1.29,1.03,0.26,14.689999999999998,09:44:14,1005.28,300,1005.6,2000,1005.44,100
1844,1.8399999999999999,1.48,0.36,18.669999999999998,09:44:18,1005.31,100,1005.6,2000,1005.46,100
1853,0.4,0.14,0.26,22.049999999999994,09:44:22,1005.29,100,1005.6,2000,1005.5613,100
1863,0.37,0.07,0.3,25.979999999999993,09:44:25,1005.29,100,1005.6,2000,1005.445,100
1904,0.4,0.2,0.2,41.92,09:44:41,1005.34,100,1005.93,200,1005.705,100
1951,0.39,0.2,0.19,0.0,09:45:00,1005.67,100,1005.92,100,1005.68,100
1956,0.43000000000000005,0.09,0.34,1.9500000000000002,09:45:01,1005.7,200,1005.97,100,1005.93,100
1970,1.2,0.89,0.31,12.739999999999998,09:45:12,1005.52,100,1005.84,100,1005.9699,1000
1977,1.44,1.19,0.25,18.77,09:45:18,1005.4,400,1005.83,100,1005.53,100
1985,0.5700000000000001,0.28,0.29,21.990000000000002,09:45:21,1005.5,100,1005.83,100,1005.6815,300
2025,0.35000000000000003,0.08,0.27,37.95000000000002,09:45:37,1005.46,100,1005.85,100,1005.5702,200
2076,0.34,0.07,0.27,57.87000000000002,09:45:57,1005.65,100,1005.9,300,1005.75,100
2082,0.29000000000000004,0.07,0.22,0.0,09:46:00,1005.65,100,1005.9,300,1005.9,100
2098,0.31,0.08,0.23,5.919999999999999,09:46:05,1005.66,100,1006.14,100,1006.12,100
2110,0.37,0.1,0.27,12.129999999999999,09:46:12,1005.89,100,1006.26,100,1006.14,100
2112,2.15,1.73,0.42,14.58,09:46:14,1006.18,100,1006.47,100,1006.4,100
2115,0.34,0.08,0.26,15.86,09:46:15,1006.18,200,1006.47,100,1006.3916,100
2118,2.44,2.1,0.34,21.35,09:46:21,1006.0,100,1006.39,200,1006.115,100
2120,0.46,0.14,0.32,22.250000000000004,09:46:22,1006.0,100,1006.39,200,1006.195,100
2124,0.31,0.09,0.22,23.840000000000003,09:46:23,1005.67,100,1006.39,200,1006.2184,300
2145,0.32,0.14,0.18,31.740000000000006,09:46:31,1006.14,100,1006.39,100,1006.255,100
2152,0.38,0.08,0.3,34.03000000000001,09:46:34,1006.15,100,1006.39,200,1006.18,100
2158,0.32999999999999996,0.09,0.24,36.05000000000001,09:46:36,1006.09,100,1006.39,200,1006.3899,100
2164,0.44999999999999996,0.21,0.24,38.23000000000001,09:46:38,1006.09,100,1006.35,200,1006.2197,145
2168,0.45999999999999996,0.21,0.25,39.95000000000002,09:46:39,1006.09,100,1006.35,200,1006.168,500
2174,0.43000000000000005,0.23,0.2,42.05000000000002,09:46:42,1006.09,100,1006.35,200,1006.19,100
2185,0.39,0.18,0.21,45.910000000000025,09:46:45,1006.09,100,1006.35,200,1006.22,100
2191,0.27,0.08,0.19,47.91000000000003,09:46:47,1006.19,500,1006.35,300,1006.2876,200
2197,0.34,0.14,0.2,50.00000000000003,09:46:50,1006.2,400,1006.35,300,1006.35,100
2203,0.33,0.14,0.19,51.81000000000003,09:46:51,1006.2,400,1006.35,300,1006.2001,1000
2209,0.53,0.27,0.26,53.91000000000003,09:46:53,1006.21,200,1006.86,100,1006.59,100
2210,0.26,0.08,0.18,54.17000000000003,09:46:54,1006.09,100,1006.58,100,1006.16,100
2215,0.39,0.21,0.18,55.84000000000003,09:46:55,1006.01,200,1006.58,100,1006.5799,500
2221,0.44,0.22,0.22,58.140000000000036,09:46:58,1006.09,100,1006.58,100,1006.3353,100
2227,0.25,0.07,0.18,0.0,09:47:00,1006.08,100,1006.58,100,1006.13,100
2245,0.37,0.08,0.29,6.360000000000001,09:47:06,1005.77,100,1006.25,100,1006.05,200
2263,1.56,1.22,0.34,18.969999999999995,09:47:18,1005.77,100,1006.25,100,1006.2092,100
2279,0.5,0.21,0.29,24.439999999999994,09:47:24,1005.77,100,1006.13,100,1005.86,100
2290,0.28,0.09,0.19,28.269999999999996,09:47:28,1005.64,100,1006.25,200,1005.9308,150
2309,0.32999999999999996,0.09,0.24,36.40999999999999,09:47:36,1005.64,100,1006.01,200,1005.85,100
2328,0.3,0.09,0.21,42.06999999999999,09:47:42,1005.84,100,1006.34,200,1006.11,100
2347,0.42,0.21,0.21,50.059999999999995,09:47:50,1005.84,500,1006.27,100,1005.9760000000001,400
2373,0.39,0.2,0.19,0.0,09:48:00,1005.84,100,1006.21,100,1006.06,100
2394,0.28,0.07,0.21,7.680000000000001,09:48:07,1005.84,100,1006.14,100,1005.8419,100
2414,3.29,3.03,0.26,20.97,09:48:20,1006.01,100,1006.41,200,1006.2238,200
2424,0.3,0.12,0.18,24.029999999999998,09:48:24,1005.94,300,1006.41,200,1006.1961,200
2453,0.43000000000000005,0.23,0.2,34.01,09:48:34,1006.2,300,1006.41,100,1006.2919,200
2464,0.47,0.22,0.25,38.12999999999999,09:48:38,1006.0,100,1006.23,100,1006.2,100
2469,0.37,0.09,0.28,40.04999999999999,09:48:40,1006.01,100,1006.23,100,1006.2299,100
2577,0.4,0.07,0.33,26.000000000000004,09:49:26,1005.56,100,1006.13,200,1005.72,100
2621,0.38,0.17,0.21,43.74000000000002,09:49:43,1005.56,100,1006.01,200,1005.6501,333
2627,0.30000000000000004,0.07,0.23,45.690000000000026,09:49:45,1005.56,100,1005.98,100,1005.7784,150
2684,0.37,0.17,0.2,22.240000000000002,09:50:22,1005.51,200,1005.93,200,1005.91,100
2720,0.59,0.24,0.35,36.040000000000006,09:50:36,1005.34,100,1005.61,100,1005.35,100
2725,0.27,0.07,0.2,38.13000000000002,09:50:38,1005.26,100,1005.61,200,1005.3766,150
2737,0.42,0.24,0.18,42.220000000000006,09:50:42,1005.26,100,1005.61,200,1005.421,300
2742,0.39,0.21,0.18,43.98000000000001,09:50:43,1005.26,100,1005.61,200,1005.2601,500
2779,0.44999999999999996,0.21,0.24,0.0,09:51:00,1004.8,100,1005.0,300,1004.8,100
2801,3.3499999999999996,3.01,0.34,12.770000000000001,09:51:12,1004.56,100,1004.84,200,1004.575,100
2804,0.38,0.16,0.22,13.930000000000001,09:51:13,1004.56,100,1004.84,200,1004.716,100
2812,0.38,0.15,0.23,17.89,09:51:17,1004.57,100,1004.84,200,1004.705,100
2817,0.38,0.08,0.3,20.04,09:51:20,1004.57,100,1005.0,200,1004.84,200
2836,0.44,0.2,0.24,27.890000000000004,09:51:27,1004.84,100,1005.12,100,1004.9957,200
2848,0.33999999999999997,0.09,0.25,32.09,09:51:32,1005.01,100,1005.39,100,1005.39,100
2853,0.48,0.22,0.26,34.01,09:51:34,1004.99,100,1005.39,100,1005.095,100
2858,0.29,0.08,0.21,35.86999999999999,09:51:35,1004.84,200,1005.39,100,1005.1147,100
2880,0.34,0.07,0.27,43.90999999999998,09:51:43,1005.02,200,1005.39,100,1005.195,100
2891,0.29,0.08,0.21,47.72999999999998,09:51:47,1004.84,100,1005.26,100,1005.02,147
2907,0.25,0.07,0.18,53.77999999999997,09:51:53,1004.84,200,1005.25,100,1004.8401,100
2928,0.42000000000000004,0.19,0.23,4.2700000000000005,09:52:04,1004.86,200,1005.25,200,1005.055,200
2941,3.5,3.25,0.25,14.770000000000001,09:52:14,1005.11,100,1005.73,100,1005.163,100
3036,0.37,0.17,0.2,48.03000000000001,09:52:48,1004.86,100,1005.43,300,1005.145,100
3047,0.41000000000000003,0.18,0.23,52.18000000000001,09:52:52,1004.86,100,1005.42,200,1005.314,100
3111,0.29000000000000004,0.09,0.2,3.1999999999999997,09:53:03,1004.84,100,1005.15,500,1004.85,291
3121,0.37,0.19,0.18,7.040000000000001,09:53:07,1004.84,100,1005.12,200,1004.9974,100
3165,0.26,0.08,0.18,21.07,09:53:21,1004.84,100,1005.06,400,1005.0599,500
3172,0.31,0.13,0.18,23.250000000000004,09:53:23,1004.85,100,1005.06,400,1005.0251,200
3183,0.28,0.1,0.18,27.040000000000006,09:53:27,1004.85,100,1005.06,600,1004.997,1000
3201,0.36,0.2,0.16,33.23000000000001,09:53:33,1004.84,200,1005.06,400,1004.98,100
3207,0.38,0.22,0.16,35.070000000000014,09:53:35,1004.84,200,1005.06,300,1004.95,100
3234,0.34,0.08,0.26,0.0,09:54:00,1004.84,200,1004.98,200,1004.9065,300
3287,0.24000000000000002,0.07,0.17,29.58,09:54:29,1004.78,100,1005.0,100,1004.7888,100
3295,0.27,0.08,0.19,31.87,09:54:31,1004.78,100,1005.15,100,1005.08,100
3336,0.38,0.21,0.17,45.72000000000002,09:54:45,1004.53,100,1004.98,200,1004.77,100
3354,0.44999999999999996,0.21,0.24,51.75000000000003,09:54:51,1004.5,1000,1004.97,100,1004.73,200
3378,0.35,0.12,0.23,0.0,09:55:00,1004.54,100,1004.97,100,1004.7068,500
3387,1.64,1.43,0.21,4.53,09:55:04,1004.6,100,1004.97,200,1004.8079,129
3390,2.81,2.46,0.35,9.16,09:55:09,1004.5,1000,1004.97,200,1004.74,100
3424,0.38,0.12,0.26,24.01999999999999,09:55:24,1004.5,1000,1004.95,100,1004.735,100
3429,0.43,0.18,0.25,25.969999999999988,09:55:25,1004.5,1000,1004.94,100,1004.69,100
3459,0.33,0.08,0.25,38.15,09:55:38,1004.5,1000,1004.85,100,1004.5,100
3464,0.28,0.07,0.21,40.01,09:55:40,1004.25,100,1004.85,200,1004.33,100
3474,0.31,0.08,0.23,43.88000000000001,09:55:43,1004.18,100,1004.48,100,1004.3001,100
3479,0.27,0.07,0.2,45.87000000000002,09:55:45,1004.18,100,1004.48,100,1004.32,100
3509,0.5,0.26,0.24,0.0,09:56:00,1004.2,100,1004.5,700,1004.3668,100
3513,0.42000000000000004,0.23,0.19,1.9,09:56:01,1004.2,100,1004.5,700,1004.36,100
3533,0.45,0.23,0.22,13.96,09:56:13,1004.2,100,1004.54,100,1004.3904,100
3543,0.91,0.66,0.25,20.380000000000003,09:56:20,1004.21,100,1004.64,100,1004.39,100
3563,0.33,0.07,0.26,28.089999999999996,09:56:28,1004.2,100,1004.64,200,1004.2125,100
3576,0.37,0.07,0.3,33.91,09:56:33,1004.0,800,1004.53,100,1004.2425,100
3581,0.48000000000000004,0.2,0.28,36.22999999999999,09:56:36,1003.57,200,1004.16,200,1004.01,300
3616,0.4,0.22,0.18,47.97,09:56:47,1003.32,100,1003.58,200,1003.24,100
3622,0.37,0.12,0.25,49.919999999999995,09:56:49,1003.32,100,1003.68,200,1003.32,100
3634,0.4,0.21,0.19,54.139999999999986,09:56:54,1003.34,100,1003.68,200,1003.428,100
3646,0.33999999999999997,0.13,0.21,57.86000000000001,09:56:57,1003.32,100,1003.53,100,1003.4960000000001,250
3652,0.27,0.07,0.2,0.0,09:57:00,1003.34,100,1003.78,100,1003.505,100
3655,0.44,0.19,0.25,1.17,09:57:01,1003.33,100,1003.78,100,1003.53,100
3663,0.28,0.07,0.21,4.12,09:57:04,1003.33,100,1003.78,100,1003.565,100
3667,3.57,3.32,0.25,8.85,09:57:08,1003.33,100,1003.78,300,1003.555,100
3673,3.0,2.75,0.25,14.75,09:57:14,1003.44,100,1003.78,300,1003.5671,200
3674,0.26,0.07,0.19,15.01,09:57:15,1003.33,100,1003.78,300,1003.64,100
3683,0.33999999999999997,0.09,0.25,22.07,09:57:22,1003.24,200,1003.47,100,1003.355,100
3688,0.37,0.12,0.25,23.880000000000003,09:57:23,1003.24,200,1003.47,100,1003.435,100
3693,0.29000000000000004,0.07,0.22,25.860000000000003,09:57:25,1003.22,100,1003.47,100,1003.335,100
3700,0.33,0.14,0.19,27.92,09:57:27,1003.22,100,1003.47,100,1003.23,100
3713,0.36,0.17,0.19,31.91,09:57:31,1003.22,100,1003.47,200,1003.3747,270
3724,0.56,0.27,0.29,36.07000000000001,09:57:36,1003.23,100,1003.47,200,1003.34,1000
3729,0.25,0.07,0.18,38.08000000000001,09:57:38,1003.07,500,1003.3,100,1003.075,100
3735,0.42000000000000004,0.23,0.19,40.230000000000004,09:57:40,1003.07,500,1003.29,200,1003.07,100
3740,0.38,0.17,0.21,41.970000000000006,09:57:41,1003.07,400,1003.29,300,1003.22,200
3747,0.29000000000000004,0.07,0.22,44.13,09:57:44,1003.07,400,1003.29,300,1003.08,100
3753,0.28,0.1,0.18,45.95,09:57:45,1003.07,100,1003.29,600,1003.18,100
3772,0.26,0.07,0.19,51.830000000000005,09:57:51,1003.01,100,1003.23,200,1003.02,100
3778,0.26,0.07,0.19,54.03,09:57:54,1002.88,100,1003.17,100,1003.0,149
3784,0.37,0.19,0.18,56.059999999999995,09:57:56,1002.88,100,1003.16,100,1002.93,197
3801,0.41000000000000003,0.22,0.19,0.0,09:58:00,1002.7,100,1003.17,500,1002.88,100
3807,0.37,0.18,0.19,2.0500000000000003,09:58:02,1002.7,100,1003.17,500,1002.77,100
3816,2.62,2.27,0.35,13.809999999999999,09:58:13,1002.7,100,1003.0,500,1002.83,100
3817,0.25,0.09,0.16,14.059999999999999,09:58:14,1002.7,100,1002.99,100,1002.775,100
3821,0.39,0.23,0.16,20.169999999999998,09:58:20,1002.7,100,1002.99,400,1002.855,100
3828,0.25,0.08,0.17,22.219999999999995,09:58:22,1002.7,100,1002.99,400,1002.845,200
3833,0.24000000000000002,0.07,0.17,24.059999999999995,09:58:24,1002.7,100,1002.99,400,1002.975,100
3839,0.37,0.2,0.17,25.99,09:58:25,1002.7,100,1002.96,200,1002.7,100
3845,0.37,0.2,0.17,28.110000000000003,09:58:28,1002.7,100,1002.96,400,1002.7011,100
3858,0.35,0.16,0.19,32.07000000000001,09:58:32,1002.7,100,1002.96,400,1002.805,300
3885,0.30000000000000004,0.07,0.23,42.019999999999996,09:58:42,1002.7,100,1002.95,400,1002.7875,100
3891,0.42,0.21,0.21,44.13999999999999,09:58:44,1002.7,100,1002.95,500,1002.78,100
3897,0.28,0.08,0.2,45.89999999999999,09:58:45,1002.7,100,1002.95,500,1002.8389999999999,100
3903,0.45000000000000007,0.17,0.28,48.2,09:58:48,1002.7,100,1002.95,500,1002.95,150
3908,0.3,0.09,0.21,50.12,09:58:50,1002.8,100,1002.95,400,1002.944,200
3913,0.46,0.18,0.28,52.10000000000001,09:58:52,1002.95,100,1003.25,100,1003.245,100
3929,0.42000000000000004,0.23,0.19,0.0,09:59:00,1002.96,100,1003.25,100,1003.105,221
3950,0.25,0.08,0.17,10.239999999999998,09:59:10,1002.7,100,1003.13,100,1002.915,250
3963,0.25,0.08,0.17,16.18,09:59:16,1002.7,100,1003.13,100,1003.0010000000001,100
3972,0.25,0.07,0.18,19.96,09:59:19,1002.58,100,1003.12,100,1002.85,300
3975,0.24000000000000002,0.07,0.17,21.009999999999998,09:59:21,1002.57,100,1003.12,100,1003.11,100
3996,0.24000000000000002,0.07,0.17,27.979999999999997,09:59:27,1002.89,100,1003.13,200,1002.9680000000001,100
3999,0.4,0.23,0.17,29.019999999999996,09:59:29,1002.89,100,1003.13,200,1002.91,100
4003,0.54,0.24,0.3,30.399999999999995,09:59:30,1003.13,100,1003.47,100,1003.15,100
4008,0.26,0.08,0.18,32.169999999999995,09:59:32,1003.13,100,1003.47,200,1003.45,100
4014,0.34,0.17,0.17,34.12,09:59:34,1003.06,200,1003.44,100,1003.16,100
4021,0.25,0.08,0.17,36.1,09:59:36,1002.76,1100,1003.14,100,1003.06,200
4039,0.32,0.09,0.23,42.24000000000001,09:59:42,1002.76,1100,1003.14,100,1003.13,100
4054,0.44,0.18,0.26,48.110000000000014,09:59:48,1003.16,100,1003.76,100,1003.165,100
4071,0.41000000000000003,0.18,0.23,54.37,09:59:54,1003.2,100,1003.68,100,1003.61,100
4077,0.25,0.07,0.18,56.160000000000004,09:59:56,1003.2,100,1003.68,200,1003.675,100
4094,0.32,0.07,0.25,1.84,10:00:01,1003.51,100,1004.58,100,1004.5799,343
4099,0.39,0.07,0.32,3.85,10:00:03,1003.58,100,1003.98,100,1003.65,100
4100,0.41000000000000003,0.08,0.33,4.26,10:00:04,1003.58,100,1004.0,100,1003.69,100
4104,3.3400000000000003,2.95,0.39,8.82,10:00:08,1003.39,100,1003.98,100,1003.55,103
4107,0.32,0.07,0.25,9.95,10:00:09,1003.39,100,1003.98,100,1003.4598,100
4112,0.43,0.18,0.25,12.089999999999998,10:00:12,1003.39,200,1003.98,100,1003.4,100
4125,0.73,0.27,0.46,22.520000000000007,10:00:22,1003.86,800,1004.19,100,1004.0,100
4129,0.41000000000000003,0.1,0.31,24.040000000000006,10:00:24,1003.86,800,1004.5,100,1003.835,100
4141,0.54,0.18,0.36,29.960000000000004,10:00:29,1003.86,700,1004.5,100,1004.49,100
4142,0.65,0.17,0.48,30.610000000000003,10:00:30,1003.86,700,1004.49,100,1004.19,100
4145,0.45000000000000007,0.17,0.28,32.010000000000005,10:00:32,1003.86,700,1004.5,100,1004.18,300
4150,0.52,0.23,0.29,33.940000000000005,10:00:33,1003.86,800,1004.5,200,1004.1498,100
4169,0.32,0.07,0.25,42.12999999999999,10:00:42,1003.95,500,1004.5,100,1004.225,100
4183,0.42,0.07,0.35,48.11999999999998,10:00:48,1003.97,100,1004.49,100,1004.4899,200
4199,0.48000000000000004,0.08,0.4,58.11999999999997,10:00:58,1004.2,100,1004.77,300,1004.45,100
4232,0.42,0.21,0.21,4.23,10:01:04,1004.01,100,1004.47,300,1004.2614,200
4250,0.29000000000000004,0.07,0.22,12.009999999999998,10:01:12,1003.95,200,1004.27,100,1003.98,100
4256,0.29000000000000004,0.09,0.2,14.02,10:01:14,1003.86,100,1004.27,100,1003.95,200
4269,0.32,0.13,0.19,18.18,10:01:18,1003.86,100,1004.27,200,1003.86,100
4306,0.29000000000000004,0.1,0.19,30.06,10:01:30,1003.94,100,1004.47,100,1004.14,100
4317,0.26,0.08,0.18,34.01000000000001,10:01:34,1003.88,100,1004.45,100,1004.0847,500
4324,0.28,0.08,0.2,36.08000000000001,10:01:36,1003.88,100,1004.45,100,1004.4499,1100
4337,0.36,0.19,0.17,40.17000000000002,10:01:40,1003.88,100,1004.45,100,1004.165,100
4347,0.37,0.19,0.18,44.07000000000002,10:01:44,1003.88,100,1004.45,200,1004.1702,200
4367,0.32,0.08,0.24,0.32,10:02:00,1003.88,200,1004.44,100,1004.275,100
4371,1.8699999999999999,1.65,0.22,3.4699999999999998,10:02:03,1003.91,200,1004.43,100,1004.435,100
4373,5.0600000000000005,4.79,0.27,8.8,10:02:08,1003.98,200,1004.44,100,1004.425,100
4376,0.26,0.07,0.19,10.0,10:02:10,1003.98,200,1004.44,100,1003.985,100
4381,0.76,0.5,0.26,16.99,10:02:16,1004.0,100,1004.42,100,1004.41,100
4399,0.25,0.07,0.18,22.289999999999992,10:02:22,1004.21,200,1004.76,100,1004.66,100
4404,0.33,0.07,0.26,24.04999999999999,10:02:24,1004.29,100,1004.75,200,1004.3789,100
4410,0.38,0.09,0.29,26.299999999999986,10:02:26,1004.29,100,1004.76,100,1004.57,100
4484,0.4,0.18,0.22,52.38000000000002,10:02:52,1004.37,100,1004.75,400,1004.5759,100
4499,0.30000000000000004,0.1,0.2,0.0,10:03:00,1004.46,100,1005.0,100,1004.9976,100
4505,0.26,0.07,0.19,1.8600000000000003,10:03:01,1004.46,100,1005.0,100,1004.985,300
4511,0.28,0.08,0.2,3.9700000000000006,10:03:03,1004.49,100,1005.27,100,1005.05,100
4551,0.27,0.07,0.2,23.99,10:03:23,1004.84,100,1005.08,100,1004.89,100
4557,0.39,0.21,0.18,26.02,10:03:26,1004.84,100,1005.08,100,1005.056,700
4576,0.35,0.18,0.17,32.050000000000004,10:03:32,1004.84,100,1005.07,100,1004.91,200
4658,0.34,0.08,0.26,0.0,10:04:00,1004.84,100,1005.02,100,1004.94,100
4683,2.75,2.41,0.34,19.63,10:04:19,1004.45,100,1004.75,100,1004.475,100
4691,0.26,0.07,0.19,22.14,10:04:22,1004.62,100,1005.3,100,1005.06,100
4715,0.29000000000000004,0.1,0.19,31.340000000000007,10:04:31,1004.76,100,1005.3,300,1004.814,200
4717,0.56,0.26,0.3,32.330000000000005,10:04:32,1004.62,300,1005.28,100,1004.99,100
4727,0.47000000000000003,0.27,0.2,36.16,10:04:36,1004.99,100,1005.28,100,1004.9382,150
4823,0.3,0.09,0.21,21.690000000000005,10:05:21,1005.23,100,1005.61,100,1005.605,100
4844,0.44,0.22,0.22,29.929999999999996,10:05:29,1005.23,100,1005.51,100,1005.4,100
4857,0.4,0.22,0.18,34.0,10:05:34,1005.23,100,1005.5,100,1005.3161,500
4882,0.33,0.07,0.26,42.00999999999999,10:05:42,1005.51,100,1006.0,700,1005.8433,100
4896,0.30000000000000004,0.07,0.23,47.879999999999974,10:05:47,1005.51,200,1006.0,800,1005.7844,200
4935,0.26,0.07,0.19,2.21,10:06:02,1005.87,100,1006.29,100,1005.8710000000001,100
4938,3.37,3.21,0.16,6.220000000000001,10:06:06,1005.88,100,1006.3,100,1006.085,100
4947,0.8699999999999999,0.69,0.18,10.690000000000001,10:06:10,1005.88,200,1006.3,100,1006.2999,194
4949,0.38,0.21,0.17,11.870000000000003,10:06:11,1005.88,200,1006.34,100,1006.03,100
4952,2.39,2.14,0.25,18.880000000000003,10:06:18,1005.88,200,1006.34,100,1006.21,100
4977,0.47,0.23,0.24,28.389999999999993,10:06:28,1005.5,100,1006.09,100,1005.79,200
5037,0.3,0.09,0.21,49.90000000000002,10:06:49,1005.65,100,1005.98,100,1005.784,500
5056,0.38,0.22,0.16,55.98000000000003,10:06:55,1005.64,100,1005.99,100,1005.7894,100
5070,0.37,0.18,0.19,0.0,10:07:00,1005.51,100,1005.91,100,1005.735,100
5085,0.23,0.07,0.16,6.790000000000001,10:07:06,1005.46,100,1005.72,100,1005.59,100
5091,2.15,1.85,0.3,13.570000000000002,10:07:13,1005.21,100,1005.52,100,1005.21,400
5141,0.39,0.17,0.22,33.60000000000001,10:07:33,1005.09,100,1005.51,100,1005.2505,100
5168,0.37,0.18,0.19,43.660000000000004,10:07:43,1005.09,100,1005.52,100,1005.3738,300
5181,0.27,0.08,0.19,47.73000000000002,10:07:47,1005.09,100,1005.52,100,1005.3480000000001,100
5194,0.26,0.07,0.19,51.60000000000002,10:07:51,1005.09,200,1005.52,200,1005.305,100
5207,0.31,0.12,0.19,55.54000000000003,10:07:55,1005.09,300,1005.66,100,1005.52,100
5250,0.43000000000000005,0.23,0.2,0.0,10:08:00,1005.35,100,1005.78,100,1005.6469999999999,200
5343,0.45999999999999996,0.24,0.22,34.059999999999995,10:08:34,1005.82,100,1006.05,100,1005.8201,707
5376,0.37,0.17,0.2,1.6600000000000001,10:09:01,1005.59,200,1005.98,100,1005.8299,100
5381,3.4,3.07,0.33,10.88,10:09:10,1005.6,100,1005.97,100,1005.7832,200
5388,2.6500000000000004,2.43,0.22,18.550000000000004,10:09:18,1005.65,100,1005.98,100,1005.8513,200
5414,0.26,0.08,0.18,27.790000000000006,10:09:27,1005.34,100,1005.98,300,1005.8188,150
5420,0.27,0.07,0.2,29.730000000000008,10:09:29,1005.34,100,1005.98,300,1005.6216,600
5477,0.24000000000000002,0.07,0.17,4.23,10:12:04,1005.21,100,1005.5,100,1005.1891,300
5557,0.35000000000000003,0.07,0.28,2.0500000000000003,10:13:02,1005.61,100,1005.94,700,1005.684,100
5873,1.99,1.65,0.34,21.729999999999997,10:15:21,1005.45,100,1005.86,200,1005.6743,200
6013,0.42000000000000004,0.22,0.2,0.0,10:16:00,1005.34,100,1005.76,200,1005.7589999999999,100
6145,0.49,0.23,0.26,0.0,10:17:00,1005.7,100,1006.0,300,1005.8295,150
6157,0.44,0.21,0.23,4.26,10:17:04,1005.6,200,1006.0,300,1005.88,100
6218,0.31,0.08,0.23,37.940000000000026,10:17:37,1005.89,100,1006.29,100,1006.2899,500
6230,0.31,0.07,0.24,41.91000000000004,10:17:41,1005.85,100,1006.4,100,1006.1283,300
6280,0.44999999999999996,0.21,0.24,1.24,10:18:01,1006.41,100,1006.6,100,1006.5,100
6285,0.4,0.19,0.21,3.17,10:18:03,1006.08,200,1006.59,800,1006.345,100
6294,1.22,0.82,0.4,13.8,10:18:13,1006.27,200,1006.66,100,1006.6,1895
6318,52.14,51.78,0.36,0.0,10:19:00,1006.49,100,1006.78,200,1006.77,100
6323,0.42,0.21,0.21,2.3400000000000003,10:19:02,1006.48,200,1006.92,100,1006.78,100
6345,0.39,0.17,0.22,10.23,10:19:10,1006.48,200,1006.88,100,1006.49,900
6352,0.29000000000000004,0.07,0.22,12.509999999999998,10:19:12,1006.49,100,1006.87,200,1006.66,100
6357,0.45,0.22,0.23,14.319999999999999,10:19:14,1006.27,700,1006.65,100,1006.32,100
6368,0.31,0.07,0.24,18.55999999999999,10:19:18,1006.27,700,1006.68,400,1006.64,100
6384,0.39,0.17,0.22,24.249999999999996,10:19:24,1006.27,700,1006.67,100,1006.65,100
6400,0.33,0.07,0.26,30.29,10:19:30,1006.31,100,1006.78,300,1006.68,100
6427,0.32,0.09,0.23,0.32,10:20:00,1006.28,100,1006.78,400,1006.69,100
6451,1.02,0.77,0.25,15.030000000000001,10:20:15,1006.5,200,1006.87,100,1006.76,100
6454,0.43000000000000005,0.17,0.26,16.150000000000002,10:20:16,1006.5,200,1006.87,100,1006.648,100
6459,0.4,0.21,0.19,18.08,10:20:18,1006.47,100,1006.87,100,1006.86,100
6464,0.55,0.19,0.36,20.299999999999997,10:20:20,1006.47,200,1006.99,200,1006.95,100
6472,0.35000000000000003,0.08,0.27,24.01,10:20:24,1006.48,100,1006.98,200,1006.7579,100
6489,0.30000000000000004,0.07,0.23,30.280000000000005,10:20:30,1006.47,200,1006.89,100,1006.98,100
6499,0.43,0.19,0.24,34.24000000000001,10:20:34,1006.47,200,1007.08,100,1006.7445,150
6505,0.35,0.14,0.21,36.360000000000014,10:20:36,1006.77,200,1007.11,100,1007.08,100
6521,0.43,0.22,0.21,42.350000000000016,10:20:42,1006.54,200,1007.09,1300,1006.815,100
6526,0.31,0.09,0.22,44.17000000000002,10:20:44,1006.54,200,1007.09,1300,1006.7975,100
6536,34.309999999999995,34.08,0.23,0.0,10:21:00,1006.66,100,1007.04,100,1006.845,200
6537,0.3,0.08,0.22,0.3,10:21:00,1006.66,100,1007.04,100,1006.99,153
6551,0.47000000000000003,0.08,0.39,5.989999999999998,10:21:05,1006.66,300,1007.04,100,1006.8918,100
6559,0.6000000000000001,0.07,0.53,10.14,10:21:10,1006.93,100,1007.04,100,1007.04,100
6563,0.71,0.23,0.48,12.68,10:21:12,1006.83,100,1007.15,100,1007.0,100
6569,0.64,0.28,0.36,16.099999999999998,10:21:16,1006.82,300,1007.15,100,1007.14,100
6573,0.47,0.1,0.37,18.409999999999993,10:21:18,1006.93,100,1007.16,100,1007.16,100
6577,0.56,0.28,0.28,20.389999999999993,10:21:20,1006.93,200,1007.25,100,1007.2,280
6585,0.31,0.07,0.24,23.889999999999997,10:21:23,1007.28,200,1007.38,100,1007.28,200
6593,0.58,0.17,0.41,28.019999999999996,10:21:28,1007.1,300,1007.27,100,1007.252,100
6597,0.64,0.09,0.55,30.489999999999995,10:21:30,1007.1,300,1007.29,100,1007.21,391
6600,0.5499999999999999,0.08,0.47,32.60999999999999,10:21:32,1007.1,400,1007.29,100,1007.26,100
6609,0.51,0.07,0.44,0.0,10:22:00,1007.1,400,1007.36,100,1007.31,100
6615,0.7,0.22,0.48,3.87,10:22:03,1007.14,100,1007.42,100,1007.1401,202
6618,0.62,0.23,0.39,5.75,10:22:05,1007.14,200,1007.37,100,1007.295,100
6626,0.79,0.29,0.5,11.98,10:22:11,1006.86,300,1007.33,100,1006.93,292
6635,0.5,0.18,0.32,17.52,10:22:17,1006.86,300,1007.5,900,1007.27,100
6638,0.34,0.07,0.27,21.44,10:22:21,1006.88,100,1007.34,100,1007.1293,100
6643,0.5700000000000001,0.24,0.33,23.680000000000003,10:22:23,1006.88,200,1007.5,900,1007.32,100
6661,0.75,0.27,0.48,32.260000000000005,10:22:32,1006.88,300,1007.43,100,1007.18,200
6667,0.67,0.28,0.39,35.69000000000001,10:22:35,1006.88,400,1007.43,100,1007.425,100
6684,0.38,0.08,0.3,45.32000000000002,10:22:45,1006.91,200,1007.43,100,1007.1788,200
6695,0.32,0.07,0.25,49.53000000000001,10:22:49,1006.91,200,1007.43,100,1006.9479,100
6709,0.46,0.2,0.26,55.72000000000001,10:22:55,1006.91,200,1007.43,100,1007.17,200
6722,0.5700000000000001,0.18,0.39,0.0,10:23:00,1007.0,500,1007.43,100,1007.0321,1000
6728,0.77,0.23,0.54,5.5600000000000005,10:23:05,1007.0,500,1007.43,100,1007.1831,300
6734,2.37,1.92,0.45,12.46,10:23:12,1007.0,500,1007.25,100,1007.1433,100
6737,4.74,4.41,0.33,18.33,10:23:18,1007.0,500,1007.25,100,1007.085,500
6742,0.53,0.24,0.29,20.6,10:23:20,1007.12,100,1007.3,100,1007.25,100
6751,0.44999999999999996,0.24,0.21,24.540000000000003,10:23:24,1007.13,200,1007.33,100,1007.23,100
6798,0.42000000000000004,0.19,0.23,42.839999999999996,10:23:42,1007.44,100,1007.69,300,1007.4401,143
6803,0.38,0.17,0.21,44.879999999999995,10:23:44,1007.2,300,1007.5,100,1007.58,300
6814,0.33999999999999997,0.12,0.22,48.57000000000001,10:23:48,1007.31,100,1007.5,100,1007.47,200
6838,0.33,0.1,0.23,56.42000000000002,10:23:56,1007.27,200,1007.5,100,1007.46,100
6844,0.28,0.07,0.21,0.0,10:24:00,1007.27,200,1007.5,100,1007.3811,200
6849,0.46,0.23,0.23,2.15,10:24:02,1007.27,200,1007.49,100,1007.3916,150
6856,4.62,4.28,0.34,8.959999999999999,10:24:08,1007.27,200,1007.48,100,1007.385,1000
6870,0.31,0.08,0.23,15.91,10:24:15,1007.14,300,1007.4,100,1007.42,100
6871,3.49,3.25,0.24,19.4,10:24:19,1007.14,300,1007.4,100,1007.2267,100
6872,0.39,0.07,0.32,19.79,10:24:19,1007.14,300,1007.5,200,1007.2663,200
6900,0.49,0.18,0.31,34.059999999999995,10:24:34,1007.2,100,1007.47,100,1007.3498,200
6944,0.45,0.14,0.31,52.31000000000001,10:24:52,1007.14,400,1007.43,100,1007.235,200
6952,0.38,0.08,0.3,56.070000000000014,10:24:56,1007.0,600,1007.23,100,1007.1,100
6957,0.61,0.25,0.36,58.350000000000016,10:24:58,1007.03,600,1007.43,200,1007.03,105
6961,0.45000000000000007,0.17,0.28,0.0,10:25:00,1007.04,200,1007.43,200,1007.0401,214
6968,0.37,0.07,0.3,3.7100000000000004,10:25:03,1007.05,100,1007.27,100,1007.135,100
6973,0.5,0.27,0.23,11.04,10:25:11,1007.06,100,1007.28,100,1007.155,100
6978,0.39,0.12,0.27,13.829999999999998,10:25:13,1007.07,100,1007.28,100,1007.0930000000001,783
7001,0.4,0.08,0.32,26.08,10:25:26,1007.1,100,1007.43,400,1007.3014,100
7062,0.69,0.27,0.42,54.00999999999996,10:25:54,1007.07,200,1007.4,100,1007.4,100
7071,0.41000000000000003,0.2,0.21,58.02999999999995,10:25:58,1007.07,200,1007.4,100,1007.1195,563
7108,0.39,0.11,0.28,14.280000000000001,10:26:14,1007.09,200,1007.25,100,1007.3108,100
7137,0.33,0.08,0.25,25.930000000000003,10:26:25,1007.1,100,1007.25,100,1007.0901,100
7146,0.44,0.07,0.37,30.040000000000003,10:26:30,1007.1,100,1007.25,100,1007.175,100
7151,0.61,0.19,0.42,32.64,10:26:32,1007.1,200,1007.25,100,1007.1725,100
7185,37.42,37.15,0.27,0.0,10:27:00,1006.95,100,1007.22,100,1007.0676,150
7193,0.4,0.22,0.18,3.0,10:27:03,1006.93,400,1007.22,100,1007.0535,200
7217,0.4,0.16,0.24,11.020000000000003,10:27:11,1006.93,400,1007.21,100,1007.0308,1000
7222,0.4,0.2,0.2,12.930000000000003,10:27:12,1006.93,400,1007.21,200,1007.09,100
7278,0.42,0.21,0.21,9.76,10:28:09,1006.93,400,1007.21,100,1007.11,100
7318,0.31,0.12,0.19,27.779999999999998,10:28:27,1006.93,400,1007.1,100,1007.055,100
7336,0.34,0.07,0.27,33.97000000000001,10:28:33,1006.93,400,1007.1,100,1007.015,100
7342,0.30000000000000004,0.07,0.23,35.84,10:28:35,1006.93,500,1007.1,100,1007.02,100
7364,0.28,0.09,0.19,43.95,10:28:43,1006.93,500,1007.05,100,1007.0417,100
7422,0.42000000000000004,0.2,0.22,0.0,10:29:00,1006.62,200,1006.99,100,1006.755,200
7441,0.25,0.07,0.18,11.77,10:29:11,1006.64,100,1006.97,200,1006.5977,125
7454,0.28,0.07,0.21,15.819999999999999,10:29:15,1006.85,100,1007.05,100,1006.945,100
7459,0.25,0.08,0.17,18.159999999999997,10:29:18,1006.94,100,1007.05,100,1006.97,100
7465,0.37,0.19,0.18,19.869999999999997,10:29:19,1006.84,200,1007.05,200,1007.049,200
7483,0.27,0.08,0.19,25.970000000000002,10:29:25,1006.71,100,1007.03,200,1006.91,200
7495,0.41000000000000003,0.18,0.23,30.100000000000005,10:29:30,1006.71,100,1007.03,200,1006.96,100
7554,0.26,0.08,0.18,49.75000000000003,10:29:49,1006.57,100,1006.92,100,1006.61,100
7566,0.52,0.19,0.33,54.02000000000003,10:29:54,1006.57,200,1006.97,100,1006.85,100
7571,0.55,0.24,0.31,0.0,10:30:00,1006.76,100,1006.97,100,1006.92,100
7589,4.29,4.05,0.24,11.18,10:30:11,1006.57,100,1006.93,200,1006.75,100
7605,0.3,0.08,0.22,21.24,10:30:21,1006.57,100,1006.75,100,1006.7428,100
7665,0.45,0.18,0.27,43.519999999999996,10:30:43,1006.37,300,1006.72,100,1006.54,200
7730,0.8200000000000001,0.48,0.34,16.7,10:31:16,1005.88,100,1006.17,200,1006.025,200
7739,0.39,0.18,0.21,20.48,10:31:20,1005.88,200,1006.16,100,1005.9521,175
7767,0.43000000000000005,0.2,0.23,30.780000000000005,10:31:30,1005.86,100,1006.2,100,1006.2699,100
7782,0.4,0.18,0.22,36.419999999999995,10:31:36,1005.85,100,1006.27,200,1005.855,100
7804,0.4,0.23,0.17,0.0,10:33:00,1006.1,200,1006.49,300,1006.1572,250
7814,0.25,0.08,0.17,6.000000000000002,10:33:06,1006.1,200,1006.43,100,1006.3254,100
7816,0.38,0.21,0.17,6.750000000000002,10:33:06,1006.1,200,1006.43,100,1006.265,100
7851,0.41000000000000003,0.23,0.18,18.940000000000012,10:33:18,1006.34,100,1006.48,100,1006.48,201
7856,0.27,0.07,0.2,20.61000000000001,10:33:20,1006.1,200,1006.5,200,1006.1992,449
7868,0.25,0.08,0.17,24.760000000000012,10:33:24,1006.1,200,1006.5,300,1006.3252,297
7969,0.38,0.14,0.24,15.870000000000001,10:34:15,1005.78,100,1006.19,200,1006.07,262
8052,0.31,0.09,0.22,50.050000000000004,10:34:50,1006.1,200,1006.5,200,1006.3259,100
8063,0.6000000000000001,0.07,0.53,55.970000000000006,10:34:55,1006.15,100,1006.5,200,1006.2984,100
8070,0.64,0.08,0.56,0.0,10:35:00,1006.1,100,1006.5,200,1006.2856,100
8084,0.78,0.28,0.5,10.37,10:35:10,1006.34,300,1006.5,200,1006.2284,100
8108,0.62,0.18,0.44,25.830000000000005,10:35:25,1006.07,100,1006.35,100,1006.205,100
8148,0.59,0.08,0.51,0.0,10:36:00,1006.0,200,1006.34,100,1006.17,130
8156,2.7600000000000002,2.24,0.52,8.58,10:36:08,1006.03,100,1006.35,100,1006.34,100
8193,0.62,0.18,0.44,32.260000000000005,10:36:32,1006.12,100,1006.35,100,1006.2309,100
8196,0.5700000000000001,0.07,0.5,33.84,10:36:33,1006.18,100,1006.5,100,1006.41,100
8250,0.64,0.21,0.43,7.79,10:37:07,1006.2,300,1006.48,200,1006.3904,100
8263,0.59,0.16,0.43,15.509999999999996,10:37:15,1006.28,100,1006.48,200,1006.352,100
8295,0.61,0.18,0.43,35.110000000000014,10:37:35,1006.36,100,1006.48,200,1006.42,1000
8299,0.6,0.21,0.39,37.320000000000014,10:37:37,1006.2,200,1006.48,200,1006.36,100
8332,0.6000000000000001,0.2,0.4,4.220000000000001,10:38:04,1006.0,200,1006.47,200,1006.46,100
8357,0.45,0.07,0.38,24.23,10:38:24,1006.0,200,1006.41,100,1006.189,100
8423,2.21,1.42,0.79,0.0,10:39:00,1006.06,200,1006.3,100,1006.1615,100
8440,0.76,0.27,0.49,14.209999999999999,10:39:14,1005.9,100,1006.18,200,1006.0384,350
8458,0.76,0.14,0.62,27.380000000000003,10:39:27,1005.9,200,1006.18,300,1005.9314,274
8511,0.7999999999999999,0.08,0.72,26.349999999999998,10:40:26,1005.58,300,1005.98,200,1005.675,100
8579,0.5900000000000001,0.07,0.52,0.0,10:41:00,1005.63,100,1005.98,100,1005.6301,300
8588,0.62,0.19,0.43,11.2,10:41:11,1005.58,500,1005.89,200,1005.7439999999999,600
8591,0.61,0.18,0.43,13.009999999999998,10:41:13,1005.49,100,1005.68,100,1005.7919999999999,100
8598,0.59,0.21,0.38,17.009999999999998,10:41:17,1005.34,100,1005.88,200,1005.49,100
8608,0.64,0.19,0.45,23.2,10:41:23,1005.35,100,1005.85,200,1005.5863,200
8678,0.62,0.27,0.35,10.409999999999997,10:42:10,1005.85,100,1005.99,100,1005.927,500
8683,2.23,1.73,0.5,17.489999999999995,10:42:17,1005.88,100,1005.99,100,1005.9169999999999,400
8715,0.6000000000000001,0.07,0.53,38.09,10:42:38,1005.62,100,1005.99,300,1005.7557,100
8832,0.6,0.1,0.5,0.0,10:44:00,1005.11,100,1005.41,200,1005.11,100
8891,0.59,0.23,0.36,39.810000000000024,10:44:39,1004.25,100,1004.83,300,1004.5403,100
8909,0.58,0.17,0.41,49.980000000000025,10:44:49,1004.23,100,1004.81,200,1004.5322,125
8916,0.5800000000000001,0.18,0.4,54.00000000000002,10:44:54,1004.46,100,1004.81,300,1004.43,100
8923,0.74,0.3,0.44,57.98000000000002,10:44:57,1004.3,100,1004.8,200,1004.5934,600
8949,0.43,0.13,0.3,11.01,10:45:11,1004.44,100,1005.14,100,1004.8103,100
8975,0.74,0.09,0.65,26.98,10:45:26,1004.61,100,1005.14,300,1004.87,200
8978,0.61,0.24,0.37,28.62,10:45:28,1004.69,200,1005.14,300,1004.815,100
9003,0.61,0.18,0.43,45.02000000000001,10:45:45,1004.58,100,1005.14,400,1004.835,100
9030,0.63,0.21,0.42,12.190000000000001,10:46:12,1004.84,100,1005.14,200,1004.9939999999999,250
9034,0.5900000000000001,0.26,0.33,14.39,10:46:14,1004.6,200,1004.98,100,1004.865,100
9060,0.76,0.17,0.59,30.56,10:46:30,1004.71,200,1005.03,400,1004.8697,150
9115,2.97,2.47,0.5,3.41,10:47:03,1005.06,100,1005.5,100,1005.2975,100
9264,0.6,0.24,0.36,19.98,10:48:19,1005.0,1700,1005.25,100,1005.155,180
9312,0.43,0.07,0.36,19.650000000000002,10:49:19,1004.75,100,1005.24,200,1004.9656,100
9322,0.56,0.19,0.37,25.410000000000004,10:49:25,1004.75,100,1005.24,200,1005.044,100
9333,0.6200000000000001,0.07,0.55,32.21,10:49:32,1004.75,100,1005.24,200,1005.0848,200
9338,0.64,0.09,0.55,36.04,10:49:36,1004.75,100,1005.24,200,1004.9843,750
9381,3.3899999999999997,2.88,0.51,0.0,10:50:00,1004.68,100,1004.99,300,1004.8157,100
9384,0.5800000000000001,0.07,0.51,1.8,10:50:01,1004.7,100,1004.99,100,1004.8425,100
9402,0.5700000000000001,0.14,0.43,16.179999999999996,10:50:16,1005.0,3100,1005.24,200,1004.9873,500
9424,0.44,0.07,0.37,28.189999999999998,10:50:28,1004.75,100,1005.24,200,1004.9917,300
9427,0.6000000000000001,0.2,0.4,29.97,10:50:29,1004.76,100,1005.24,200,1004.995,400
9469,1.4100000000000001,0.74,0.67,0.0,10:51:00,1004.85,100,1005.21,100,1005.0267,300
9481,0.6,0.21,0.39,13.349999999999998,10:51:13,1004.11,100,1004.74,200,1004.17,100
9497,0.5800000000000001,0.07,0.51,23.509999999999998,10:51:23,1004.18,100,1004.7,200,1004.44,100
9500,0.59,0.22,0.37,25.32,10:51:25,1004.18,100,1004.66,100,1004.6122,360
9531,0.46,0.13,0.33,44.910000000000004,10:51:44,1004.23,100,1004.61,100,1004.4428,1000
9541,0.5900000000000001,0.25,0.34,0.0,10:52:00,1004.23,100,1004.6,200,1004.415,100
9542,0.5800000000000001,0.07,0.51,0.5800000000000001,10:52:00,1004.23,100,1004.52,100,1004.4299,109
9564,0.6100000000000001,0.27,0.34,22.600000000000005,10:52:22,1004.45,100,1004.82,100,1004.6822,212
9567,0.6200000000000001,0.07,0.55,24.570000000000007,10:52:24,1004.45,100,1004.82,100,1004.6235,100
9572,0.6300000000000001,0.07,0.56,27.78000000000001,10:52:27,1004.08,100,1004.7,100,1004.4791,200
9614,0.59,0.08,0.51,56.36000000000004,10:52:56,1004.26,1000,1004.81,200,1004.6267,100
9621,0.5700000000000001,0.13,0.44,0.0,10:53:00,1004.53,200,1004.81,200,1004.64,100
9645,2.21,1.62,0.59,19.429999999999996,10:53:19,1004.55,200,1004.98,100,1004.72,100
9672,0.57,0.08,0.49,34.18,10:53:34,1004.64,100,1005.0,200,1004.8380000000001,100
9693,0.6,0.15,0.45,46.24999999999999,10:53:46,1004.59,100,1004.99,100,1004.7656,408
9703,0.59,0.24,0.35,51.849999999999994,10:53:51,1004.55,200,1005.0,200,1004.8206,300
9737,0.57,0.08,0.49,8.02,10:54:08,1004.71,200,1005.0,200,1004.8547,250
9792,0.6100000000000001,0.27,0.34,24.290000000000003,10:56:24,1005.42,100,1005.8,200,1005.6425,100
9802,0.6000000000000001,0.07,0.53,30.69000000000001,10:56:30,1005.42,100,1005.8,100,1005.6279,100
9826,0.44,0.07,0.37,15.589999999999998,10:57:15,1005.42,100,1005.78,100,1005.582,100
9830,0.61,0.19,0.42,17.979999999999997,10:57:17,1005.42,100,1005.78,100,1005.595,200
9865,0.45,0.07,0.38,39.550000000000004,10:57:39,1005.5,100,1005.77,100,1005.7699,700
9886,0.5700000000000001,0.07,0.5,51.71000000000002,10:57:51,1005.51,200,1005.75,100,1005.7499,500
9897,0.6,0.08,0.52,57.76000000000002,10:57:57,1005.5,100,1005.75,100,1005.6175,100
9941,0.44,0.07,0.37,23.810000000000006,10:58:23,1005.23,100,1005.74,200,1005.4391,218
9952,0.5800000000000001,0.2,0.38,29.790000000000006,10:58:29,1005.23,100,1005.74,200,1005.4893,800
9993,0.59,0.21,0.38,0.0,10:59:00,1005.24,200,1005.63,100,1005.4353,200
10024,0.59,0.22,0.37,24.390000000000004,10:59:24,1005.24,100,1005.62,100,1005.4243,100
10046,0.57,0.21,0.36,36.19000000000001,10:59:36,1004.76,100,1005.3,200,1004.7410000000001,100
10057,0.5700000000000001,0.07,0.5,42.15000000000002,10:59:42,1004.71,100,1005.29,200,1005.28,100
10110,0.43,0.08,0.35,18.419999999999995,11:00:18,1004.82,100,1005.3,200,1004.9409,100
10144,0.43,0.12,0.31,38.18000000000001,11:00:38,1004.71,100,1005.3,300,1005.07,100
10162,0.6100000000000001,0.07,0.54,48.41000000000001,11:00:48,1004.88,100,1005.28,100,1005.1444,100
10179,1.6,0.98,0.62,1.6,11:01:01,1005.21,100,1005.6,100,1005.22,100
10203,0.44,0.14,0.3,24.03000000000001,11:01:24,1005.26,100,1005.44,100,1005.435,200
10273,0.59,0.08,0.51,12.110000000000001,11:04:12,1004.95,2100,1005.16,100,1004.9175,100
10276,0.62,0.08,0.54,14.14,11:04:14,1004.95,2100,1005.2,100,1005.068,100
10285,0.96,0.36,0.6,20.73,11:04:20,1004.77,200,1005.2,200,1004.96,199
10306,0.59,0.09,0.5,34.330000000000005,11:04:34,1004.65,100,1005.2,200,1004.9327,250
10312,0.63,0.14,0.49,38.330000000000005,11:04:38,1004.65,100,1005.2,200,1005.0616,150
10344,3.99,3.43,0.56,20.36,11:05:20,1004.28,100,1004.75,200,1004.2961,400
10346,0.5800000000000001,0.07,0.51,21.92,11:05:21,1004.28,100,1004.5,500,1004.4999,413
10352,0.59,0.23,0.36,25.550000000000008,11:05:25,1004.29,100,1004.48,200,1004.365,100
10359,0.56,0.22,0.34,29.35000000000001,11:05:29,1004.25,100,1004.48,200,1004.28,234
10389,0.64,0.22,0.42,45.820000000000014,11:05:45,1004.11,100,1004.48,200,1004.35,100
10392,0.62,0.21,0.41,47.62000000000001,11:05:47,1004.11,100,1004.48,200,1004.4689,100
10414,0.62,0.23,0.39,0.0,11:06:00,1004.26,100,1004.48,300,1004.2767,400
10434,0.58,0.09,0.49,20.18,11:06:20,1004.28,200,1004.62,100,1004.48,100
10455,0.74,0.31,0.43,31.950000000000003,11:06:31,1004.28,100,1004.62,100,1004.6199,119
10489,0.44,0.08,0.36,50.16999999999999,11:06:50,1004.65,700,1005.0,100,1004.62,100
10514,0.6000000000000001,0.2,0.4,2.17,11:07:02,1004.44,200,1005.08,100,1004.7842,400
10520,0.59,0.17,0.42,5.97,11:07:05,1004.5,200,1005.09,100,1004.785,100
10522,0.43,0.07,0.36,10.379999999999999,11:07:10,1004.53,100,1005.08,200,1004.825,200
10532,0.63,0.28,0.35,20.4,11:07:20,1004.4,100,1005.0,200,1004.59,100
10546,0.44,0.07,0.37,28.03,11:07:28,1004.51,100,1004.87,200,1004.655,100
10564,0.62,0.17,0.45,38.01,11:07:38,1004.4,1000,1004.87,200,1004.635,100
10598,0.5900000000000001,0.19,0.4,55.989999999999995,11:07:55,1004.18,400,1004.5,200,1004.34,100
10605,0.5700000000000001,0.07,0.5,0.0,11:08:00,1004.18,400,1004.5,200,1004.21,100
10623,0.76,0.17,0.59,15.809999999999999,11:08:15,1004.49,100,1004.93,100,1004.6007,150
10626,0.64,0.22,0.42,17.86,11:08:17,1004.2,200,1004.73,100,1004.71,100
10649,1.37,0.82,0.55,34.85,11:08:34,1004.24,200,1004.65,100,1004.4798,100
10706,0.44,0.08,0.36,15.84,11:09:15,1004.59,100,1004.93,100,1004.9299,164
10798,2.79,2.25,0.54,10.41,11:10:10,1004.7,200,1005.15,100,1004.93,100
10827,0.57,0.09,0.48,29.81,11:10:29,1004.71,200,1005.1,100,1004.909,250
10849,0.6100000000000001,0.07,0.54,43.98000000000002,11:10:43,1005.07,100,1005.46,100,1005.2884,200
10895,0.6,0.22,0.38,13.8,11:11:13,1004.85,2700,1005.29,200,1005.0947,200
11028,0.8099999999999999,0.24,0.57,45.029999999999994,11:12:45,1005.1,100,1005.47,100,1005.2091,100
11168,0.57,0.09,0.48,20.55,11:14:20,1005.18,100,1005.5,100,1005.335,200
11197,0.45,0.08,0.37,36.820000000000014,11:14:36,1005.18,200,1005.5,100,1005.3454,300
11201,108.41,107.97,0.44,0.0,11:16:00,1005.33,100,1005.6,200,1005.3947,100
11204,0.44,0.08,0.36,1.47,11:16:01,1005.33,100,1005.6,200,1005.4479,200
11211,0.6599999999999999,0.18,0.48,5.670000000000001,11:16:05,1005.38,100,1005.6,200,1005.485,100
11308,0.43,0.08,0.35,47.40000000000001,11:17:47,1005.45,200,1005.66,200,1005.5655,100
11345,0.46,0.07,0.39,12.020000000000001,11:18:12,1005.55,100,1005.84,100,1005.695,200
11419,0.63,0.08,0.55,0.0,11:19:00,1005.81,300,1006.1,100,1005.9553,200
11427,3.81,3.17,0.64,9.62,11:19:09,1005.81,100,1006.0,100,1005.955,100
11436,0.79,0.27,0.52,16.4,11:19:16,1005.81,100,1006.0,100,1005.923,100
11440,0.8,0.18,0.62,19.61,11:19:19,1005.81,100,1006.0,100,1005.9174,100
11455,0.62,0.09,0.53,29.609999999999992,11:19:29,1005.81,100,1006.01,100,1005.918,150
11484,0.6,0.18,0.42,47.410000000000004,11:19:47,1005.81,200,1006.04,100,1005.9398,200
11545,0.74,0.21,0.53,20.309999999999995,11:20:20,1005.83,100,1006.14,200,1005.975,100
11554,0.61,0.08,0.53,26.34999999999999,11:20:26,1005.83,100,1006.14,100,1006.0393,100
11630,0.5800000000000001,0.13,0.45,29.770000000000003,11:21:29,1005.39,100,1005.84,200,1005.6988,100
11658,0.6100000000000001,0.07,0.54,0.6100000000000001,11:22:00,1005.39,100,1005.76,100,1005.5898,100
11736,0.6100000000000001,0.07,0.54,0.0,11:23:00,1005.79,100,1006.0,100,1005.885,100
11752,2.58,1.99,0.59,13.43,11:23:13,1005.56,100,1006.0,200,1005.895,100
11778,0.6,0.17,0.43,34.0,11:23:34,1005.56,100,1005.96,100,1005.7505,300
11813,0.81,0.28,0.53,56.38000000000002,11:23:56,1005.56,100,1005.96,200,1005.7356,400
11882,0.57,0.08,0.49,29.46,11:24:29,1005.78,100,1006.0,200,1005.9125,200
11927,0.81,0.14,0.67,0.0,11:25:00,1005.83,100,1005.99,100,1005.915,200
12000,0.76,0.21,0.55,4.9799999999999995,11:26:04,1005.57,100,1005.98,200,1005.7733,235
12014,0.61,0.08,0.53,14.809999999999997,11:26:14,1005.34,100,1005.78,200,1005.38,100
12036,0.5599999999999999,0.21,0.35,0.5599999999999999,11:27:00,1005.18,200,1005.74,100,1005.4949,100
12078,0.64,0.25,0.39,4.21,11:29:04,1005.09,100,1005.4,100,1005.225,200
12091,7.41,6.91,0.5,18.78,11:29:18,1005.09,100,1005.23,100,1005.1264,100
12113,0.6499999999999999,0.18,0.47,33.77,11:29:33,1004.54,100,1004.88,100,1004.7158,297
12143,0.8,0.18,0.62,0.0,11:30:00,1004.75,200,1005.19,100,1004.9599,100
12257,0.5900000000000001,0.07,0.52,18.18,11:31:18,1004.5,100,1004.69,100,1004.65,185
12263,0.43,0.07,0.36,21.560000000000002,11:31:21,1004.5,100,1004.7,100,1004.63,200
12274,0.5700000000000001,0.07,0.5,0.0,11:32:00,1004.5,100,1004.68,100,1004.5997,325
12388,2.03,1.45,0.58,0.0,11:33:00,1004.5,100,1004.8,100,1004.7669,100
12455,0.43,0.07,0.36,38.59000000000001,11:33:38,1003.84,100,1004.33,200,1003.84,200
12471,0.77,0.26,0.51,1.9800000000000002,11:34:01,1003.87,100,1004.09,100,1003.99,100
12477,2.15,1.64,0.51,7.17,11:34:07,1003.98,200,1004.66,100,1004.0125,100
12507,0.45,0.12,0.33,31.370000000000008,11:34:31,1004.11,100,1004.4,100,1004.12,100
12524,0.63,0.2,0.43,42.18000000000001,11:34:42,1003.91,100,1004.34,100,1004.08,100
12529,0.5900000000000001,0.07,0.52,45.75000000000001,11:34:45,1003.92,200,1004.34,100,1003.921,300
12559,0.95,0.34,0.61,0.0,11:35:00,1004.0,100,1004.35,100,1004.1705,200
12566,79.02,78.7,0.32,0.0,11:36:00,1004.28,100,1004.7,300,1004.5169,150
12629,0.5800000000000001,0.07,0.51,0.0,11:37:00,1004.35,600,1004.7,200,1004.46,100
12673,0.44,0.07,0.37,25.980000000000004,11:37:25,1004.28,100,1004.61,100,1004.52,140
12701,0.59,0.15,0.44,41.81,11:37:41,1004.36,100,1004.7,300,1004.37,100
12766,0.45,0.07,0.38,11.989999999999997,11:38:11,1004.5,500,1004.7,300,1004.584,500
12780,118.2,117.59,0.61,0.0,11:40:00,1004.86,100,1005.26,100,1005.1954,100
12799,3.9899999999999998,3.4,0.59,0.0,11:41:00,1004.9,100,1005.25,100,1005.0604,200
12811,0.6,0.08,0.52,8.989999999999998,11:41:08,1004.95,200,1005.28,100,1004.9886,200
12816,0.46,0.08,0.38,13.01,11:41:13,1004.95,200,1005.28,100,1005.1324,200
12840,0.6000000000000001,0.07,0.53,29.180000000000003,11:41:29,1004.95,200,1005.28,100,1005.115,200
12862,0.61,0.19,0.42,43.01000000000002,11:41:43,1005.02,100,1005.32,100,1005.319,500
12968,0.31,0.11,0.2,13.559999999999999,11:42:13,1005.01,100,1005.3,200,1005.0883,300
13057,0.44999999999999996,0.21,0.24,18.06,11:43:18,1004.58,200,1005.01,200,1004.7575,100
13183,0.25,0.08,0.17,0.0,11:45:00,1004.68,200,1004.92,200,1004.784,500
13238,1.7,1.49,0.21,18.189999999999998,11:45:18,1004.68,100,1005.37,200,1005.1543,100
13371,0.44,0.23,0.21,39.82,11:46:39,1004.93,100,1005.27,100,1005.1335,100
13468,0.26,0.08,0.18,0.0,11:47:00,1005.13,300,1005.37,100,1005.255,200
13606,2.17,1.92,0.25,13.2,11:48:13,1005.26,200,1005.4,100,1005.3307,165
13613,0.7999999999999999,0.58,0.22,16.17,11:48:16,1005.26,200,1005.4,100,1005.3389999999999,100
13616,0.23,0.07,0.16,17.63,11:48:17,1005.26,200,1005.4,100,1005.323,164
13870,0.41000000000000003,0.18,0.23,56.18000000000001,11:49:56,1005.04,100,1005.33,100,1005.175,200
13919,0.35,0.18,0.17,6.130000000000001,11:50:06,1005.05,100,1005.33,200,1005.0696,100
13964,0.30000000000000004,0.13,0.17,20.139999999999997,11:50:20,1004.97,100,1005.15,100,1005.0855,100
14057,4.28,3.99,0.29,0.0,11:51:00,1004.71,100,1005.0,100,1004.7506,100
14062,1.6099999999999999,1.26,0.35,3.0,11:51:03,1004.71,100,1005.01,100,1004.878,100
14109,0.42000000000000004,0.22,0.2,21.990000000000002,11:51:21,1004.71,200,1005.01,100,1004.8333,300
14187,0.39,0.21,0.18,0.0,11:52:00,1004.71,200,1005.07,100,1004.962,250
14282,0.28,0.08,0.2,38.2,11:52:38,1004.71,100,1005.07,200,1004.8666,100
14429,0.4,0.22,0.18,35.85,11:53:35,1004.8,100,1005.04,100,1004.9203,200
14558,0.41000000000000003,0.21,0.2,30.400000000000013,11:54:30,1004.8,200,1005.15,100,1004.975,200
14587,0.37,0.18,0.19,40.38,11:54:40,1004.98,100,1005.24,100,1005.1029,140
14599,0.24000000000000002,0.07,0.17,44.04000000000001,11:54:44,1004.98,100,1005.25,600,1005.0718,100
14673,1.01,0.82,0.19,8.09,11:55:08,1005.11,200,1005.49,200,1005.5168,150
14706,0.43000000000000005,0.2,0.23,24.17000000000001,11:55:24,1005.16,200,1005.49,200,1005.275,150
14737,0.31,0.07,0.24,35.97000000000001,11:55:35,1005.18,100,1005.43,200,1005.33,100
14851,0.25,0.07,0.18,11.419999999999998,11:56:11,1005.38,100,1005.6,100,1005.4431,100
14865,0.36,0.18,0.18,15.659999999999995,11:56:15,1005.09,200,1005.5,200,1005.32,100
15020,0.35,0.18,0.17,21.599999999999998,11:57:21,1004.77,100,1005.21,300,1005.0641,100
15032,0.25,0.08,0.17,25.219999999999995,11:57:25,1004.76,100,1005.21,300,1004.9918,200
15419,0.43,0.21,0.22,0.0,12:00:00,1004.85,100,1005.05,100,1004.9467,300
15434,0.31,0.08,0.23,8.14,12:00:08,1004.85,100,1005.05,300,1004.955,200
15439,0.43000000000000005,0.2,0.23,9.940000000000001,12:00:09,1004.71,100,1005.05,300,1004.8188,100
15453,0.32,0.08,0.24,15.920000000000002,12:00:15,1004.71,100,1005.05,200,1005.0160000000001,100
15588,0.30000000000000004,0.13,0.17,10.7,12:01:10,1004.71,300,1004.9,300,1004.711,100
15592,0.25,0.07,0.18,14.839999999999998,12:01:14,1004.71,300,1005.05,200,1004.8803,200
15605,0.26,0.07,0.19,19.349999999999998,12:01:19,1004.88,100,1005.05,200,1004.8886,300
15658,0.35,0.18,0.17,35.51999999999998,12:01:35,1004.89,200,1005.09,100,1004.9044,100
15887,0.23,0.07,0.16,0.0,12:03:00,1005.14,100,1005.53,100,1005.3325,400
15976,0.62,0.27,0.35,36.48,12:03:36,1005.0,200,1005.39,200,1005.1975,400
15981,0.28,0.07,0.21,38.11,12:03:38,1005.0,200,1005.39,100,1005.0001,500
16073,0.48,0.27,0.21,5.16,12:04:05,1005.11,100,1005.44,100,1005.2786,200
16108,0.27,0.1,0.17,17.849999999999994,12:04:17,1005.16,100,1005.43,100,1005.3083,100
16356,2.14,1.97,0.17,3.79,12:06:03,1005.14,100,1005.36,100,1005.238,100
16503,0.25,0.07,0.18,0.62,12:07:00,1005.21,100,1005.36,100,1005.3225,100
16562,0.39,0.2,0.19,28.85000000000001,12:07:28,1005.02,100,1005.32,100,1005.185,200
16615,0.28,0.07,0.21,46.490000000000016,12:07:46,1005.02,100,1005.32,100,1005.0201,261
16848,0.27,0.09,0.18,0.0,12:09:00,1005.07,100,1005.32,200,1005.2103,200
16910,0.24000000000000002,0.07,0.17,19.08,12:09:19,1005.09,100,1005.3,100,1005.235,200
16982,0.28,0.09,0.19,3.0900000000000007,12:10:03,1004.91,100,1005.21,100,1005.045,200
17142,0.37,0.18,0.19,7.790000000000001,12:11:07,1005.15,100,1005.36,100,1005.2529,200
17226,0.29000000000000004,0.13,0.16,38.04999999999999,12:11:38,1005.0,100,1005.36,100,1005.0360000000001,100
17677,0.32,0.12,0.2,11.679999999999998,12:14:11,1004.85,200,1005.04,200,1004.9355,200
17717,0.42000000000000004,0.23,0.19,27.980000000000008,12:14:27,1004.85,200,1005.04,200,1004.9475,100
17781,0.32999999999999996,0.09,0.24,17.949999999999996,12:15:17,1004.71,100,1004.93,100,1004.7666,150
17819,0.38,0.14,0.24,32.04,12:15:32,1004.63,300,1004.91,100,1004.7392,100
17960,0.26,0.08,0.18,27.06000000000001,12:16:27,1004.56,100,1004.78,200,1004.5857,100
17985,0.26,0.07,0.19,36.11000000000001,12:16:36,1004.56,100,1004.75,100,1004.6436,800
17998,0.27,0.08,0.19,40.02000000000002,12:16:40,1004.56,100,1004.75,100,1004.6675,100
18117,0.24,0.08,0.16,11.540000000000001,12:17:11,1004.22,100,1004.55,100,1004.4995,150
18138,0.37,0.21,0.16,17.840000000000003,12:17:17,1004.23,200,1004.5,200,1004.4015,351
18150,0.30000000000000004,0.13,0.17,21.640000000000008,12:17:21,1004.22,100,1004.55,200,1004.3975,100
18184,0.38,0.22,0.16,31.85,12:17:31,1004.23,100,1004.55,200,1004.3875,250
18247,1.41,1.17,0.24,4.81,12:18:04,1004.25,1000,1004.55,300,1004.403,200
18285,0.23,0.07,0.16,16.1,12:18:16,1004.25,1000,1004.38,500,1004.4551,250
18292,0.30000000000000004,0.14,0.16,17.990000000000002,12:18:17,1004.25,1000,1004.43,100,1004.38,559
18416,0.23,0.07,0.16,10.139999999999999,12:19:10,1004.39,100,1004.64,100,1004.5569,140
18451,0.44000000000000006,0.27,0.17,20.610000000000003,12:19:20,1004.35,100,1004.64,200,1004.4925,100
18472,0.33999999999999997,0.18,0.16,26.380000000000003,12:19:26,1004.35,100,1004.53,100,1004.3501,100
18599,0.3,0.08,0.22,26.139999999999997,12:20:26,1004.3,900,1004.4,100,1004.3510000000001,300
18716,2.56,2.35,0.21,0.0,12:21:00,1004.34,200,1004.48,100,1004.4016,125
18769,0.27,0.09,0.18,24.59,12:21:24,1004.4,100,1004.61,100,1004.4932,200
18978,0.27,0.07,0.2,23.730000000000004,12:22:23,1004.7,100,1004.83,100,1004.765,100
19005,0.3,0.12,0.18,1.15,12:23:01,1004.65,100,1004.96,3600,1004.83,100
19035,0.62,0.29,0.33,16.490000000000002,12:23:16,1004.6,200,1004.86,100,1004.725,200
19139,0.47,0.26,0.21,56.48000000000002,12:23:56,1004.93,200,1005.21,100,1005.0532,200
19395,0.42,0.21,0.21,21.890000000000004,12:25:21,1005.37,200,1005.62,100,1005.4789999999999,250
19433,0.27,0.07,0.2,0.0,12:26:00,1005.4,200,1005.62,100,1005.5586,100
19587,1.59,1.29,0.3,8.870000000000001,12:27:08,1005.12,200,1005.47,100,1005.3228,100
19591,1.04,0.85,0.19,12.870000000000001,12:27:12,1005.11,200,1005.61,100,1005.48,470
19625,0.37,0.19,0.18,25.799999999999997,12:27:25,1005.29,200,1005.6,100,1005.456,300
19757,3.4000000000000004,3.2,0.2,0.0,12:28:00,1005.36,200,1005.85,100,1005.6055,300
19858,0.25,0.07,0.18,34.09000000000001,12:28:34,1005.58,200,1005.86,100,1005.6892,140
19887,0.27,0.07,0.2,0.0,12:29:00,1005.6,200,1005.86,100,1005.8599,200
19934,0.48,0.22,0.26,20.139999999999997,12:29:20,1005.76,100,1005.95,100,1005.95,100
19973,0.27,0.07,0.2,34.04,12:29:34,1005.76,100,1005.95,400,1005.8588,259
19984,0.5,0.28,0.22,38.26,12:29:38,1005.79,200,1005.95,400,1005.8441,300
20105,0.27,0.07,0.2,28.010000000000005,12:30:28,1005.86,200,1006.21,200,1006.0287,128
20129,0.35,0.17,0.18,36.340000000000025,12:30:36,1005.88,100,1006.21,100,1006.0286,200
20222,0.35,0.18,0.17,14.74,12:31:14,1006.01,200,1006.18,100,1006.095,100
20336,0.32,0.07,0.25,50.62999999999999,12:31:50,1006.15,100,1006.3,200,1006.2005,250
20367,2.97,2.68,0.29,14.75,12:32:14,1006.01,100,1006.3,200,1006.1553,200
20374,0.4,0.22,0.18,18.269999999999996,12:32:18,1006.01,100,1006.3,200,1006.155,100
20459,0.30000000000000004,0.13,0.17,45.88000000000002,12:32:45,1006.08,200,1006.45,8700,1006.2019,100
20483,0.29000000000000004,0.1,0.19,0.0,12:33:00,1006.09,100,1006.43,200,1006.2547,250
20489,0.35,0.17,0.18,2.02,12:33:02,1006.07,100,1006.43,300,1006.2052,400
20615,0.42,0.18,0.24,52.459999999999994,12:33:52,1006.22,200,1006.44,100,1006.3382,200
20626,0.32,0.07,0.25,56.37999999999999,12:33:56,1006.22,200,1006.39,100,1006.341,300
20763,0.42,0.24,0.18,42.29,12:34:42,1006.31,100,1006.45,8700,1006.45,100
20782,0.37,0.2,0.17,48.26000000000002,12:34:48,1006.14,100,1006.45,8800,1006.3539,500
20807,0.36,0.18,0.18,0.0,12:35:00,1006.14,200,1006.44,100,1006.28,100
20854,0.39,0.21,0.18,24.020000000000003,12:35:24,1006.17,200,1006.44,100,1006.3438,528
20924,0.4,0.23,0.17,46.15999999999998,12:35:46,1006.14,100,1006.4,300,1006.2541,300
20947,0.33,0.17,0.16,53.77999999999998,12:35:53,1006.14,100,1006.4,200,1006.227,200
20974,4.8,4.63,0.17,8.75,12:36:08,1006.0,100,1006.19,100,1006.0101,500
21016,0.43,0.24,0.19,29.93,12:36:29,1006.02,200,1006.38,200,1006.105,100
21199,0.48,0.23,0.25,30.180000000000003,12:37:30,1005.6,200,1005.83,200,1005.725,100
21237,0.39,0.2,0.19,44.090000000000025,12:37:44,1005.75,100,1006.0,2300,1005.995,100
21314,0.29,0.08,0.21,0.0,12:38:00,1005.77,100,1006.0,2300,1005.8376,169
21351,2.54,2.31,0.23,14.900000000000002,12:38:14,1005.62,200,1005.94,200,1005.7448,225
21372,0.39,0.21,0.18,22.230000000000008,12:38:22,1005.77,100,1005.92,400,1005.845,100
21437,0.23,0.07,0.16,9.100000000000003,12:39:09,1005.9,100,1005.98,200,1005.865,100
21470,0.24,0.08,0.16,18.990000000000002,12:39:18,1005.95,100,1006.28,100,1005.9602,110
21493,0.31000000000000005,0.14,0.17,0.0,12:40:00,1005.75,200,1006.18,100,1005.9846,200
21542,0.31,0.15,0.16,26.069999999999993,12:40:26,1005.9,200,1006.17,300,1005.9896,200
21548,0.24000000000000002,0.07,0.17,28.049999999999994,12:40:28,1005.9,200,1006.17,300,1006.0053,100
21659,0.24000000000000002,0.07,0.17,15.900000000000002,12:41:15,1005.75,100,1006.11,400,1005.988,198
21687,0.35,0.18,0.17,28.01,12:41:28,1005.92,100,1006.11,100,1006.015,100
21736,0.47,0.24,0.23,43.860000000000014,12:41:43,1005.8,100,1006.11,200,1005.9547,200
21772,0.35,0.16,0.19,56.160000000000025,12:41:56,1005.96,100,1006.11,100,1006.035,100
21837,0.26,0.08,0.18,16.710000000000008,12:44:16,1005.7,100,1006.09,600,1005.9778,200
21958,0.30000000000000004,0.07,0.23,6.83,12:45:06,1006.01,100,1006.07,500,1005.965,100
21961,0.55,0.21,0.34,8.01,12:45:08,1006.01,100,1006.07,500,1006.0397,200
22015,0.43,0.21,0.22,26.24999999999999,12:45:26,1005.94,100,1006.12,100,1005.935,100
22129,0.27,0.07,0.2,43.05,12:46:43,1005.91,100,1006.27,100,1006.0473,200
22175,0.43000000000000005,0.26,0.17,0.0,12:47:00,1006.1,200,1006.31,100,1006.2402,200
22248,0.38,0.18,0.2,30.24,12:47:30,1006.11,200,1006.4,100,1006.1101,500
22502,0.29,0.08,0.21,11.47,12:49:11,1006.04,100,1006.21,100,1006.1237,200
22503,0.37,0.14,0.23,11.84,12:49:11,1006.04,200,1006.21,100,1006.0655,500
22522,0.28,0.08,0.2,21.980000000000008,12:49:21,1006.12,100,1006.34,200,1006.2482,500
22556,0.29000000000000004,0.07,0.22,33.80000000000002,12:49:33,1006.12,100,1006.27,200,1006.1699,100
22575,0.37,0.17,0.2,41.87000000000002,12:49:41,1006.15,200,1006.27,200,1006.215,100
22586,0.26,0.08,0.18,45.890000000000015,12:49:45,1006.16,2300,1006.32,200,1006.1723,539
22592,0.39,0.19,0.2,47.990000000000016,12:49:47,1006.16,2300,1006.32,100,1006.304,100
22626,2.1,1.8,0.3,0.0,12:50:00,1006.16,2300,1006.32,100,1006.2143,100
22691,0.43000000000000005,0.23,0.2,31.810000000000013,12:50:31,1005.9,200,1006.3,200,1006.1239999999999,100
22865,0.36,0.2,0.16,36.09,12:51:36,1005.68,100,1006.0,100,1005.905,200
22878,0.34,0.17,0.17,40.010000000000005,12:51:40,1005.68,100,1006.0,200,1005.835,200
22901,0.24000000000000002,0.07,0.17,48.01000000000001,12:51:48,1005.68,100,1006.0,200,1005.8403,300
23353,0.45,0.23,0.22,35.04000000000001,12:54:35,1005.46,100,1005.78,100,1005.6172,200
23566,2.3899999999999997,2.15,0.24,12.43,12:56:12,1005.72,100,1005.92,200,1005.8539999999999,739
23583,0.24,0.08,0.16,19.970000000000002,12:56:19,1005.72,100,1006.02,100,1005.8727,300
23603,0.24,0.08,0.16,25.82999999999999,12:56:25,1005.76,100,1006.13,100,1005.9247,200
23621,0.24000000000000002,0.07,0.17,32.029999999999994,12:56:32,1005.76,100,1006.08,200,1005.9680000000001,500
23658,0.24000000000000002,0.07,0.17,43.85,12:56:43,1005.91,100,1006.04,100,1005.9493,300
23690,0.38,0.2,0.18,54.120000000000005,12:56:54,1005.91,200,1006.15,100,1006.0333,300
23696,0.37,0.18,0.19,56.03000000000001,12:56:56,1005.91,200,1006.15,100,1005.9912,150
23790,0.36,0.2,0.16,20.960000000000004,12:57:20,1005.75,200,1006.04,100,1005.89,200
23843,0.36,0.2,0.16,36.92999999999998,12:57:36,1005.91,100,1006.21,100,1005.9775,218
23967,0.23,0.07,0.16,15.820000000000007,12:58:15,1006.1,100,1006.3,100,1006.1982,200
24343,0.30000000000000004,0.14,0.16,0.0,13:02:00,1006.09,200,1006.36,100,1006.2433,200
24363,0.35,0.17,0.18,6.23,13:02:06,1006.09,200,1006.37,100,1006.2129,100
24369,0.27,0.07,0.2,8.14,13:02:08,1006.09,200,1006.36,100,1006.2243,175
24609,0.44,0.25,0.19,0.0,13:04:00,1006.09,200,1006.36,100,1006.225,100
24610,0.33999999999999997,0.15,0.19,0.33999999999999997,13:04:00,1006.09,200,1006.36,100,1006.3599,689
24621,1.6400000000000001,1.36,0.28,5.46,13:04:05,1006.12,100,1006.36,100,1006.2871,140
24649,0.41000000000000003,0.24,0.17,16.340000000000003,13:04:16,1006.12,100,1006.34,100,1006.2419,200
24772,3.23,3.06,0.17,0.0,13:05:00,1005.83,100,1006.15,200,1005.9448,200
24929,0.3,0.08,0.22,0.0,13:09:00,1005.86,100,1006.15,100,1006.005,100
24940,3.35,3.17,0.18,8.32,13:09:08,1005.87,100,1006.15,100,1006.1210000000001,100
25145,0.25,0.07,0.18,37.73,13:10:37,1006.01,100,1006.2,100,1006.0947,200
25249,0.4,0.18,0.22,18.12,13:11:18,1005.93,100,1006.13,100,1006.0654,200
25262,0.43,0.08,0.35,24.160000000000004,13:11:24,1005.93,100,1006.06,200,1005.9515,230
25306,0.55,0.14,0.41,45.92999999999998,13:11:45,1005.76,100,1006.06,200,1005.765,100
25372,0.33999999999999997,0.09,0.25,17.01,13:12:17,1005.88,100,1006.07,200,1005.9819,100
25563,3.18,2.6,0.58,16.740000000000002,13:14:16,1005.43,100,1005.9,200,1005.665,100
25573,0.63,0.22,0.41,22.37,13:14:22,1005.34,100,1005.9,200,1005.6377,300
25600,0.43,0.07,0.36,35.970000000000006,13:14:35,1005.51,100,1005.79,100,1005.54,100
25618,0.5900000000000001,0.14,0.45,46.30000000000001,13:14:46,1005.5,100,1005.78,200,1005.6378,200
25741,3.98,3.44,0.54,21.169999999999998,13:16:21,1005.67,100,1005.76,100,1005.757,100
25748,0.42,0.07,0.35,25.39,13:16:25,1005.67,100,1005.76,200,1005.715,100
25773,0.63,0.15,0.48,39.77000000000001,13:16:39,1005.67,100,1005.84,100,1005.7824,100
25793,0.6000000000000001,0.07,0.53,52.94000000000002,13:16:52,1005.67,200,1005.9,100,1005.7459,300
25841,0.57,0.21,0.36,17.76,13:17:17,1005.72,200,1005.91,200,1005.8272,100
25920,0.42000000000000004,0.14,0.28,16.450000000000003,13:18:16,1005.62,200,1005.98,200,1005.64,100
25928,0.43,0.14,0.29,20.270000000000007,13:18:20,1005.62,200,1005.97,100,1005.8003,200
25940,0.5800000000000001,0.18,0.4,26.230000000000018,13:18:26,1005.62,200,1005.98,200,1005.7836,100
25993,0.41000000000000003,0.07,0.34,4.220000000000001,13:19:04,1005.52,200,1005.79,300,1005.6955,500
26012,0.46,0.08,0.38,24.240000000000002,13:19:24,1005.34,100,1005.72,200,1005.4689,250
26091,0.45,0.07,0.38,0.0,13:20:00,1005.53,400,1005.71,200,1005.5930000000001,100
26174,0.6300000000000001,0.07,0.56,0.0,13:21:00,1005.53,400,1005.71,300,1005.6289999999999,100
26331,0.5599999999999999,0.08,0.48,29.479999999999997,13:22:29,1005.35,200,1005.7,500,1005.5253,200
26350,0.5700000000000001,0.18,0.39,0.0,13:23:00,1005.4,100,1005.7,400,1005.545,100
26442,0.8300000000000001,0.19,0.64,0.0,13:24:00,1005.49,400,1005.7,300,1005.5966,100
26489,1.2,0.07,1.13,40.15000000000001,13:24:40,1005.48,100,1005.7,200,1005.6402,100
26510,3.42,2.3,1.12,0.0,13:25:00,1005.48,300,1005.7,200,1005.5322,500
26562,1.79,0.39,1.4,15.0,13:26:15,1005.42,100,1005.68,400,1005.5664,150
26609,3.37,2.26,1.11,6.18,13:27:06,1005.28,200,1005.6,100,1005.447,100
26638,1.0,0.07,0.93,38.780000000000015,13:27:38,1005.07,200,1005.42,300,1005.3068,200
26653,1.4100000000000001,0.13,1.28,9.8,13:28:09,1005.1,500,1005.34,600,1005.2181,300
26702,3.01,1.71,1.3,10.010000000000002,13:29:10,1005.2,200,1005.42,200,1005.288,100
26705,1.4100000000000001,0.12,1.29,14.210000000000003,13:29:14,1005.2,200,1005.42,200,1005.3553,100
26721,1.3900000000000001,0.07,1.32,34.38000000000001,13:29:34,1005.15,200,1005.3,200,1005.2175,100
26951,1.2000000000000002,0.09,1.11,40.17,13:34:40,1005.11,500,1005.32,100,1005.2015,300
26959,1.4100000000000001,0.08,1.33,49.39,13:34:49,1005.11,500,1005.32,100,1005.2515,177
27000,1.3900000000000001,0.37,1.02,54.19000000000001,13:35:54,1005.17,300,1005.41,100,1005.2476,140
27070,0.83,0.09,0.74,12.650000000000002,13:37:12,1005.21,400,1005.35,200,1005.2710000000001,200
27091,1.21,0.07,1.14,39.21000000000001,13:37:39,1005.07,200,1005.32,100,1005.1305,144
27107,1.21,0.08,1.13,1.21,13:38:01,1004.79,100,1005.15,300,1004.9469,100
27112,1.39,0.21,1.18,9.82,13:38:09,1004.79,400,1005.14,200,1004.944,120
27120,1.5599999999999998,0.15,1.41,22.0,13:38:22,1004.79,400,1005.0,100,1004.965,100
27138,1.01,0.07,0.94,43.59999999999999,13:38:43,1005.0,500,1005.19,200,1005.085,100
27172,1.1800000000000002,0.09,1.09,0.0,13:39:00,1005.07,200,1005.2,100,1005.135,100
27183,1.22,0.24,0.98,12.82,13:39:12,1005.02,400,1005.2,100,1005.0272,250
27198,0.82,0.1,0.72,0.0,13:40:00,1004.79,200,1005.2,300,1004.8932,175
27207,1.1800000000000002,0.08,1.1,10.190000000000001,13:40:10,1004.92,100,1005.1,1000,1005.0017,200
27215,0.9800000000000001,0.17,0.81,5.390000000000001,13:41:05,1004.92,300,1005.1,1000,1005.015,200
27221,1.22,0.24,0.98,11.610000000000001,13:41:11,1004.92,300,1005.1,1000,1005.0298,100
27262,3.59,2.35,1.24,0.0,13:42:00,1005.07,300,1005.3,100,1005.071,100
27293,1.5899999999999999,0.18,1.41,40.97999999999999,13:42:40,1005.08,100,1005.28,100,1005.1684,100
27308,1.02,0.12,0.9,12.4,13:43:12,1005.11,100,1005.28,100,1005.198,105
27326,1.0,0.22,0.78,34.010000000000005,13:43:34,1005.12,100,1005.28,100,1005.2224,200
27369,1.2,0.07,1.13,0.0,13:44:00,1005.08,100,1005.22,100,1005.0801,600
27381,1.19,0.21,0.98,13.989999999999998,13:44:13,1004.75,200,1005.12,200,1004.7869999999999,325
27394,0.99,0.08,0.91,27.81,13:44:27,1004.75,200,1005.12,100,1004.935,100
27455,1.03,0.11,0.92,0.0,13:46:00,1005.05,400,1005.28,100,1005.257,150
27486,1.38,0.25,1.13,41.39,13:46:41,1005.23,200,1005.34,1800,1005.2779,201
27588,0.8200000000000001,0.17,0.65,37.40999999999999,13:48:37,1004.65,100,1004.94,200,1004.7973,100
27595,1.18,0.23,0.95,43.97999999999998,13:48:43,1004.61,200,1004.93,200,1004.775,100
27630,1.19,0.14,1.05,17.009999999999998,13:49:17,1004.65,300,1004.93,300,1004.8241,100
27633,1.19,0.36,0.83,20.42,13:49:20,1004.65,300,1004.91,200,1004.9099,490
27668,0.99,0.24,0.75,12.600000000000001,13:50:12,1004.83,200,1005.07,100,1004.9826,100
27704,1.18,0.17,1.01,52.80999999999999,13:50:52,1004.66,100,1004.97,200,1004.7931,100
27723,2.3899999999999997,1.63,0.76,6.1899999999999995,13:51:06,1004.6,200,1004.74,100,1004.6645,180
27726,1.41,0.24,1.17,9.59,13:51:09,1004.6,200,1004.74,100,1004.6001,500
27807,1.21,0.19,1.02,0.0,13:52:00,1004.55,200,1004.71,100,1004.6156,100
27891,1.2000000000000002,0.14,1.06,2.02,13:54:02,1004.12,100,1004.59,100,1004.2956,500
27921,1.2200000000000002,0.14,1.08,0.0,13:55:00,1004.26,100,1004.49,100,1004.42,100
27926,1.1900000000000002,0.07,1.12,6.78,13:55:06,1004.26,100,1004.49,100,1004.3637,200
27929,1.23,0.18,1.05,10.4,13:55:10,1004.26,100,1004.49,100,1004.3679,133
27933,1.4,0.15,1.25,16.979999999999997,13:55:16,1004.11,100,1004.42,200,1004.26,100
27944,1.2000000000000002,0.1,1.1,31.97999999999999,13:55:31,1004.1,200,1004.42,200,1004.255,177
27993,1.0,0.2,0.8,15.580000000000002,13:56:15,1004.12,100,1004.31,100,1004.2,100
28009,0.82,0.12,0.7,29.809999999999995,13:56:29,1004.1,300,1004.21,100,1004.13,200
28028,0.98,0.34,0.64,0.0,13:57:00,1004.01,100,1004.21,200,1004.0915,100
28030,0.98,0.24,0.74,1.79,13:57:01,1003.9,100,1004.2,200,1003.89,100
28032,0.81,0.07,0.74,3.5900000000000003,13:57:03,1003.91,100,1004.2,200,1004.0567,100
28057,0.82,0.13,0.69,35.769999999999996,13:57:35,1003.97,500,1004.04,100,1003.9938,200
28059,1.21,0.17,1.04,37.98,13:57:37,1003.97,500,1004.04,100,1003.9701,120
28061,1.01,0.07,0.94,40.17999999999999,13:57:40,1003.97,500,1004.03,1300,1003.97,100
28069,1.0,0.07,0.93,48.37,13:57:48,1003.81,100,1004.02,900,1003.91,100
28075,0.81,0.07,0.74,53.76,13:57:53,1003.86,500,1004.02,1000,1003.8998,434
28078,0.82,0.09,0.73,56.37,13:57:56,1003.86,500,1004.02,1000,1003.94,100
28083,3.0,2.35,0.65,4.8,13:58:04,1003.91,200,1004.02,900,1003.965,400
28088,1.01,0.17,0.84,13.209999999999999,13:58:13,1003.91,200,1004.01,100,1003.9647,100
28113,1.4100000000000001,0.07,1.34,47.37000000000002,13:58:47,1003.99,200,1004.12,1900,1004.0486,100
28129,2.01,0.94,1.07,0.0,13:59:00,1003.85,300,1004.04,100,1003.96,100
28134,1.2000000000000002,0.09,1.11,6.61,13:59:06,1003.87,200,1004.04,100,1004.04,100
28150,1.03,0.15,0.88,26.000000000000004,13:59:26,1003.97,300,1004.19,100,1004.0712,100
28174,1.4000000000000001,0.07,1.33,0.0,14:00:00,1004.33,200,1004.5,100,1004.4388,500
28181,3.6100000000000003,2.62,0.99,10.790000000000001,14:00:10,1004.31,300,1004.5,100,1004.4017,300
28199,1.0,0.08,0.92,32.809999999999995,14:00:32,1004.16,200,1004.51,100,1004.3379,200
28217,1.0,0.19,0.81,50.8,14:00:50,1004.15,100,1004.6,100,1004.47,100
28224,1.4,0.18,1.22,0.0,14:01:00,1004.1,100,1004.57,100,1004.3529,100
28297,0.8099999999999999,0.08,0.73,30.389999999999997,14:02:30,1004.26,200,1004.52,100,1004.3815,148
28334,1.1800000000000002,0.07,1.11,8.79,14:03:08,1004.15,100,1004.49,100,1004.27,100
28358,1.1700000000000002,0.07,1.1,37.42000000000001,14:03:37,1004.14,600,1004.48,100,1004.16,100
28359,1.21,0.24,0.97,38.63000000000001,14:03:38,1004.14,600,1004.48,100,1004.3576,500
28449,1.21,0.08,1.13,11.39,14:05:11,1003.81,1000,1004.32,200,1004.0395,100
28469,1.4000000000000001,0.1,1.3,0.0,14:06:00,1004.05,500,1004.27,200,1004.1489999999999,300
28531,1.2000000000000002,0.08,1.12,15.82,14:07:15,1003.91,400,1004.27,100,1004.143,300
28574,2.5700000000000003,1.24,1.33,13.19,14:08:13,1003.97,200,1004.4,300,1004.29,100
28597,1.18,0.24,0.94,43.58,14:08:43,1003.81,100,1004.21,200,1003.82,100
28610,0.82,0.09,0.73,55.39,14:08:55,1003.88,100,1004.19,100,1003.88,100
28643,1.01,0.24,0.77,27.22000000000001,14:09:27,1003.94,100,1004.15,10000,1004.05,100
28645,1.22,0.08,1.14,29.610000000000007,14:09:29,1003.97,100,1004.15,10000,1004.0761,358
28646,1.19,0.14,1.05,30.800000000000008,14:09:30,1003.81,100,1004.04,200,1003.92,100
28650,1.21,0.21,1.0,36.00000000000001,14:09:36,1003.86,100,1004.14,100,1004.0014,325
28663,1.0,0.08,0.92,51.58000000000001,14:09:51,1003.81,100,1004.1,800,1003.81,100
28667,0.99,0.34,0.65,0.0,14:10:00,1003.8,1100,1004.09,100,1003.8001,215
28670,1.23,0.07,1.16,3.9899999999999998,14:10:03,1003.8,500,1003.84,600,1003.85,100
28671,1.39,0.2,1.19,5.38,14:10:05,1003.8,100,1004.01,100,1003.8,100
28676,1.42,0.23,1.19,13.37,14:10:13,1003.79,200,1004.11,100,1004.06,100
28682,1.81,0.8,1.01,20.979999999999997,14:10:20,1003.79,200,1004.1,100,1003.9131,132
28700,0.8200000000000001,0.18,0.64,45.80999999999999,14:10:45,1003.79,200,1004.05,5000,1004.09,100
28719,3.9800000000000004,2.99,0.99,0.0,14:11:00,1003.84,500,1004.05,3000,1003.945,100
28728,2.01,1.2,0.81,13.21,14:11:13,1003.93,100,1004.05,3000,1004.02,100
28735,0.98,0.07,0.91,19.590000000000003,14:11:19,1003.82,100,1004.03,200,1003.79,200
28746,0.82,0.08,0.74,29.22,14:11:29,1003.57,100,1003.99,500,1003.7212,500
28761,0.81,0.14,0.67,42.970000000000006,14:11:42,1003.59,100,1003.8,100,1003.6641,200
28768,0.97,0.07,0.9,49.35000000000001,14:11:49,1003.57,200,1003.8,100,1003.57,134
28770,0.8200000000000001,0.07,0.75,0.0,14:12:00,1003.57,200,1003.8,100,1003.72,100
28774,0.98,0.07,0.91,3.97,14:12:03,1003.61,200,1003.8,100,1003.6988,400
28794,0.81,0.07,0.74,27.789999999999996,14:12:27,1003.71,400,1003.96,200,1003.8362,200
28841,2.38,1.72,0.66,0.0,14:13:00,1003.71,500,1003.93,100,1003.71,162
28847,2.79,1.98,0.81,9.79,14:13:09,1003.74,100,1004.02,100,1004.03,100
28888,1.17,0.22,0.95,47.379999999999995,14:13:47,1003.65,100,1003.92,200,1003.87,100
28918,0.82,0.08,0.74,0.0,14:14:00,1003.78,100,1004.0,500,1003.83,100
28925,1.1900000000000002,0.08,1.11,6.98,14:14:06,1003.71,100,1004.0,500,1003.855,100
28993,1.02,0.12,0.9,27.820000000000004,14:15:27,1003.57,300,1003.79,200,1003.6803,200
29006,4.6,3.42,1.18,0.0,14:16:00,1003.6,100,1003.79,200,1003.605,100
29008,0.99,0.14,0.85,2.0,14:16:02,1003.5,1100,1003.68,100,1003.67,100
29039,1.66,0.27,1.39,40.830000000000005,14:16:40,1003.58,200,1003.74,200,1003.74,100
29044,1.3900000000000001,0.14,1.25,0.0,14:17:00,1003.58,200,1003.66,100,1003.62,200
29046,1.24,0.07,1.17,2.62,14:17:02,1003.59,100,1003.66,100,1003.658,200
29047,1.4,0.43,0.97,4.02,14:17:04,1003.58,200,1003.66,200,1003.59,100
29049,1.19,0.23,0.96,6.209999999999999,14:17:06,1003.5,1100,1003.66,200,1003.58,100
29071,0.98,0.26,0.72,32.18999999999999,14:17:32,1003.5,1200,1003.63,100,1003.6,100
29094,1.02,0.07,0.95,54.60999999999999,14:17:54,1003.5,1200,1003.74,100,1003.66,100
29119,1.37,0.33,1.04,19.16,14:18:19,1003.56,300,1003.8,100,1003.68,200
29129,1.0,0.08,0.92,30.55,14:18:30,1003.56,300,1003.72,100,1003.6413,100
29131,1.17,0.24,0.93,32.75,14:18:32,1003.5,1100,1003.63,100,1003.56,300
29134,0.99,0.09,0.9,35.76,14:18:35,1003.52,100,1003.79,200,1003.63,100
29141,0.81,0.07,0.74,41.99,14:18:41,1003.5,1100,1003.7,100,1003.52,100
29148,0.8300000000000001,0.18,0.65,48.38999999999999,14:18:48,1003.5,1000,1003.7,200,1003.5,250
29169,1.02,0.19,0.83,7.209999999999999,14:19:07,1003.5,1000,1003.78,200,1003.51,100
29170,2.61,1.9,0.71,9.819999999999999,14:19:09,1003.33,100,1003.6,200,1003.48,100
29174,0.99,0.18,0.81,13.59,14:19:13,1003.33,100,1003.6,200,1003.36,100
29176,0.99,0.23,0.76,15.4,14:19:15,1003.25,100,1003.6,200,1003.33,100
29178,0.98,0.14,0.84,17.19,14:19:17,1003.25,100,1003.59,200,1003.585,100
29228,1.81,0.07,1.74,0.0,14:20:00,1003.23,100,1003.43,100,1003.25,100
29244,0.6000000000000001,0.07,0.53,15.799999999999997,14:20:15,1003.23,100,1003.41,200,1003.3002,100
29256,0.76,0.07,0.69,23.63000000000001,14:20:23,1003.23,200,1003.4,200,1003.29,100
29288,0.5900000000000001,0.07,0.52,0.0,14:21:00,1003.23,100,1003.4,200,1003.3329,100
29301,4.17,3.74,0.43,10.77,14:21:10,1003.23,300,1003.4,200,1003.2963,100
29310,0.5700000000000001,0.2,0.37,15.78,14:21:15,1003.23,300,1003.4,200,1003.3048,700
29322,0.59,0.08,0.51,26.21,14:21:26,1003.22,100,1003.29,100,1003.2301,1000
29356,0.78,0.22,0.56,46.19000000000002,14:21:46,1003.12,100,1003.34,100,1003.28,100
29362,0.75,0.07,0.68,50.58000000000003,14:21:50,1003.1,500,1003.22,200,1003.1096,3000
29392,2.39,1.8,0.59,0.0,14:22:00,1003.05,100,1003.15,100,1003.1,119
29394,0.57,0.09,0.48,1.0,14:22:01,1003.01,100,1003.14,100,1003.05,100
29406,0.43,0.12,0.31,7.650000000000001,14:22:07,1002.78,200,1003.09,100,1002.87,100
29410,0.59,0.21,0.38,9.82,14:22:09,1002.78,200,1003.09,200,1002.785,100
29414,0.61,0.19,0.42,12.04,14:22:12,1002.78,200,1003.08,100,1002.7801,2000
29418,0.58,0.1,0.48,14.219999999999999,14:22:14,1002.78,300,1003.09,200,1002.99,200
29459,0.5700000000000001,0.2,0.37,35.82000000000001,14:22:35,1002.75,100,1002.95,100,1002.92,100
29463,0.42,0.07,0.35,37.81000000000001,14:22:37,1002.76,300,1002.92,200,1002.75,100
29504,0.43000000000000005,0.09,0.34,15.58,14:23:15,1002.51,300,1002.77,100,1002.73,100
29508,0.43,0.08,0.35,17.800000000000004,14:23:17,1002.03,100,1002.27,100,1002.04,100
29516,0.62,0.3,0.32,22.170000000000005,14:23:22,1002.27,300,1002.48,200,1002.26,115
29519,0.5900000000000001,0.19,0.4,23.770000000000007,14:23:23,1002.05,200,1002.47,100,1002.43,200
29521,0.57,0.08,0.49,24.78000000000001,14:23:24,1002.27,100,1002.48,100,1002.45,200
29523,0.5900000000000001,0.26,0.33,25.97000000000001,14:23:25,1002.27,300,1002.48,100,1002.32,100
29542,0.5700000000000001,0.07,0.5,35.95,14:23:35,1002.41,300,1002.7,100,1002.53,100
29572,0.62,0.21,0.41,52.230000000000004,14:23:52,1002.55,300,1002.78,100,1002.585,100
29582,0.6,0.17,0.43,0.0,14:24:00,1002.55,500,1002.78,100,1002.56,200
29586,0.42,0.07,0.35,2.02,14:24:02,1002.55,500,1002.78,100,1002.6,100
29616,0.59,0.15,0.44,24.180000000000007,14:24:24,1002.76,300,1002.89,100,1002.8881,200
29622,0.61,0.14,0.47,28.380000000000003,14:24:28,1002.81,300,1003.13,100,1002.89,200
29653,0.42,0.07,0.35,48.04000000000001,14:24:48,1002.82,200,1003.03,100,1002.9289,505
29671,0.76,0.18,0.58,0.0,14:25:00,1002.86,200,1003.03,100,1003.03,100
29770,0.5900000000000001,0.2,0.39,18.169999999999998,14:26:18,1002.83,200,1002.97,200,1002.9,100
29797,0.6,0.18,0.42,33.74999999999999,14:26:33,1002.99,100,1003.23,300,1003.005,150
29844,0.6000000000000001,0.26,0.34,0.0,14:27:00,1003.2,300,1003.37,100,1003.2,100
29846,0.58,0.15,0.43,1.17,14:27:01,1003.14,100,1003.36,100,1003.14,100
29863,0.57,0.08,0.49,14.939999999999998,14:27:14,1003.08,100,1003.25,100,1003.17,100
29871,0.6,0.15,0.45,19.129999999999995,14:27:19,1003.08,100,1003.25,100,1003.1888,500
29902,0.43,0.08,0.35,36.970000000000006,14:27:36,1003.07,100,1003.25,100,1003.1605,100
29909,0.63,0.08,0.55,40.750000000000014,14:27:40,1003.07,100,1003.25,100,1003.1724,200
30001,0.5800000000000001,0.07,0.51,44.36000000000002,14:28:44,1003.1,200,1003.35,5000,1003.2981,100
30043,0.5900000000000001,0.07,0.52,26.0,14:29:26,1002.8,100,1003.11,100,1002.8,100
30109,0.99,0.37,0.62,4.19,14:30:04,1002.46,100,1002.75,200,1002.71,100
30112,1.78,1.32,0.46,7.17,14:30:07,1002.43,100,1002.75,200,1002.59,100
30119,0.59,0.09,0.5,13.190000000000001,14:30:13,1002.46,100,1002.74,200,1002.5744,200
30130,0.6100000000000001,0.07,0.54,20.020000000000003,14:30:20,1002.45,100,1002.74,200,1002.55,100
30150,0.62,0.15,0.47,32.20000000000001,14:30:32,1002.31,200,1002.74,200,1002.5763,200
30157,0.6000000000000001,0.14,0.46,36.38000000000001,14:30:36,1002.48,100,1002.74,200,1002.49,100
30162,0.61,0.21,0.4,39.390000000000015,14:30:39,1002.53,100,1002.74,100,1002.74,100
30163,0.59,0.16,0.43,39.98000000000002,14:30:39,1002.31,200,1002.74,100,1002.54,200
30179,0.61,0.21,0.4,50.000000000000014,14:30:50,1002.44,100,1002.74,100,1002.5752,200
30196,0.5700000000000001,0.07,0.5,0.0,14:31:00,1002.22,200,1002.57,200,1002.4185,100
30205,0.59,0.08,0.51,5.85,14:31:05,1002.22,100,1002.57,200,1002.44,500
30214,0.6,0.09,0.51,11.67,14:31:11,1002.22,100,1002.54,500,1002.22,100
30218,0.65,0.2,0.45,15.7,14:31:15,1002.04,1000,1002.3,100,1002.19,266
30222,0.6000000000000001,0.07,0.53,18.09,14:31:18,1002.09,100,1002.29,200,1002.135,500
30236,0.59,0.22,0.37,25.870000000000008,14:31:25,1002.04,1100,1002.29,200,1002.0475,200
30277,0.6,0.23,0.37,49.63000000000003,14:31:49,1002.04,1100,1002.25,200,1002.045,100
30281,0.8,0.17,0.63,52.03000000000003,14:31:52,1002.04,1100,1002.25,100,1002.1425,100
30286,0.62,0.09,0.53,0.0,14:32:00,1002.04,1100,1002.25,100,1002.0401,200
30288,2.41,2.0,0.41,3.02,14:32:03,1001.5,100,1001.76,100,1001.7,100
30290,0.6000000000000001,0.14,0.46,4.210000000000001,14:32:04,1001.51,100,1001.76,200,1001.52,100
30295,0.77,0.14,0.63,9.39,14:32:09,1001.51,100,1001.76,200,1001.51,175
30302,0.76,0.13,0.63,14.4,14:32:14,1001.51,100,1001.76,300,1001.69,200
30309,0.75,0.2,0.55,20.169999999999998,14:32:20,1001.51,100,1001.76,300,1001.64,100
30348,0.8099999999999999,0.21,0.6,48.210000000000015,14:32:48,1001.66,100,1001.84,100,1001.79,100
30351,0.77,0.07,0.7,50.39000000000002,14:32:50,1001.75,100,1001.84,100,1001.779,200
30354,0.6,0.21,0.39,52.43000000000002,14:32:52,1001.75,100,1001.85,100,1001.83,100
30367,0.6000000000000001,0.07,0.53,0.0,14:33:00,1001.75,100,1001.9,200,1001.85,100
30370,0.62,0.08,0.54,2.02,14:33:02,1001.75,100,1001.9,200,1001.8415,100
30382,0.8,0.2,0.6,18.42,14:33:18,1001.66,200,1001.89,100,1001.66,200
30390,0.44,0.11,0.33,23.85,14:33:23,1001.66,200,1001.89,100,1001.7179,100
30401,0.81,0.07,0.74,32.47,14:33:32,1001.68,100,1001.88,600,1001.875,100
30406,0.81,0.15,0.66,36.650000000000006,14:33:36,1001.68,100,1001.88,600,1001.88,100
30408,0.81,0.07,0.74,38.25000000000001,14:33:38,1001.69,100,1001.92,100,1001.805,200
30411,0.65,0.15,0.5,40.42000000000001,14:33:40,1001.85,100,1001.98,100,1001.93,100
30416,0.78,0.07,0.71,44.42,14:33:44,1001.66,200,1002.0,100,1002.0,100
30431,0.6000000000000001,0.07,0.53,0.0,14:34:00,1001.75,100,1002.0,200,1001.835,250
30434,0.64,0.21,0.43,1.9900000000000002,14:34:01,1001.76,100,1002.0,300,1001.995,100
30436,0.75,0.25,0.5,6.32,14:34:06,1001.75,100,1002.0,400,1001.97,2000
30439,0.81,0.25,0.56,8.530000000000001,14:34:08,1001.66,1000,1001.8,100,1001.8,100
30442,0.73,0.2,0.53,10.520000000000001,14:34:10,1001.66,1000,1001.8,100,1001.737,300
30479,0.81,0.2,0.61,40.120000000000005,14:34:40,1001.66,1000,1001.99,400,1001.825,125
30485,104.82,104.3,0.52,0.0,14:36:00,1002.06,100,1002.25,100,1002.16,100
30487,0.76,0.23,0.53,1.35,14:36:01,1002.06,100,1002.25,100,1002.1892,300
30507,0.5900000000000001,0.07,0.52,15.57,14:36:15,1002.19,500,1002.33,100,1002.31,100
30510,0.59,0.08,0.51,17.37,14:36:17,1002.26,100,1002.65,100,1002.35,100
30514,0.58,0.08,0.5,19.75,14:36:19,1002.33,200,1002.65,100,1002.39,100
30517,0.62,0.08,0.54,21.39,14:36:21,1002.38,100,1002.65,100,1002.5,101
30524,0.61,0.18,0.43,25.57,14:36:25,1002.33,100,1002.65,100,1002.5028,100
30530,0.6399999999999999,0.07,0.57,29.390000000000004,14:36:29,1002.28,100,1002.69,200,1002.51,100
30538,3.0700000000000003,2.52,0.55,0.0,14:37:00,1002.36,100,1002.69,100,1002.69,496
30543,0.63,0.08,0.55,3.57,14:37:03,1002.36,100,1002.52,100,1002.36,100
30568,0.7899999999999999,0.09,0.7,22.130000000000003,14:37:22,1002.34,100,1002.52,100,1002.435,100
30580,0.81,0.14,0.67,31.539999999999996,14:37:31,1002.19,200,1002.48,100,1002.37,100
30583,0.62,0.14,0.48,33.72999999999999,14:37:33,1002.27,100,1002.48,100,1002.4069,499
30607,0.64,0.08,0.56,51.55999999999999,14:37:51,1002.44,200,1002.48,100,1002.48,100
30610,0.96,0.18,0.78,0.0,14:38:00,1002.37,100,1002.53,100,1002.47,100
30612,1.0,0.2,0.8,1.84,14:38:01,1002.37,100,1002.53,100,1002.46,100
30642,0.6200000000000001,0.07,0.55,29.450000000000003,14:38:29,1002.19,100,1002.42,300,1002.3093,100
30648,0.74,0.13,0.61,33.39000000000001,14:38:33,1001.99,200,1002.42,100,1002.2,100
30667,0.77,0.2,0.57,45.42000000000002,14:38:45,1002.01,300,1002.42,100,1002.2651,778
30719,0.59,0.17,0.42,0.0,14:39:00,1002.01,100,1002.29,500,1002.15,100
30755,0.5900000000000001,0.07,0.52,21.74,14:39:21,1001.99,300,1002.35,100,1002.34,100
30798,0.79,0.24,0.55,1.37,14:40:01,1002.0,100,1002.39,100,1002.1961,300
30846,0.8,0.26,0.54,37.959999999999994,14:40:37,1002.0,100,1002.29,100,1002.0007,100
30851,0.78,0.18,0.6,41.76,14:40:41,1001.89,200,1002.27,100,1001.9,100
30867,2.4,1.92,0.48,0.0,14:41:00,1001.9,400,1002.27,100,1001.91,100
30872,0.61,0.22,0.39,3.04,14:41:03,1001.9,400,1002.27,100,1002.0830000000001,499
30882,0.5900000000000001,0.07,0.52,13.41,14:41:13,1001.9,500,1002.25,200,1002.01,100
30890,0.8300000000000001,0.28,0.55,19.82,14:41:19,1001.72,300,1002.07,200,1001.89,200
30898,0.77,0.25,0.52,25.589999999999996,14:41:25,1001.72,300,1001.97,100,1001.845,100
30903,0.62,0.08,0.54,29.22,14:41:29,1001.73,200,1001.97,200,1001.96,100
30911,0.6300000000000001,0.07,0.56,34.980000000000004,14:41:34,1001.73,300,1002.0,200,1001.84,300
30973,0.76,0.08,0.68,13.629999999999999,14:42:13,1001.91,100,1002.06,100,1001.985,100
30979,0.79,0.14,0.65,18.46,14:42:18,1001.91,100,1002.1,100,1002.025,100
30990,0.6000000000000001,0.07,0.53,25.64,14:42:25,1001.95,100,1002.14,100,1001.95,100
31003,0.5800000000000001,0.07,0.51,33.61,14:42:33,1001.67,100,1002.14,100,1001.74,100
31050,0.6,0.22,0.38,2.2,14:43:02,1001.74,100,1001.87,100,1001.73,100
31060,0.43,0.12,0.31,7.610000000000001,14:43:07,1001.63,100,1001.92,200,1001.775,100
31131,0.79,0.07,0.72,16.619999999999997,14:44:16,1001.5,1000,1001.72,100,1001.5756,270
31137,0.6200000000000001,0.07,0.55,20.61,14:44:20,1001.5,1000,1001.72,100,1001.71,100
31142,0.64,0.17,0.47,24.220000000000002,14:44:24,1001.55,100,1001.76,100,1001.72,100
31143,0.75,0.08,0.67,24.970000000000002,14:44:24,1001.51,100,1001.77,100,1001.76,100
31155,0.77,0.07,0.7,33.56000000000001,14:44:33,1001.51,100,1001.67,100,1001.6,100
31172,0.8099999999999999,0.21,0.6,46.24000000000001,14:44:46,1001.69,200,1002.11,100,1001.8278,100
31189,0.6,0.08,0.52,0.0,14:45:00,1001.52,200,1001.89,100,1001.55,160
31208,0.62,0.08,0.54,15.799999999999997,14:45:15,1001.51,100,1001.87,100,1001.7439999999999,500
31238,0.8200000000000001,0.07,0.75,39.18000000000001,14:45:39,1001.41,100,1001.78,100,1001.65,100
31296,0.78,0.07,0.71,25.970000000000002,14:46:25,1001.4,100,1001.72,100,1001.54,100
31309,0.77,0.07,0.7,35.56,14:46:35,1001.41,100,1001.71,100,1001.4933,150
31315,0.77,0.17,0.6,39.930000000000014,14:46:39,1001.5,100,1001.71,100,1001.5011,100
31318,0.6399999999999999,0.07,0.57,42.000000000000014,14:46:42,1001.5,100,1001.72,300,1001.5,100
31369,7.77,7.34,0.43,31.0,14:47:31,1001.59,100,1001.82,200,1001.68,100
31370,0.6,0.17,0.43,31.6,14:47:31,1001.59,100,1001.82,200,1001.8012,100
31393,0.5700000000000001,0.07,0.5,44.789999999999985,14:47:44,1001.59,100,1001.82,100,1001.7054,100
31401,0.43,0.12,0.31,48.829999999999984,14:47:48,1001.59,100,1001.82,100,1001.82,132
31428,0.43,0.07,0.36,0.0,14:48:00,1001.77,100,1002.02,100,1001.9725,249
31435,0.61,0.15,0.46,8.21,14:48:08,1001.77,100,1002.04,100,1001.9055,100
31441,0.6,0.21,0.39,12.22,14:48:12,1001.77,100,1002.04,100,1001.99,100
31459,0.43,0.07,0.36,22.22,14:48:22,1001.68,100,1001.96,100,1001.77,100
31489,0.5700000000000001,0.13,0.44,38.410000000000004,14:48:38,1001.62,100,1001.95,100,1001.7866,200
31519,0.45,0.14,0.31,0.0,14:49:00,1001.63,100,1001.95,100,1001.67,100
31541,0.77,0.09,0.68,20.379999999999995,14:49:20,1001.59,200,1001.94,200,1001.59,100
31570,0.58,0.09,0.49,38.199999999999996,14:49:38,1001.62,100,1001.94,100,1001.8152,100
31574,0.43,0.07,0.36,40.22,14:49:40,1001.5,100,1001.74,100,1001.7399,206
31608,0.5700000000000001,0.14,0.43,0.0,14:50:00,1001.5,100,1001.74,100,1001.62,100
31616,3.81,3.33,0.48,11.420000000000002,14:50:11,1001.36,100,1001.71,100,1001.297,100
31617,1.7400000000000002,1.12,0.62,13.160000000000002,14:50:13,1001.03,100,1001.32,100,1001.3,491
31619,1.02,0.44,0.58,14.990000000000002,14:50:14,1001.13,100,1001.35,100,1001.035,100
31620,0.62,0.23,0.39,15.610000000000001,14:50:15,1001.13,100,1001.37,100,1001.35,189
31622,2.1799999999999997,1.39,0.79,18.990000000000002,14:50:18,1001.13,100,1001.43,100,1001.37,100
31627,0.77,0.27,0.5,22.59,14:50:22,1001.13,100,1001.75,100,1001.43,100
31648,0.83,0.23,0.6,38.629999999999995,14:50:38,1001.12,100,1001.5,100,1001.31,100
31650,0.79,0.14,0.65,40.16,14:50:40,1001.12,100,1001.5,100,1001.135,100
31661,0.8,0.24,0.56,48.790000000000006,14:50:48,1001.12,100,1001.5,100,1001.3348,400
31671,0.62,0.14,0.48,56.17,14:50:56,1001.28,300,1001.5,100,1001.3896,100
31674,0.64,0.15,0.49,0.0,14:51:00,1001.03,100,1001.49,200,1001.03,200
31677,0.76,0.2,0.56,2.37,14:51:02,1001.03,100,1001.48,200,1001.16,100
31692,0.6000000000000001,0.14,0.46,17.18,14:51:17,1001.03,100,1001.42,100,1001.2257,120
31696,0.76,0.09,0.67,22.34,14:51:22,1001.03,100,1001.38,100,1001.2194,100
31715,0.79,0.19,0.6,36.360000000000014,14:51:36,1001.2,200,1001.38,100,1001.29,100
31754,0.5800000000000001,0.07,0.51,0.0,14:52:00,1001.21,200,1001.41,100,1001.311,162
31769,3.77,3.14,0.63,12.41,14:52:12,1001.21,200,1001.42,200,1001.27,100
31776,3.17,2.64,0.53,20.39,14:52:20,1001.4,200,1001.56,1800,1001.47,100
31783,0.5800000000000001,0.07,0.51,23.990000000000002,14:52:23,1001.48,100,1001.72,1800,1001.56,100
31798,0.59,0.18,0.41,32.02000000000001,14:52:32,1001.42,100,1001.6,900,1001.48,100
31801,0.57,0.09,0.48,33.79000000000001,14:52:33,1001.42,100,1001.6,900,1001.46,100
31848,0.6000000000000001,0.07,0.53,0.0,14:53:00,1001.23,100,1001.58,100,1001.42,900
31875,0.64,0.2,0.44,22.01,14:53:22,1001.4,100,1001.55,500,1001.4123,100
31886,0.61,0.08,0.53,29.63,14:53:29,1001.23,500,1001.55,500,1001.3922,100
31908,0.78,0.1,0.68,43.94000000000002,14:53:43,1001.29,100,1001.56,900,1001.5599,100
31966,0.43,0.07,0.36,0.0,14:54:00,1001.35,200,1001.44,100,1001.3501,100
31996,0.63,0.08,0.55,20.139999999999993,14:54:20,1001.35,100,1001.45,300,1001.4499,188
31999,0.82,0.23,0.59,22.519999999999992,14:54:22,1001.36,200,1001.5,100,1001.45,100
32023,0.76,0.18,0.58,3.5300000000000002,14:55:03,1001.43,100,1001.56,600,1001.49,200
32051,0.78,0.07,0.71,29.500000000000004,14:55:29,1001.5,1000,1001.56,1400,1001.53,100
32054,0.6,0.22,0.38,31.550000000000004,14:55:31,1001.5,1000,1001.57,200,1001.58,100
32056,47.769999999999996,47.23,0.54,0.0,14:56:00,1001.53,100,1001.84,100,1001.61,100
32085,0.76,0.14,0.62,19.37,14:56:19,1001.68,100,1001.92,100,1001.7379,100
32088,0.66,0.21,0.45,21.410000000000004,14:56:21,1001.67,100,1001.92,100,1001.8062,300
32118,0.8,0.2,0.6,3.3899999999999997,14:57:03,1001.69,100,1001.92,100,1001.795,100
32170,0.5900000000000001,0.07,0.52,41.85000000000001,14:57:41,1001.73,100,1001.89,100,1001.8739999999999,711
32230,0.5599999999999999,0.15,0.41,26.01,14:58:26,1001.81,100,1001.96,100,1001.81,100
32249,0.6000000000000001,0.07,0.53,38.2,14:58:38,1001.84,200,1002.02,100,1001.98,100
32283,0.5700000000000001,0.13,0.44,0.0,14:59:00,1001.93,100,1002.04,100,1001.9944,800
32293,0.61,0.23,0.38,8.25,14:59:08,1002.02,100,1002.18,100,1002.06,100
32295,2.38,1.76,0.62,11.219999999999999,14:59:11,1001.95,100,1002.24,300,1002.18,100
32296,0.63,0.16,0.47,11.85,14:59:11,1002.2,100,1002.31,100,1002.2144,458
