,Total Delay,Request Delay,Saving Delay,Arrival Time,Time,Bid,Bid Size,Ask,Ask Size,Last Price,Last Size
0,0.6499999999999999,0.3,0.35,0.6499999999999999,09:30:00,62.0,200,62.1,300,62.0,100
6,0.28,0.08,0.2,2.6000000000000005,09:30:02,62.0,200,62.1,300,62.01,100
12,0.35,0.16,0.19,4.76,09:30:04,61.94,100,62.01,600,62.02,100
22,0.3,0.08,0.22,8.47,09:30:08,61.96,100,62.0,500,61.96,100
28,0.5800000000000001,0.27,0.31,10.940000000000001,09:30:10,61.96,100,62.0,500,61.97,100
32,0.43,0.21,0.22,12.59,09:30:12,61.92,200,61.99,100,61.95,100
37,0.44,0.21,0.23,14.589999999999998,09:30:14,61.88,1100,61.94,100,61.9062,180
42,0.32,0.07,0.25,16.54,09:30:16,61.86,100,61.91,100,61.88,400
51,0.4,0.18,0.22,1.98,09:31:01,61.95,200,61.97,100,61.955,100
57,0.46,0.23,0.23,5.4399999999999995,09:31:05,61.95,200,61.97,300,61.963,1000
65,0.31,0.07,0.24,9.980000000000002,09:31:09,61.92,200,61.97,300,61.93,100
69,0.42,0.21,0.21,12.030000000000003,09:31:12,61.92,200,61.97,300,61.92,100
127,0.6000000000000001,0.27,0.33,38.210000000000015,09:31:38,61.93,100,61.94,200,61.94,100
200,2.27,2.05,0.22,5.74,09:32:05,61.9,300,61.91,100,61.9,100
206,0.24000000000000002,0.07,0.17,13.850000000000001,09:32:13,61.81,300,61.85,500,61.81,100
226,0.25,0.08,0.17,21.56,09:32:21,61.81,300,61.83,400,61.8233,100
234,0.23,0.07,0.16,23.889999999999997,09:32:23,61.78,300,61.81,100,61.78,200
258,0.39,0.22,0.17,32.28999999999999,09:32:32,61.76,600,61.8,300,61.76,100
276,0.24000000000000002,0.07,0.17,38.11999999999998,09:32:38,61.72,100,61.78,100,61.74,140
283,0.25,0.09,0.16,40.08999999999999,09:32:40,61.71,300,61.73,200,61.72,100
287,0.32,0.15,0.17,41.459999999999994,09:32:41,61.71,300,61.73,200,61.71,100
295,0.33999999999999997,0.18,0.16,44.1,09:32:44,61.73,200,61.75,200,61.77,100
300,0.36,0.19,0.17,45.620000000000005,09:32:45,61.75,200,61.77,100,61.75,200
325,0.25,0.07,0.18,54.3,09:32:54,61.71,300,61.75,300,61.742,100
362,2.69,2.48,0.21,15.239999999999998,09:33:15,61.61,500,61.65,200,61.63,100
370,0.66,0.28,0.38,18.32,09:33:18,61.61,300,61.64,100,61.61,100
387,0.42000000000000004,0.22,0.2,24.35,09:33:24,61.61,300,61.63,100,61.62,100
464,0.39,0.17,0.22,50.59,09:33:50,61.66,500,61.7,200,61.6375,100
470,0.41000000000000003,0.19,0.22,52.580000000000005,09:33:52,61.66,300,61.72,200,61.66,100
481,0.24000000000000002,0.07,0.17,0.24000000000000002,09:34:00,61.65,400,61.73,100,61.65,100
486,0.25,0.07,0.18,2.14,09:34:02,61.66,500,61.73,100,61.69,100
492,0.34,0.14,0.2,4.010000000000001,09:34:04,61.67,300,61.73,100,61.67,100
509,2.14,1.95,0.19,13.379999999999999,09:34:13,61.62,100,61.67,200,61.64,100
594,0.38,0.14,0.24,52.279999999999994,09:34:52,61.8,700,61.86,100,61.8448,1400
600,0.35000000000000003,0.08,0.27,54.38999999999999,09:34:54,61.81,700,61.87,300,61.8699,100
614,0.38,0.08,0.3,0.0,09:35:00,61.86,100,61.91,100,61.86,186
622,3.44,3.13,0.31,9.790000000000001,09:35:09,61.7,300,61.77,100,61.7,1000
641,0.4,0.18,0.22,22.53,09:35:22,61.75,300,61.81,900,61.751000000000005,100
647,0.43000000000000005,0.16,0.27,24.77,09:35:24,61.76,100,61.81,100,61.7305,100
668,0.26,0.07,0.19,32.669999999999995,09:35:32,61.78,100,61.83,900,61.82,100
689,0.28,0.07,0.21,40.66000000000001,09:35:40,61.83,200,61.91,100,61.84,100
690,0.33,0.08,0.25,40.99000000000001,09:35:40,61.83,1100,61.91,100,61.8703,101
701,0.26,0.08,0.18,44.800000000000004,09:35:44,61.91,100,61.95,200,61.91,100
749,0.35,0.18,0.17,59.09000000000002,09:35:59,61.93,1000,61.99,100,61.9424,100
822,0.30000000000000004,0.07,0.23,28.769999999999996,09:36:28,61.98,100,62.02,300,61.99,100
892,0.5,0.24,0.26,7.7299999999999995,09:37:07,61.85,200,61.93,100,61.885,200
893,0.28,0.07,0.21,8.01,09:37:08,61.86,3600,61.93,100,61.928999999999995,100
897,1.12,0.75,0.37,10.34,09:37:10,61.88,300,61.93,100,61.881,200
922,0.43,0.08,0.35,26.13,09:37:26,61.86,200,61.93,900,61.87,100
1007,0.48000000000000004,0.2,0.28,4.16,09:38:04,61.88,200,61.95,200,61.89,100
1018,0.6000000000000001,0.27,0.33,13.870000000000003,09:38:13,61.78,100,61.82,100,61.8,100
1023,0.39,0.11,0.28,15.890000000000002,09:38:15,61.78,100,61.82,200,61.8064,400
1080,0.46,0.23,0.23,42.17999999999999,09:38:42,61.76,100,61.8,100,61.7776,200
1117,0.62,0.27,0.35,57.899999999999984,09:38:57,61.76,100,61.79,300,61.79,100
1118,0.37,0.13,0.24,58.26999999999998,09:38:58,61.76,100,61.79,300,61.775,100
1137,0.31,0.08,0.23,6.22,09:39:06,61.8,100,61.81,200,61.805,200
1156,0.27,0.07,0.2,15.89,09:39:15,61.75,300,61.79,100,61.7884,100
1226,0.27,0.08,0.19,46.11000000000003,09:39:46,61.67,100,61.74,300,61.705,10000
1232,0.28,0.07,0.21,48.11000000000003,09:39:48,61.67,200,61.74,300,61.739,300
1277,0.46,0.2,0.26,8.22,09:40:08,61.68,100,61.69,100,61.68,100
1434,0.97,0.67,0.3,16.779999999999998,09:41:16,61.67,200,61.7,100,61.685,100
1493,0.38,0.21,0.17,40.379999999999995,09:41:40,61.66,200,61.68,300,61.6601,100
1533,0.41000000000000003,0.17,0.24,56.15999999999999,09:41:56,61.64,300,61.67,100,61.655,1500
1606,0.48,0.22,0.26,32.43999999999999,09:42:32,61.67,100,61.7,200,61.67100000000001,125
1686,0.31,0.07,0.24,7.8999999999999995,09:43:07,61.68,200,61.71,200,61.6575,500
1700,0.31,0.1,0.21,15.680000000000003,09:43:15,61.75,100,61.77,800,61.765,100
1746,0.31,0.08,0.23,35.91,09:43:35,61.79,1800,61.82,100,61.785,800
1837,1.29,1.03,0.26,3.22,09:44:03,61.77,100,61.8,1500,61.782,160
1910,0.34,0.14,0.2,32.49,09:44:32,61.81,100,61.85,400,61.825,500
1966,0.42000000000000004,0.19,0.23,3.9000000000000004,09:45:03,61.78,200,61.81,200,61.795,100
1972,1.42,1.15,0.27,12.809999999999999,09:45:12,61.83,200,61.86,100,61.85,100
2020,0.47,0.26,0.21,34.12000000000001,09:45:34,61.79,200,61.83,100,61.815,300
2041,0.5700000000000001,0.25,0.32,42.17000000000001,09:45:42,61.87,100,61.88,100,61.879,300
2056,0.51,0.28,0.23,47.91000000000001,09:45:47,61.81,100,61.87,400,61.83,100
2076,0.34,0.07,0.27,55.92000000000001,09:45:55,61.8,300,61.85,400,61.8324,160
2227,0.25,0.07,0.18,0.0,09:47:00,61.86,200,61.89,100,61.875,100
2267,0.36,0.18,0.18,20.129999999999995,09:47:20,61.92,300,61.95,400,61.9302,2450
2300,0.54,0.2,0.34,32.56999999999999,09:47:32,61.99,200,62.0,100,61.9999,100
2315,0.25,0.07,0.18,38.16,09:47:38,61.97,200,62.0,300,61.9804,100
2328,0.3,0.09,0.21,42.06999999999999,09:47:42,61.96,600,61.99,200,61.975,100
2343,0.5900000000000001,0.27,0.32,48.38999999999999,09:47:48,61.95,300,61.98,200,61.965,100
2358,0.36000000000000004,0.08,0.28,54.33999999999999,09:47:54,61.99,200,62.0,100,61.9901,129
2383,0.44,0.26,0.18,3.8000000000000003,09:48:03,61.98,400,62.0,200,61.98,100
2496,0.41000000000000003,0.21,0.2,49.73,09:48:49,61.97,400,61.99,500,61.9813,200
2550,2.28,1.94,0.34,20.35,09:49:20,61.98,100,62.0,500,61.985,100
2616,0.33,0.07,0.26,47.74,09:49:47,62.02,200,62.08,100,62.0369,300
2649,0.45999999999999996,0.22,0.24,0.0,09:50:00,62.02,200,62.06,200,62.0377,100
2700,0.27,0.07,0.2,28.060000000000002,09:50:28,61.98,400,62.0,200,61.9801,200
2796,0.33,0.13,0.2,7.980000000000001,09:51:07,61.94,200,61.96,200,61.9488,300
2836,0.44,0.2,0.24,27.890000000000004,09:51:27,61.94,100,61.96,300,61.9599,165
2992,0.39,0.19,0.2,29.950000000000003,09:52:29,61.93,300,61.94,100,61.935,100
3312,0.43,0.24,0.19,37.95,09:54:37,62.02,300,62.04,500,62.03,100
3342,0.33,0.17,0.16,47.60000000000002,09:54:47,62.0,400,62.03,300,62.015,100
3439,0.28,0.08,0.2,20.880000000000003,09:55:20,62.0,200,62.02,300,62.0001,100
3554,0.52,0.22,0.3,18.19,09:56:18,62.0,200,62.02,500,62.0076,275
3558,0.58,0.23,0.35,20.18,09:56:20,62.0,200,62.02,500,62.005,700
3677,1.35,1.06,0.29,17.03,09:57:17,61.93,200,61.96,100,61.945,1000
3990,0.25,0.07,0.18,20.370000000000008,09:59:20,61.98,300,61.99,200,61.9875,200
4045,0.4,0.19,0.21,38.800000000000004,09:59:38,61.96,100,61.98,200,61.961000000000006,100
4145,0.45000000000000007,0.17,0.28,32.290000000000006,10:00:32,61.98,400,62.02,200,61.983999999999995,534
4193,0.6799999999999999,0.2,0.48,54.37999999999998,10:00:54,62.05,200,62.06,200,62.06,100
4196,0.74,0.17,0.57,56.49999999999998,10:00:56,62.05,300,62.06,200,62.055,100
4199,0.48000000000000004,0.08,0.4,58.39999999999997,10:00:58,62.03,300,62.05,200,62.05,100
4206,0.5,0.12,0.38,0.0,10:01:00,62.03,400,62.04,400,62.04,100
4223,0.41000000000000003,0.18,0.23,11.91,10:01:11,62.07,200,62.1,200,62.1,100
4227,0.28,0.08,0.2,13.95,10:01:13,62.07,200,62.11,400,62.09,300
4235,0.26,0.07,0.19,18.360000000000003,10:01:18,62.0,200,62.02,100,62.019,100
4256,0.29000000000000004,0.09,0.2,25.52,10:01:25,62.03,100,62.05,200,62.049,100
4353,0.35,0.18,0.17,0.0,10:02:00,62.06,200,62.08,300,62.07,100
4360,0.26,0.08,0.18,1.9700000000000002,10:02:01,62.08,300,62.09,700,62.075,100
4380,4.4399999999999995,4.26,0.18,20.14,10:02:20,62.06,100,62.08,100,62.08,169
4421,0.27,0.07,0.2,34.07,10:02:34,62.1,200,62.13,600,62.11,100
4427,0.38,0.18,0.2,36.01,10:02:36,62.11,200,62.13,300,62.12,100
4443,0.28,0.08,0.2,41.94000000000001,10:02:41,62.08,100,62.1,200,62.095,100
4505,0.26,0.07,0.19,3.75,10:03:03,62.11,200,62.12,100,62.1085,100
4514,1.45,1.22,0.23,7.870000000000002,10:03:07,62.11,600,62.13,300,62.1101,100
4529,0.26,0.08,0.18,13.740000000000004,10:03:13,62.11,500,62.12,100,62.1102,100
4536,0.25,0.08,0.17,18.530000000000005,10:03:18,62.13,200,62.14,100,62.13,200
4538,2.86,2.63,0.23,21.700000000000003,10:03:21,62.13,200,62.15,200,62.135,200
4539,0.25,0.07,0.18,21.950000000000003,10:03:21,62.14,100,62.15,100,62.14,100
4569,0.28,0.07,0.21,31.81000000000001,10:03:31,62.15,400,62.17,200,62.16,198
4608,0.24000000000000002,0.07,0.17,43.650000000000006,10:03:43,62.16,300,62.18,200,62.18,100
4652,0.24000000000000002,0.07,0.17,57.85,10:03:57,62.17,100,62.19,100,62.17,300
4672,3.85,3.52,0.33,9.709999999999999,10:04:09,62.17,300,62.2,300,62.1806,200
4675,0.32,0.07,0.25,12.23,10:04:12,62.16,300,62.19,100,62.19,100
4680,0.36,0.14,0.22,14.169999999999998,10:04:14,62.16,300,62.2,100,62.175,100
4691,0.26,0.07,0.19,20.12,10:04:20,62.17,300,62.2,200,62.2,100
4707,0.39,0.11,0.28,26.360000000000003,10:04:26,62.2,400,62.23,300,62.23,200
4722,0.27,0.07,0.2,32.25000000000001,10:04:32,62.2,700,62.22,500,62.22,100
4727,0.47000000000000003,0.27,0.2,34.14,10:04:34,62.2,700,62.22,500,62.21,100
4797,0.33,0.07,0.26,1.56,10:05:01,62.22,600,62.24,200,62.24,100
4798,0.6100000000000001,0.27,0.34,2.17,10:05:02,62.24,400,62.26,400,62.25,100
4812,0.49,0.2,0.29,10.06,10:05:10,62.25,200,62.27,100,62.26,204
4819,2.35,1.95,0.4,14.32,10:05:14,62.24,600,62.27,100,62.255,100
4828,0.48,0.23,0.25,19.73,10:05:19,62.24,500,62.25,800,62.248999999999995,100
4907,0.42000000000000004,0.22,0.2,47.82999999999997,10:05:47,62.22,600,62.23,200,62.225,100
4956,0.25,0.08,0.17,22.000000000000004,10:06:22,62.18,1000,62.19,300,62.205,100
5031,0.36,0.18,0.18,47.980000000000025,10:06:47,62.14,300,62.15,200,62.15,100
5070,0.37,0.18,0.19,0.0,10:07:00,62.1,300,62.13,100,62.1003,1900
5092,0.33,0.17,0.16,13.900000000000002,10:07:13,62.1,200,62.12,100,62.1168,100
5305,0.48,0.21,0.27,35.99,10:08:35,62.04,400,62.08,300,62.0501,100
5391,0.45999999999999996,0.22,0.24,18.130000000000003,10:09:18,62.03,200,62.05,200,62.0395,100
5614,0.26,0.07,0.19,31.950000000000003,10:13:31,61.91,300,61.93,200,61.9136,100
5805,0.24000000000000002,0.07,0.17,45.770000000000024,10:14:45,61.86,400,61.88,600,61.8716,100
5866,0.30000000000000004,0.07,0.23,0.0,10:15:00,61.83,100,61.85,300,61.8489,100
5902,0.41000000000000003,0.23,0.18,15.249999999999998,10:15:15,61.81,200,61.83,200,61.8128,2000
5933,0.31,0.15,0.16,25.150000000000002,10:15:25,61.82,300,61.84,500,61.8316,1000
6088,0.4,0.18,0.22,40.11000000000001,10:16:40,61.73,200,61.76,300,61.73,100
6122,0.63,0.24,0.39,52.08000000000002,10:16:52,61.73,200,61.75,200,61.7454,600
6197,0.51,0.23,0.28,30.410000000000007,10:17:30,61.76,300,61.78,200,61.7668,100
6379,0.42000000000000004,0.19,0.23,22.569999999999993,10:19:22,61.68,500,61.7,200,61.70399999999999,300
6389,0.44999999999999996,0.24,0.21,26.359999999999996,10:19:26,61.68,500,61.7,200,61.6972,2000
6536,34.309999999999995,34.08,0.23,0.0,10:21:00,61.75,400,61.76,200,61.75899999999999,100
6573,0.47,0.1,0.37,18.409999999999993,10:21:18,61.75,300,61.77,300,61.7609,315
6580,0.44,0.19,0.25,21.949999999999996,10:21:21,61.75,400,61.77,400,61.7572,520
6585,0.31,0.07,0.24,23.889999999999997,10:21:23,61.77,400,61.78,200,61.7799,253
6612,0.6000000000000001,0.27,0.33,0.0,10:22:00,61.75,900,61.77,200,61.769,200
6618,0.62,0.23,0.39,3.84,10:22:03,61.75,800,61.77,300,61.7699,345
6635,0.5,0.18,0.32,15.61,10:22:15,61.75,800,61.77,500,61.7689,100
6643,0.5700000000000001,0.24,0.33,21.770000000000003,10:22:21,61.75,800,61.77,500,61.768,100
6653,0.47000000000000003,0.08,0.39,26.480000000000004,10:22:26,61.75,800,61.76,300,61.755,100
6925,0.33999999999999997,0.09,0.25,31.989999999999988,10:24:31,61.74,700,61.76,200,61.7427,150
7067,0.32,0.07,0.25,54.10999999999996,10:25:54,61.68,600,61.71,300,61.695,100
7151,0.61,0.19,0.42,27.229999999999997,10:26:27,61.68,300,61.7,700,61.6802,185
7188,0.36,0.19,0.17,0.91,10:27:00,61.72,500,61.73,400,61.725,100
7483,0.27,0.08,0.19,29.740000000000006,10:29:29,61.8,200,61.81,100,61.809,110
7542,0.36,0.19,0.17,49.620000000000026,10:29:49,61.8,500,61.82,300,61.8071,600
7571,0.55,0.24,0.31,0.0,10:30:00,61.79,200,61.81,200,61.8002,140
8017,0.47000000000000003,0.14,0.33,34.31000000000001,10:34:34,61.77,600,61.78,100,61.778999999999996,100
8095,0.5900000000000001,0.28,0.31,15.81,10:35:15,61.79,300,61.8,300,61.7933,396
8121,0.47000000000000003,0.08,0.39,32.07,10:35:32,61.79,800,61.8,400,61.7946,150
8263,0.59,0.16,0.43,19.919999999999998,10:37:19,61.74,100,61.75,600,61.735,100
8357,0.45,0.07,0.38,24.23,10:38:24,61.75,500,61.76,600,61.7556,323
8395,0.5700000000000001,0.07,0.5,45.98,10:38:45,61.74,200,61.75,600,61.7476,100
8418,0.75,0.08,0.67,2.73,10:39:02,61.74,300,61.75,100,61.7432,340
8461,0.7799999999999999,0.08,0.7,37.7,10:39:37,61.71,200,61.72,200,61.7146,150
8493,0.79,0.07,0.72,6.409999999999999,10:40:06,61.71,100,61.72,400,61.717,162
8506,0.8,0.07,0.73,22.119999999999997,10:40:22,61.72,300,61.73,200,61.7247,300
8517,0.76,0.21,0.55,30.32,10:40:30,61.71,500,61.73,400,61.729,900
8541,0.5900000000000001,0.14,0.45,45.700000000000024,10:40:45,61.71,500,61.73,400,61.7188,1000
8554,0.77,0.38,0.39,53.680000000000035,10:40:53,61.68,200,61.69,400,61.6801,400
8562,0.59,0.08,0.51,58.070000000000036,10:40:58,61.67,300,61.68,700,61.675,100
8588,0.62,0.19,0.43,20.020000000000003,10:41:20,61.64,200,61.65,400,61.6449,200
8598,0.59,0.21,0.38,25.83,10:41:25,61.61,400,61.62,600,61.6201,100
8608,0.64,0.19,0.45,32.019999999999996,10:41:32,61.61,300,61.62,900,61.619,100
8611,0.5700000000000001,0.07,0.5,33.8,10:41:33,61.59,100,61.6,500,61.59,541
8618,0.5700000000000001,0.07,0.5,37.98,10:41:37,61.57,200,61.59,600,61.57,1000
8635,0.5900000000000001,0.14,0.45,47.61,10:41:47,61.6,700,61.61,200,61.6,100
8641,0.5900000000000001,0.07,0.52,50.99,10:41:50,61.6,300,61.61,200,61.6001,195
8646,0.5800000000000001,0.07,0.51,53.81,10:41:53,61.59,1100,61.61,200,61.6092,500
8682,3.02,2.54,0.48,16.88,10:42:16,61.6,100,61.61,400,61.6025,600
8712,0.46,0.08,0.38,37.910000000000004,10:42:37,61.55,100,61.56,200,61.56,100
8722,0.5700000000000001,0.07,0.5,43.48000000000001,10:42:43,61.55,200,61.56,200,61.5501,150
8726,0.45,0.08,0.37,45.71000000000001,10:42:45,61.55,200,61.56,200,61.555,100
8743,0.78,0.23,0.55,55.84000000000002,10:42:55,61.53,600,61.54,100,61.54,100
8749,0.63,0.08,0.55,0.0,10:43:00,61.51,600,61.53,300,61.52,100
8758,0.76,0.22,0.54,5.96,10:43:05,61.53,200,61.54,300,61.53,100
8777,0.65,0.13,0.52,21.63,10:43:21,61.52,200,61.53,200,61.525,100
8789,0.8099999999999999,0.21,0.6,30.59,10:43:30,61.51,500,61.52,100,61.5137,700
8791,0.6399999999999999,0.07,0.57,32.03,10:43:32,61.51,600,61.52,100,61.515,100
8823,0.59,0.08,0.51,53.770000000000024,10:43:53,61.51,600,61.52,400,61.5126,1012
8829,0.75,0.18,0.57,57.75000000000002,10:43:57,61.51,600,61.52,500,61.5144,1000
8845,0.59,0.21,0.38,0.0,10:44:00,61.5,1500,61.51,200,61.51,100
8848,1.4,0.92,0.48,2.58,10:44:02,61.47,300,61.48,600,61.485,100
8849,0.61,0.22,0.39,3.19,10:44:03,61.47,100,61.48,200,61.48,100
8850,0.58,0.08,0.5,3.77,10:44:03,61.47,200,61.48,500,61.4708,100
8851,0.6100000000000001,0.07,0.54,4.38,10:44:04,61.47,200,61.48,600,61.47,100
8866,0.76,0.07,0.69,16.36,10:44:16,61.48,1100,61.49,100,61.49,100
8895,0.5800000000000001,0.07,0.51,34.13999999999999,10:44:34,61.44,100,61.46,100,61.45,100
8902,0.45,0.14,0.31,37.98,10:44:37,61.44,200,61.46,200,61.4491,200
8912,0.44,0.07,0.37,43.79,10:44:43,61.43,100,61.45,300,61.44,100
8919,0.44,0.07,0.37,47.779999999999994,10:44:47,61.42,300,61.45,400,61.4336,150
8937,0.5900000000000001,0.07,0.52,9.36,10:45:09,61.46,100,61.47,600,61.46,100
8972,0.58,0.08,0.5,33.75,10:45:33,61.46,200,61.47,300,61.4648,150
9045,0.5800000000000001,0.07,0.51,18.18,10:46:18,61.45,500,61.46,200,61.4501,300
9057,0.62,0.17,0.45,26.209999999999997,10:46:26,61.42,200,61.44,400,61.43,100
9074,0.79,0.4,0.39,37.83,10:46:37,61.4,300,61.41,200,61.41,100
9080,0.8,0.07,0.73,42.4,10:46:42,61.37,500,61.39,200,61.39,100
9092,0.59,0.18,0.41,50.04000000000001,10:46:50,61.36,100,61.38,300,61.37,100
9105,0.76,0.32,0.44,2.38,10:47:02,61.36,500,61.38,600,61.378,500
9114,0.44,0.12,0.32,12.209999999999999,10:47:12,61.42,300,61.43,400,61.415,100
9132,0.63,0.17,0.46,26.029999999999998,10:47:26,61.39,200,61.4,300,61.395,100
9139,0.58,0.08,0.5,30.029999999999994,10:47:30,61.39,200,61.4,400,61.4,300
9186,0.61,0.18,0.43,58.65,10:47:58,61.42,300,61.43,400,61.425,100
9202,2.9800000000000004,2.45,0.53,9.809999999999999,10:48:09,61.41,200,61.44,300,61.42,100
9246,0.58,0.17,0.41,41.419999999999995,10:48:41,61.4,200,61.41,300,61.405,200
9260,0.5700000000000001,0.24,0.33,49.41,10:48:49,61.38,100,61.39,300,61.38,100
9268,0.5700000000000001,0.07,0.5,53.81999999999999,10:48:53,61.37,300,61.38,400,61.3743,200
9275,0.5700000000000001,0.07,0.5,57.78999999999999,10:48:57,61.35,300,61.37,100,61.35,100
9315,0.62,0.23,0.39,15.97,10:49:15,61.35,200,61.36,100,61.36,100
9333,0.6200000000000001,0.07,0.55,26.750000000000004,10:49:26,61.39,600,61.4,200,61.385,300
9379,0.5900000000000001,0.07,0.52,4.0,10:50:04,61.36,400,61.38,100,61.375,1000
9413,0.5900000000000001,0.07,0.52,29.960000000000015,10:50:29,61.36,200,61.38,100,61.363,114
9456,0.44,0.07,0.37,54.15,10:50:54,61.37,300,61.39,500,61.3816,1000
9570,0.75,0.23,0.52,26.54000000000001,10:52:26,61.33,300,61.35,300,61.34,100
9588,0.64,0.17,0.47,38.610000000000014,10:52:38,61.35,100,61.36,400,61.345,300
9590,0.79,0.2,0.59,40.15000000000001,10:52:40,61.34,100,61.36,400,61.3401,100
9617,0.44,0.07,0.37,58.00000000000004,10:52:58,61.36,300,61.37,500,61.355,100
9668,0.61,0.2,0.41,32.019999999999996,10:53:32,61.32,100,61.34,100,61.33,100
9679,0.5700000000000001,0.07,0.5,38.199999999999996,10:53:38,61.32,100,61.33,600,61.32,650
9689,0.76,0.39,0.37,43.83999999999999,10:53:43,61.3,700,61.32,100,61.31,100
9714,0.56,0.2,0.36,58.04,10:53:58,61.3,100,61.31,200,61.3,200
9756,118.97,118.36,0.61,0.0,10:56:00,61.33,800,61.34,200,61.3399,513
9766,0.46,0.07,0.39,6.6899999999999995,10:56:06,61.33,900,61.34,200,61.335,100
9777,0.75,0.21,0.54,14.42,10:56:14,61.33,900,61.34,300,61.3339,100
9815,0.44,0.08,0.36,3.42,10:57:03,61.33,400,61.34,300,61.339,100
10038,0.5800000000000001,0.07,0.51,32.16000000000001,10:59:32,61.31,200,61.32,600,61.3185,500
10092,4.41,3.87,0.54,0.0,11:00:00,61.3,100,61.31,400,61.305,100
10095,0.79,0.19,0.6,4.9799999999999995,11:00:04,61.31,300,61.32,400,61.315,100
10141,0.59,0.09,0.5,36.56000000000001,11:00:36,61.29,200,61.3,500,61.29,100
10144,0.43,0.12,0.31,38.18000000000001,11:00:38,61.28,2600,61.3,500,61.28,1000
10148,0.6100000000000001,0.27,0.34,40.370000000000005,11:00:40,61.27,100,61.28,300,61.275,100
10151,0.5700000000000001,0.07,0.5,42.150000000000006,11:00:42,61.27,200,61.28,400,61.27,100
10162,0.6100000000000001,0.07,0.54,48.41000000000001,11:00:48,61.26,300,61.28,600,61.26,300
10178,2.75,2.13,0.62,5.57,11:01:05,61.26,100,61.27,300,61.265,100
10186,4.41,3.86,0.55,20.36,11:01:20,61.25,100,61.26,100,61.25,500
10195,0.44,0.11,0.33,25.410000000000004,11:01:25,61.25,100,61.26,200,61.255,100
10203,0.44,0.14,0.3,29.60000000000001,11:01:29,61.25,200,61.26,200,61.254,120
10228,0.61,0.2,0.41,43.379999999999995,11:01:43,61.23,100,61.24,200,61.24,100
10232,0.57,0.08,0.49,45.58,11:01:45,61.21,600,61.24,500,61.23,200
10256,135.06,134.46,0.6,0.0,11:04:00,61.2,700,61.22,400,61.21,200
10267,0.6000000000000001,0.07,0.53,8.15,11:04:08,61.2,700,61.22,300,61.201,500
10270,0.63,0.17,0.46,10.15,11:04:10,61.2,700,61.22,300,61.22,100
10285,0.96,0.36,0.6,20.73,11:04:20,61.19,100,61.2,100,61.2,400
10296,0.6000000000000001,0.14,0.46,28.11,11:04:28,61.16,200,61.18,400,61.18,100
10303,0.65,0.21,0.44,32.54,11:04:32,61.16,300,61.17,100,61.17,100
10306,0.59,0.09,0.5,34.330000000000005,11:04:34,61.15,100,61.17,500,61.16,100
10318,0.77,0.23,0.54,42.48000000000002,11:04:42,61.13,400,61.16,300,61.14,100
10321,0.63,0.24,0.39,44.520000000000024,11:04:44,61.13,400,61.16,400,61.145,100
10323,0.6200000000000001,0.07,0.55,0.0,11:05:00,61.13,700,61.15,100,61.15,100
10329,0.7999999999999999,0.08,0.72,4.39,11:05:04,61.13,400,61.14,400,61.135,100
10334,0.8099999999999999,0.23,0.58,8.19,11:05:08,61.13,4300,61.15,400,61.13,100
10340,1.56,0.89,0.67,15.149999999999999,11:05:15,61.1,200,61.12,300,61.12,100
10342,0.5800000000000001,0.07,0.51,16.36,11:05:16,61.1,400,61.12,200,61.1,100
10344,3.99,3.43,0.56,20.950000000000003,11:05:20,61.1,500,61.11,300,61.11,100
10370,0.77,0.36,0.41,35.96000000000002,11:05:35,61.08,100,61.09,100,61.095,100
10372,0.44,0.13,0.31,36.98000000000002,11:05:36,61.08,100,61.09,100,61.09,100
10374,0.6,0.17,0.43,38.16000000000002,11:05:38,61.06,300,61.09,400,61.07,100
10392,0.62,0.21,0.41,48.210000000000015,11:05:48,61.07,600,61.09,200,61.08,100
10407,0.44,0.08,0.36,56.25000000000001,11:05:56,61.1,300,61.13,300,61.1175,300
10411,0.5800000000000001,0.27,0.31,58.45,11:05:58,61.12,400,61.15,500,61.123000000000005,4000
10431,2.0,1.44,0.56,18.57,11:06:18,61.03,400,61.04,200,61.035,100
10434,0.58,0.09,0.49,20.18,11:06:20,61.03,100,61.05,400,61.03,100
10441,0.62,0.31,0.31,24.01,11:06:24,61.03,300,61.05,400,61.04,100
10452,0.6,0.25,0.35,30.190000000000005,11:06:30,61.04,200,61.05,600,61.05,100
10463,0.5700000000000001,0.07,0.5,36.15,11:06:36,61.0,2300,61.02,800,61.0,1000
10477,0.43,0.12,0.31,43.78999999999999,11:06:43,61.01,100,61.02,400,61.01,100
10510,0.44,0.13,0.31,2.21,11:07:02,61.05,400,61.06,600,61.06,100
10525,2.18,1.6,0.58,15.76,11:07:15,61.03,300,61.04,200,61.0375,300
10532,0.63,0.28,0.35,22.61,11:07:22,61.03,200,61.04,900,61.038999999999994,100
10553,0.56,0.14,0.42,34.20000000000001,11:07:34,61.02,600,61.03,300,61.025,164
10564,0.62,0.17,0.45,40.220000000000006,11:07:40,61.01,1000,61.03,300,61.02,150
10568,0.44,0.14,0.3,42.220000000000006,11:07:42,61.01,1000,61.03,200,61.015,100
10583,0.59,0.23,0.36,50.2,11:07:50,60.99,100,61.0,100,61.005,100
10598,0.5900000000000001,0.19,0.4,58.2,11:07:58,60.98,200,60.99,200,60.9901,265
10605,0.5700000000000001,0.07,0.5,0.0,11:08:00,60.96,700,60.98,100,60.97,401
10612,0.61,0.18,0.43,4.6,11:08:04,60.97,700,60.98,300,60.98,100
10614,0.62,0.1,0.52,9.629999999999999,11:08:09,60.99,600,61.0,300,60.99,100
10653,0.8,0.18,0.62,37.85,11:08:37,60.99,700,61.01,300,61.0013,6000
10663,0.46,0.07,0.39,44.080000000000005,11:08:44,60.98,600,60.99,200,60.985,700
10678,0.6,0.12,0.48,53.680000000000014,11:08:53,60.94,200,60.96,200,60.9401,223
10692,0.43,0.07,0.36,0.0,11:09:00,60.94,200,60.96,900,60.9487,130
10696,0.56,0.07,0.49,2.16,11:09:02,60.94,200,60.96,900,60.95,100
10699,4.99,4.47,0.52,8.15,11:09:08,60.95,300,60.96,400,60.955,100
10700,0.44,0.07,0.37,8.59,11:09:08,60.95,200,60.96,400,60.96,100
10733,0.63,0.24,0.39,27.39,11:09:27,60.98,300,61.0,400,60.9802,100
10791,0.44,0.07,0.37,3.42,11:10:03,60.99,200,61.0,400,60.995,300
10830,0.64,0.18,0.46,31.65,11:10:31,60.97,300,60.99,100,60.9886,100
10963,0.61,0.19,0.42,57.85000000000005,11:11:57,60.96,200,60.97,200,60.965,200
10974,0.6,0.23,0.37,2.22,11:12:02,60.97,700,60.98,400,60.975,300
11109,0.5800000000000001,0.07,0.51,47.95,11:13:47,60.95,200,60.97,400,60.968999999999994,100
11110,0.6000000000000001,0.07,0.53,48.550000000000004,11:13:48,60.95,200,60.97,400,60.9698,100
11214,0.79,0.17,0.62,7.830000000000001,11:16:07,61.05,100,61.06,300,61.0569,500
11251,0.5800000000000001,0.18,0.4,15.21,11:17:15,61.05,500,61.07,800,61.0633,200
11275,0.59,0.18,0.41,29.19,11:17:29,61.06,500,61.07,900,61.065,100
11281,0.6,0.16,0.44,32.61,11:17:32,61.08,500,61.09,100,61.0875,400
11323,0.44,0.08,0.36,55.43,11:17:55,61.03,400,61.05,600,61.049,100
11367,0.61,0.14,0.47,30.360000000000003,11:18:30,61.04,100,61.05,200,61.045,200
11382,0.6000000000000001,0.07,0.53,40.38,11:18:40,61.04,600,61.05,200,61.0484,1000
11394,0.5900000000000001,0.07,0.52,48.15000000000001,11:18:48,61.02,400,61.04,300,61.0317,1500
11410,0.74,0.07,0.67,0.0,11:19:00,61.02,100,61.03,100,61.0299,100
11515,0.61,0.13,0.48,21.599999999999994,11:20:21,61.03,2000,61.04,300,61.0358,100
11534,0.6100000000000001,0.07,0.54,34.76,11:20:34,61.03,100,61.05,1200,61.0486,100
11569,0.64,0.09,0.55,58.11000000000001,11:20:58,61.02,400,61.03,300,61.0234,125
11574,0.79,0.18,0.61,0.0,11:21:00,61.02,600,61.03,600,61.0258,200
11597,0.6,0.08,0.52,21.970000000000006,11:21:21,61.03,300,61.05,300,61.0333,100
11636,0.5900000000000001,0.2,0.39,49.99000000000001,11:21:49,61.04,700,61.05,1000,61.0475,1600
11639,0.61,0.13,0.48,51.970000000000006,11:21:51,61.07,200,61.09,400,61.0575,700
11707,0.6,0.23,0.37,33.60999999999999,11:22:33,61.06,600,61.07,100,61.0675,400
11747,0.79,0.29,0.5,5.41,11:23:05,61.09,400,61.1,200,61.0901,100
11760,0.6100000000000001,0.07,0.54,20.389999999999997,11:23:20,61.07,600,61.09,200,61.0793,100
11794,0.6100000000000001,0.07,0.54,41.740000000000016,11:23:41,61.06,600,61.07,300,61.0664,500
11804,0.63,0.18,0.45,47.77000000000002,11:23:47,61.06,900,61.07,400,61.0647,300
11843,0.5800000000000001,0.27,0.31,23.799999999999997,11:24:23,61.09,100,61.1,100,61.085,100
11899,0.79,0.07,0.72,58.42000000000002,11:24:58,61.08,500,61.09,300,61.0866,181
11907,0.75,0.2,0.55,3.98,11:25:03,61.08,300,61.09,400,61.0847,300
11992,2.45,1.84,0.61,10.61,11:26:10,60.96,400,60.98,300,60.9693,1000
11993,2.9699999999999998,2.27,0.7,13.579999999999998,11:26:13,60.96,500,60.98,300,60.9601,2000
12000,0.76,0.21,0.55,18.56,11:26:18,60.96,200,60.97,300,60.9675,400
12035,30.98,30.48,0.5,0.0,11:27:00,60.91,400,60.93,200,60.92,100
12036,0.5599999999999999,0.21,0.35,0.5599999999999999,11:27:00,60.89,100,60.9,200,60.89,100
12038,0.77,0.34,0.43,1.76,11:27:01,60.89,500,60.9,200,60.8934,700
12052,0.64,0.17,0.47,10.360000000000001,11:27:10,60.89,700,60.9,200,60.9,100
12057,0.5700000000000001,0.13,0.44,0.0,11:28:00,60.91,200,60.92,500,60.91,100
12059,0.73,0.08,0.65,1.34,11:28:01,60.88,1000,60.89,300,60.8829,150
12061,0.8099999999999999,0.22,0.59,2.95,11:28:02,60.87,600,60.88,400,60.88,100
12069,0.94,0.07,0.87,0.0,11:29:00,60.87,1200,60.88,700,60.875,100
12071,0.78,0.22,0.56,1.44,11:29:01,60.87,800,60.88,800,60.87,100
12081,0.5900000000000001,0.07,0.52,9.25,11:29:09,60.85,3000,60.86,300,60.86,100
12084,0.5800000000000001,0.12,0.46,11.03,11:29:11,60.85,2900,60.86,500,60.85,100
12088,0.5900000000000001,0.07,0.52,13.43,11:29:13,60.84,900,60.85,2100,60.845,100
12102,0.61,0.14,0.47,29.439999999999998,11:29:29,60.83,1100,60.85,400,60.84,200
12108,0.77,0.07,0.7,33.78000000000001,11:29:33,60.82,200,60.83,200,60.83,297
12113,0.6499999999999999,0.18,0.47,37.03000000000001,11:29:37,60.83,200,60.84,400,60.8389,821
12120,0.81,0.18,0.63,41.62000000000001,11:29:41,60.81,200,60.83,200,60.82,100
12128,0.7999999999999999,0.22,0.58,47.2,11:29:47,60.8,500,60.82,500,60.81,200
12136,0.78,0.12,0.66,53.410000000000004,11:29:53,60.82,200,60.83,100,60.825,100
12179,0.7999999999999999,0.22,0.58,49.04999999999999,11:30:49,60.84,300,60.85,600,60.8475,1100
12182,0.77,0.21,0.56,51.21999999999999,11:30:51,60.84,300,60.85,500,60.8454,500
12263,0.43,0.07,0.36,41.52000000000002,11:31:41,60.88,600,60.89,300,60.888000000000005,100
12282,0.44,0.07,0.37,4.23,11:32:04,60.92,800,60.94,400,60.93,100
12300,0.5800000000000001,0.07,0.51,20.009999999999998,11:32:20,60.98,400,60.99,200,60.9808,100
12474,0.5900000000000001,0.07,0.52,5.8,11:34:05,60.95,200,60.97,200,60.9651,115
12526,0.66,0.27,0.39,45.60000000000001,11:34:45,60.98,300,60.99,200,60.9865,200
12538,0.63,0.21,0.42,53.98000000000001,11:34:53,60.99,600,61.0,100,60.9933,100
12614,3.59,3.07,0.52,4.98,11:37:04,60.99,500,61.0,400,60.998999999999995,340
12666,0.43000000000000005,0.09,0.34,37.78,11:37:37,60.98,700,60.99,400,60.9845,500
12701,0.59,0.15,0.44,57.59999999999999,11:37:57,60.98,500,60.99,400,60.9842,100
12716,0.61,0.19,0.42,6.230000000000001,11:38:06,60.98,500,60.99,600,60.9801,200
12720,2.18,1.72,0.46,14.020000000000001,11:38:14,60.98,700,60.99,100,60.9815,300
12722,1.6,1.07,0.53,16.830000000000002,11:38:16,60.99,400,61.0,400,60.9908,500
12768,0.6000000000000001,0.07,0.53,49.240000000000016,11:38:49,60.93,400,60.95,100,60.9489,100
12797,0.76,0.21,0.55,0.0,11:41:00,60.94,400,60.95,800,60.949,100
12807,0.6,0.08,0.52,9.6,11:41:09,60.92,700,60.93,100,60.925,100
12859,0.5900000000000001,0.14,0.45,45.83000000000002,11:41:45,60.89,200,60.9,600,60.8966,750
12879,0.35,0.15,0.2,0.0,11:42:00,60.89,700,60.9,700,60.8976,123
12885,0.42000000000000004,0.22,0.2,2.0900000000000003,11:42:02,60.89,600,60.9,800,60.895,200
13010,0.36,0.17,0.19,51.9,11:42:51,60.89,800,60.9,300,60.8935,126
13044,0.30000000000000004,0.14,0.16,7.930000000000001,11:43:07,60.9,1000,60.91,200,60.905,100
13170,0.25,0.08,0.17,8.89,11:45:08,60.84,800,60.85,600,60.849,900
13229,0.39,0.22,0.17,26.969999999999995,11:45:26,60.85,100,60.86,600,60.858999999999995,100
13316,0.38,0.21,0.17,22.060000000000002,11:46:22,60.85,900,60.86,700,60.8554,200
13382,0.58,0.23,0.35,44.25000000000001,11:46:44,60.84,700,60.85,1100,60.8408,200
13404,0.47,0.23,0.24,52.00000000000001,11:46:52,60.85,200,60.86,900,60.8565,100
13468,0.26,0.08,0.18,21.979999999999993,11:47:21,60.84,800,60.85,500,60.8499,100
13559,0.33,0.13,0.2,52.030000000000015,11:47:52,60.84,900,60.85,700,60.8446,300
13616,0.23,0.07,0.16,19.699999999999996,11:48:19,60.84,1300,60.85,700,60.8443,200
13668,0.26,0.07,0.19,36.70999999999998,11:48:36,60.81,1200,60.82,300,60.815,200
13684,0.36,0.17,0.19,41.949999999999974,11:48:41,60.81,1400,60.82,600,60.8154,200
13751,0.25,0.08,0.17,5.75,11:49:05,60.81,1200,60.82,1200,60.818999999999996,119
13755,3.58,3.4,0.18,15.09,11:49:15,60.8,800,60.81,300,60.8,100
13826,0.38,0.2,0.18,38.11999999999998,11:49:38,60.8,1200,60.81,600,60.8049,100
13875,0.35,0.16,0.19,53.90999999999999,11:49:53,60.79,900,60.8,500,60.7954,200
13881,0.4,0.21,0.19,0.0,11:50:00,60.79,900,60.8,500,60.795,100
13893,0.4,0.23,0.17,3.94,11:50:03,60.79,900,60.8,500,60.79,100
13902,2.61,2.31,0.3,9.85,11:50:09,60.78,300,60.79,1100,60.785,100
13903,0.24000000000000002,0.07,0.17,10.09,11:50:10,60.75,900,60.76,500,60.76,100
13907,0.24000000000000002,0.07,0.17,11.88,11:50:11,60.75,900,60.76,1000,60.75,100
13908,3.7600000000000002,3.45,0.31,15.64,11:50:15,60.75,900,60.76,1600,60.7599,200
13909,0.23,0.07,0.16,15.870000000000001,11:50:15,60.75,900,60.76,1600,60.755,100
13916,0.23,0.07,0.16,19.91,11:50:19,60.74,500,60.75,800,60.745,100
13925,0.35,0.19,0.16,23.749999999999996,11:50:23,60.74,500,60.75,1300,60.7454,125
13926,0.36,0.19,0.17,24.109999999999996,11:50:24,60.74,400,60.75,1400,60.74,100
13932,0.41000000000000003,0.25,0.16,26.049999999999997,11:50:26,60.71,500,60.72,400,60.7225,100
13939,0.4,0.24,0.16,28.109999999999996,11:50:28,60.72,900,60.73,1400,60.72,100
13973,0.25,0.08,0.17,39.0,11:50:39,60.72,300,60.73,1600,60.725,100
13996,0.25,0.09,0.16,46.11,11:50:46,60.71,300,60.72,1300,60.7149,100
14008,0.38,0.22,0.16,50.11000000000001,11:50:50,60.71,200,60.72,1400,60.71,100
14032,0.35,0.14,0.21,58.28999999999999,11:50:58,60.7,500,60.71,700,60.705,100
14038,0.43000000000000005,0.23,0.2,0.0,11:51:00,60.7,400,60.71,1600,60.7,200
14175,0.38,0.19,0.19,55.630000000000024,11:51:55,60.69,500,60.7,600,60.69,100
14181,0.55,0.23,0.32,57.89000000000003,11:51:57,60.69,700,60.7,1100,60.695,100
14187,0.39,0.21,0.18,0.0,11:52:00,60.69,700,60.7,1100,60.699,200
14244,0.44,0.24,0.2,26.120000000000005,11:52:26,60.71,1400,60.72,1100,60.715,100
14269,0.25,0.08,0.17,34.05000000000001,11:52:34,60.72,500,60.73,200,60.73,100
14282,0.28,0.08,0.2,38.2,11:52:38,60.72,700,60.73,400,60.729,300
14299,0.32,0.15,0.17,44.08,11:52:44,60.72,800,60.73,400,60.7292,200
14326,0.28,0.09,0.19,52.120000000000005,11:52:52,60.72,800,60.73,400,60.7247,300
14338,0.37,0.19,0.18,56.23,11:52:56,60.72,800,60.73,400,60.721000000000004,2000
14378,2.21,1.97,0.24,16.75,11:53:16,60.71,300,60.72,600,60.7092,100
14390,0.39,0.22,0.17,22.040000000000006,11:53:22,60.71,300,60.72,800,60.7135,800
14459,0.24000000000000002,0.07,0.17,44.08000000000002,11:53:44,60.73,700,60.74,900,60.7357,660
14476,0.27,0.08,0.19,50.01000000000003,11:53:50,60.73,400,60.74,1100,60.7352,200
14504,4.07,3.9,0.17,0.0,11:54:00,60.73,700,60.74,1100,60.735,100
14612,0.24000000000000002,0.07,0.17,42.440000000000026,11:54:42,60.72,100,60.73,400,60.7258,1500
14838,0.26,0.08,0.18,20.080000000000002,11:56:20,60.71,200,60.72,1100,60.7144,100
14913,0.44999999999999996,0.21,0.24,44.43000000000003,11:56:44,60.71,300,60.72,1000,60.718999999999994,100
14929,0.42,0.21,0.21,50.10000000000004,11:56:50,60.71,800,60.72,1000,60.7146,200
14972,1.3800000000000001,1.1,0.28,10.58,11:57:10,60.73,300,60.74,300,60.739,1900
15055,0.34,0.17,0.17,41.930000000000014,11:57:41,60.73,200,60.74,700,60.7364,500
15094,0.37,0.18,0.19,56.11000000000002,11:57:56,60.76,400,60.77,100,60.765,100
15100,0.31,0.13,0.18,57.87000000000003,11:57:57,60.76,200,60.77,300,60.77,100
15107,0.41,0.12,0.29,59.90000000000003,11:57:59,60.76,300,60.77,400,60.7664,1000
15110,0.42000000000000004,0.23,0.19,0.42000000000000004,11:58:00,60.77,100,60.78,300,60.78,100
15198,0.28,0.08,0.2,34.399999999999984,11:58:34,60.75,100,60.76,1700,60.7516,393
15439,0.43000000000000005,0.2,0.23,12.020000000000003,12:00:12,60.88,400,60.89,600,60.8849,400
15638,0.25,0.09,0.16,32.16,12:01:32,60.88,200,60.89,200,60.888999999999996,100
15658,0.35,0.18,0.17,38.080000000000005,12:01:38,60.89,300,60.9,1400,60.8932,150
15735,0.23,0.07,0.16,2.81,12:02:02,60.93,600,60.94,400,60.94,800
15739,0.25,0.07,0.18,5.78,12:02:05,60.94,300,60.95,800,60.935,200
15749,0.32,0.07,0.25,15.920000000000002,12:02:15,60.93,300,60.95,600,60.9368,200
15976,0.62,0.27,0.35,40.33,12:03:40,60.99,300,61.0,600,60.9946,500
16031,0.42000000000000004,0.22,0.2,1.7199999999999998,12:04:01,60.97,600,60.98,400,60.979,100
16044,1.56,1.23,0.33,9.78,12:04:09,60.97,300,60.98,400,60.9701,250
16114,0.49,0.28,0.21,39.59,12:04:39,60.95,600,60.97,400,60.9679,120
16199,0.36,0.18,0.18,10.09,12:05:10,60.97,600,60.98,200,60.9746,100
16207,1.7,1.52,0.18,13.92,12:05:13,60.98,200,60.99,400,60.988,300
16326,0.4,0.21,0.19,52.02,12:05:52,61.01,700,61.02,100,61.0115,100
17169,1.31,1.1,0.21,20.63,12:11:20,61.07,600,61.08,800,61.075,100
17321,1.3900000000000001,1.06,0.33,12.82,12:12:12,61.05,500,61.06,1500,61.055,189
17324,0.30000000000000004,0.13,0.17,13.89,12:12:13,61.05,700,61.06,1500,61.0544,150
17398,0.56,0.27,0.29,42.04,12:12:42,61.03,400,61.05,500,61.0325,200
17440,0.26,0.07,0.19,55.88000000000001,12:12:55,61.03,100,61.04,300,61.0301,100
17688,0.49,0.19,0.3,36.400000000000006,12:14:36,61.11,1000,61.13,400,61.123999999999995,100
17697,0.4,0.15,0.25,40.05000000000001,12:14:40,61.12,500,61.13,300,61.1299,450
17711,0.36,0.17,0.19,46.12000000000002,12:14:46,61.12,900,61.14,300,61.125,200
17761,0.28,0.08,0.2,6.0600000000000005,12:15:06,61.12,500,61.13,100,61.1275,200
18144,0.24000000000000002,0.07,0.17,34.25,12:17:34,61.06,1700,61.07,500,61.0642,1500
18256,0.25,0.09,0.16,13.680000000000003,12:18:13,61.04,600,61.05,1000,61.0443,100
18575,2.69,2.37,0.32,11.67,12:20:11,61.05,600,61.06,100,61.0517,100
19002,0.24,0.08,0.16,0.0,12:23:00,61.1,300,61.12,800,61.1054,191
19042,0.26,0.07,0.19,21.790000000000006,12:23:21,61.09,300,61.11,700,61.1028,1000
19149,0.4,0.08,0.32,0.0,12:24:00,61.11,800,61.12,700,61.115,100
19169,0.4,0.13,0.27,7.930000000000001,12:24:07,61.11,800,61.12,700,61.119,260
19427,0.27,0.08,0.19,0.0,12:26:00,61.1,200,61.11,200,61.1046,100
19445,0.43,0.21,0.22,10.17,12:26:10,61.1,400,61.11,200,61.108999999999995,100
19464,0.45999999999999996,0.21,0.25,22.03,12:26:22,61.09,300,61.1,600,61.0993,500
19567,0.49,0.27,0.22,0.0,12:27:00,61.1,700,61.11,300,61.105,100
19899,0.38,0.2,0.18,2.06,12:29:02,61.11,500,61.12,600,61.1101,100
20279,0.33999999999999997,0.18,0.16,37.82999999999999,12:31:37,61.09,600,61.1,900,61.0946,100
20713,0.25,0.08,0.17,8.990000000000002,12:34:08,61.04,1300,61.05,900,61.0412,150
20831,0.31,0.13,0.18,15.140000000000002,12:35:15,60.96,600,60.98,300,60.9713,300
20848,0.25,0.07,0.18,23.92000000000001,12:35:23,60.97,200,60.98,500,60.9778,2900
20899,0.45,0.27,0.18,40.24000000000001,12:35:40,60.96,500,60.97,700,60.9643,200
21096,0.25,0.08,0.17,54.129999999999995,12:36:54,60.9,1400,60.91,1300,60.9007,153
21130,0.27,0.07,0.2,0.9800000000000001,12:37:00,60.89,100,60.9,300,60.8985,100
21156,0.24000000000000002,0.07,0.17,13.900000000000004,12:37:13,60.91,200,60.92,800,60.915,100
21415,0.35,0.19,0.16,2.9,12:39:02,60.9,1000,60.91,1600,60.9013,100
21625,0.27,0.08,0.19,55.86000000000001,12:40:55,60.85,900,60.86,600,60.8534,200
21642,0.41000000000000003,0.21,0.2,0.0,12:41:00,60.85,1000,60.86,600,60.855,200
21692,0.38,0.21,0.17,27.990000000000002,12:41:27,60.89,800,60.9,200,60.8947,200
21742,0.29,0.08,0.21,44.11,12:41:44,60.9,200,60.91,500,60.909,100
21772,0.35,0.16,0.19,54.26000000000001,12:41:54,60.91,700,60.92,1900,60.9147,300
21837,0.26,0.08,0.18,16.710000000000008,12:44:16,60.87,300,60.88,600,60.8799,200
21896,0.34,0.08,0.26,17.939999999999998,12:45:17,60.89,100,60.9,1100,60.885,200
22116,0.29,0.08,0.21,35.48000000000001,12:46:35,60.84,300,60.85,600,60.8442,100
22211,0.37,0.19,0.18,23.07,12:47:23,60.83,400,60.84,700,60.8356,100
22515,0.39,0.2,0.19,21.880000000000003,12:49:21,60.89,300,60.9,300,60.8942,150
22608,0.46,0.23,0.23,55.93,12:49:55,60.9,100,60.91,400,60.898999999999994,100
23261,0.24000000000000002,0.07,0.17,4.000000000000001,12:54:04,60.83,100,60.85,900,60.836000000000006,816
23382,0.37,0.09,0.28,54.15000000000004,12:54:54,60.86,100,60.87,500,60.865,300
23522,0.24,0.08,0.16,51.790000000000035,12:55:51,60.88,400,60.89,600,60.8846,700
23566,2.3899999999999997,2.15,0.24,6.409999999999999,12:56:06,60.87,200,60.88,200,60.879,100
23678,0.25,0.07,0.18,43.73999999999997,12:56:43,60.87,400,60.89,600,60.8781,300
23696,0.37,0.18,0.19,50.00999999999999,12:56:50,60.89,200,60.9,300,60.8946,128
23951,0.41000000000000003,0.21,0.2,23.909999999999993,12:58:23,60.94,500,60.95,200,60.945,305
24296,1.39,1.22,0.17,13.86,13:02:13,60.97,400,60.99,200,60.9814,150
24435,0.25,0.07,0.18,0.0,13:03:00,60.96,300,60.97,600,60.9646,500
24463,0.43000000000000005,0.26,0.17,20.24,13:03:20,60.96,200,60.98,600,60.968,140
24625,0.26,0.09,0.17,14.800000000000002,13:04:14,60.98,500,61.0,1200,60.9913,200
24649,0.41000000000000003,0.24,0.17,21.65,13:04:21,60.98,500,61.0,1200,60.9864,100
24903,0.24000000000000002,0.07,0.17,2.04,13:06:02,61.04,800,61.05,300,61.0499,1293
25367,0.30000000000000004,0.07,0.23,21.97,13:12:21,61.09,200,61.1,400,61.0921,135
25662,0.6000000000000001,0.2,0.4,19.94,13:15:19,61.08,1000,61.09,500,61.0854,150
25691,0.56,0.22,0.34,38.14,13:15:38,61.03,300,61.04,900,61.0385,100
25993,0.41000000000000003,0.07,0.34,4.220000000000001,13:19:04,61.02,500,61.03,300,61.0211,100
26009,0.6000000000000001,0.07,0.53,22.410000000000004,13:19:22,61.0,300,61.01,500,61.0001,300
26096,4.37,3.84,0.53,5.76,13:20:05,61.0,1000,61.01,1000,61.0015,100
26251,0.59,0.18,0.41,0.0,13:22:00,60.98,500,60.99,700,60.9854,200
26371,1.3900000000000001,0.87,0.52,17.0,13:23:17,60.98,700,60.99,1200,60.9843,230
26691,1.2,0.07,1.13,55.24000000000003,13:28:55,60.96,1100,60.97,200,60.9682,3171
26760,1.41,0.22,1.19,30.99,13:30:30,61.01,1200,61.02,500,61.0157,600
26775,1.21,0.19,1.02,49.980000000000004,13:30:49,61.01,900,61.02,400,61.0135,100
26794,1.03,0.24,0.79,9.2,13:31:09,61.0,1200,61.01,1100,61.0057,175
26853,1.56,0.2,1.36,34.57,13:32:34,61.0,900,61.01,700,61.0034,2200
26857,1.21,0.2,1.01,40.2,13:32:40,61.0,900,61.01,700,61.0067,100
26932,1.1800000000000002,0.07,1.11,8.77,13:34:08,60.98,1100,60.99,800,60.9839,126
26941,1.02,0.14,0.88,18.4,13:34:18,60.98,1100,60.99,800,60.9816,200
26962,1.4100000000000001,0.08,1.33,0.0,13:35:00,60.96,1000,60.97,1100,60.9656,177
27097,1.04,0.08,0.96,47.41000000000001,13:37:47,60.93,700,60.94,900,60.9367,480
27129,1.36,0.24,1.12,32.169999999999995,13:38:32,60.92,600,60.93,700,60.9205,500
27156,1.19,0.37,0.82,0.0,13:39:00,60.92,1000,60.93,700,60.92100000000001,320
27181,1.01,0.17,0.84,33.190000000000005,13:39:33,60.91,700,60.92,700,60.9111,100
27187,1.0,0.08,0.92,39.99,13:39:39,60.91,700,60.92,500,60.9193,200
27271,1.42,0.19,1.23,11.999999999999998,13:42:11,60.91,800,60.92,1300,60.9101,100
27306,1.02,0.18,0.84,4.43,13:43:04,60.9,1600,60.91,600,60.9058,100
27359,1.2,0.17,1.03,5.63,13:44:05,60.9,1300,60.91,600,60.9091,200
27407,1.3800000000000001,0.08,1.3,8.42,13:45:08,60.89,500,60.9,800,60.8901,540
27496,1.1900000000000002,0.07,1.12,47.8,13:46:47,60.86,100,60.87,900,60.8601,500
27498,1.2100000000000002,0.09,1.12,50.22,13:46:50,60.86,600,60.87,900,60.8625,100
27723,2.3899999999999997,1.63,0.76,16.150000000000002,13:51:16,60.87,700,60.88,100,60.873000000000005,155
27878,1.0,0.14,0.86,9.0,13:54:09,60.89,500,60.9,300,60.8965,140
27964,1.22,0.07,1.15,43.02,13:55:43,60.88,600,60.89,500,60.8858,100
28010,0.98,0.07,0.91,27.990000000000002,13:56:27,60.87,600,60.88,300,60.8754,200
28026,0.81,0.07,0.74,0.0,13:57:00,60.87,700,60.88,300,60.8742,500
28036,0.8099999999999999,0.08,0.73,15.400000000000004,13:57:15,60.84,500,60.85,1500,60.8485,200
28048,0.81,0.17,0.64,29.570000000000004,13:57:29,60.83,100,60.84,1100,60.835,200
28120,1.02,0.07,0.95,50.37000000000002,13:58:50,60.83,900,60.84,700,60.831,100
28232,0.98,0.07,0.91,7.42,14:01:07,60.85,1300,60.86,1200,60.8585,100
28251,1.19,0.23,0.96,27.810000000000002,14:01:27,60.83,300,60.84,600,60.8333,660
28310,1.0,0.18,0.82,41.16999999999998,14:02:41,60.81,500,60.83,800,60.8125,416
28331,0.99,0.26,0.73,0.99,14:03:00,60.82,200,60.83,600,60.8285,407
28378,1.3800000000000001,0.07,1.31,8.17,14:04:08,60.78,300,60.79,800,60.788999999999994,100
28381,3.58,2.58,1.0,13.770000000000001,14:04:13,60.79,100,60.8,1700,60.7965,695
28388,1.21,0.12,1.09,25.970000000000002,14:04:25,60.78,600,60.79,700,60.7804,200
28397,0.98,0.07,0.91,35.160000000000004,14:04:35,60.8,500,60.81,600,60.805,100
28490,0.81,0.16,0.65,23.409999999999993,14:06:23,60.78,900,60.79,400,60.7816,500
28512,0.81,0.07,0.74,49.2,14:06:49,60.78,700,60.79,1000,60.7844,200
28608,0.8300000000000001,0.18,0.65,51.78,14:08:51,60.79,1000,60.8,600,60.7993,500
28651,1.58,0.24,1.34,28.79,14:09:28,60.78,800,60.79,1300,60.7838,212
28676,1.42,0.23,1.19,6.8100000000000005,14:10:06,60.78,900,60.79,600,60.7861,407
28823,0.81,0.07,0.74,36.98,14:12:36,60.78,900,60.79,900,60.7892,100
29024,1.2000000000000002,0.27,0.93,30.990000000000002,14:16:30,60.68,700,60.69,300,60.6894,2308
29029,1.3900000000000001,0.07,1.32,37.580000000000005,14:16:37,60.68,900,60.69,1400,60.685,100
29032,1.39,0.18,1.21,41.370000000000005,14:16:41,60.68,700,60.69,1500,60.6846,300
29039,1.66,0.27,1.39,51.79,14:16:51,60.68,1100,60.69,1900,60.68,100
29077,0.81,0.14,0.67,25.8,14:17:25,60.67,1200,60.68,2400,60.67,100
29084,0.8099999999999999,0.12,0.69,32.19,14:17:32,60.67,1100,60.68,2600,60.675,100
29096,1.01,0.12,0.89,45.019999999999996,14:17:45,60.67,1300,60.68,500,60.6799,200
29109,3.59,2.64,0.95,9.57,14:18:09,60.67,1900,60.68,900,60.6752,200
29119,1.37,0.33,1.04,21.18,14:18:21,60.67,1800,60.68,1200,60.6701,100
29129,1.0,0.08,0.92,32.57,14:18:32,60.67,1800,60.68,300,60.6766,100
29164,1.7999999999999998,0.96,0.84,1.7999999999999998,14:19:01,60.66,700,60.67,2000,60.665,100
29166,1.03,0.07,0.96,4.0,14:19:04,60.65,1000,60.66,1500,60.66,100
29183,0.8200000000000001,0.07,0.75,21.61,14:19:21,60.65,900,60.66,1100,60.6574,100
29214,1.1800000000000002,0.07,1.11,0.0,14:20:00,60.63,300,60.64,400,60.64,1500
29215,1.02,0.07,0.95,1.02,14:20:01,60.62,700,60.63,600,60.63,100
29216,1.2,0.33,0.87,2.2199999999999998,14:20:02,60.62,900,60.63,1500,60.62,100
29224,0.45,0.08,0.37,11.229999999999999,14:20:11,60.62,800,60.63,1100,60.625,300
29231,1.58,0.08,1.5,23.58,14:20:23,60.63,700,60.64,1900,60.6312,250
29236,0.6,0.08,0.52,28.020000000000003,14:20:28,60.6,1500,60.61,600,60.61,100
29244,0.6000000000000001,0.07,0.53,33.2,14:20:33,60.6,1000,60.61,1700,60.6,200
29253,0.6,0.08,0.52,39.050000000000004,14:20:39,60.59,400,60.6,800,60.59,100
29256,0.76,0.07,0.69,41.03,14:20:41,60.58,200,60.59,1400,60.58,100
29259,0.63,0.13,0.5,42.88000000000001,14:20:42,60.57,400,60.58,600,60.57,100
29292,0.6,0.23,0.37,4.18,14:21:04,60.56,1400,60.57,700,60.565,100
29303,0.6000000000000001,0.26,0.34,13.78,14:21:13,60.56,1700,60.57,1000,60.56,100
29335,0.6,0.08,0.52,36.01000000000001,14:21:36,60.55,800,60.56,700,60.555,100
29347,0.5700000000000001,0.07,0.5,42.99000000000002,14:21:42,60.55,1600,60.56,300,60.559,250
29368,0.62,0.14,0.48,56.19000000000003,14:21:56,60.63,500,60.64,700,60.6366,100
29403,0.6,0.17,0.43,22.040000000000003,14:22:22,60.6,200,60.61,500,60.6099,200
29440,0.5700000000000001,0.14,0.43,41.840000000000025,14:22:41,60.61,200,60.62,900,60.619,200
29452,0.45,0.08,0.37,47.88000000000003,14:22:47,60.61,500,60.62,400,60.615,250
29516,0.62,0.3,0.32,17.349999999999998,14:23:17,60.59,400,60.6,700,60.599,377
29561,0.5700000000000001,0.07,0.5,41.36000000000001,14:23:41,60.6,400,60.61,800,60.6036,1000
29592,2.0,1.34,0.66,9.8,14:24:09,60.6,500,60.61,600,60.601000000000006,300
29668,0.77,0.14,0.63,1.4000000000000001,14:25:01,60.64,600,60.65,400,60.6458,500
29673,3.62,3.02,0.6,8.8,14:25:08,60.64,300,60.65,800,60.65,190
29678,0.64,0.22,0.42,15.620000000000001,14:25:15,60.64,3100,60.65,300,60.645,5300
29695,0.61,0.08,0.53,27.630000000000003,14:25:27,60.65,1200,60.66,1200,60.655,100
29755,4.1899999999999995,3.55,0.64,11.77,14:26:11,60.68,1200,60.69,700,60.68899999999999,100
29874,0.6000000000000001,0.14,0.46,30.150000000000006,14:27:30,60.71,700,60.72,600,60.7123,1000
30043,0.5900000000000001,0.07,0.52,26.0,14:29:26,60.75,200,60.76,500,60.7563,1000
30312,0.59,0.08,0.51,23.599999999999998,14:32:23,60.81,500,60.82,100,60.8308,100
30387,0.95,0.21,0.74,25.419999999999998,14:33:25,60.82,500,60.83,100,60.8246,900
30672,0.78,0.14,0.64,43.10000000000003,14:38:43,60.77,100,60.78,400,60.7758,163
30688,0.59,0.12,0.47,0.0,14:39:00,60.76,400,60.77,1800,60.763000000000005,100
30698,0.42,0.07,0.35,5.619999999999999,14:39:05,60.76,500,60.77,2500,60.769,149
30760,0.6,0.18,0.42,48.570000000000014,14:39:48,60.74,500,60.76,400,60.7515,188
30947,0.76,0.07,0.69,7.589999999999999,14:42:07,60.78,600,60.79,400,60.7843,650
30981,0.63,0.08,0.55,35.85,14:42:35,60.77,200,60.78,600,60.775,100
31167,0.79,0.27,0.52,36.230000000000004,14:44:36,60.8,400,60.81,700,60.8007,130
31178,0.76,0.07,0.69,44.21,14:44:44,60.82,700,60.83,300,60.8258,100
31191,1.2,0.41,0.79,4.2,14:45:04,60.8,300,60.81,200,60.8054,660
31304,0.77,0.23,0.54,33.34000000000001,14:46:33,60.72,700,60.74,1000,60.7369,100
31478,0.59,0.18,0.41,42.220000000000006,14:48:42,60.8,200,60.81,1000,60.8075,500
31544,0.62,0.08,0.54,23.679999999999993,14:49:23,60.79,600,60.8,1500,60.7959,500
31851,0.6,0.09,0.51,0.0,14:53:00,60.88,400,60.9,200,60.8868,140
31853,2.77,2.13,0.64,3.3600000000000003,14:53:03,60.88,500,60.9,200,60.8908,200
31998,0.79,0.07,0.72,49.54000000000001,14:54:49,60.84,700,60.85,900,60.8457,139
32106,0.5900000000000001,0.07,0.52,33.22000000000001,14:56:33,60.86,800,60.87,600,60.869,111
32216,2.0100000000000002,1.57,0.44,7.779999999999999,14:58:07,60.88,800,60.89,600,60.8836,1000
32441,0.43,0.07,0.36,43.669999999999995,15:00:43,60.89,500,60.9,800,60.8954,120
32576,0.77,0.18,0.59,29.779999999999998,15:02:29,60.87,600,60.88,800,60.8734,450
32736,0.76,0.17,0.59,37.95000000000001,15:04:37,60.92,400,60.93,600,60.9247,130
32857,0.84,0.24,0.6,1.62,15:06:01,60.89,1700,60.9,1000,60.8992,100
33026,0.61,0.17,0.44,30.099999999999994,15:08:30,60.93,1200,60.94,300,60.9399,150
33171,0.45999999999999996,0.11,0.35,8.41,15:10:08,60.93,2000,60.94,900,60.9358,100
33205,0.59,0.15,0.44,36.39000000000001,15:10:36,60.9,400,60.91,700,60.901,201
33267,0.44,0.07,0.37,23.590000000000003,15:11:23,60.91,500,60.92,900,60.9114,125
33786,1.78,1.28,0.5,10.58,15:17:10,60.93,1000,60.94,1300,60.9342,100
33823,0.75,0.07,0.68,38.980000000000004,15:17:38,60.9,500,60.91,900,60.9087,100
33977,0.7799999999999999,0.21,0.57,30.400000000000002,15:19:30,60.9,1200,60.91,700,60.9055,100
34124,1.81,1.18,0.63,13.01,15:21:13,60.9,1900,60.91,900,60.907,350
34196,0.5900000000000001,0.07,0.52,0.0,15:22:00,60.91,1100,60.92,1000,60.9025,100
34374,0.57,0.08,0.49,6.170000000000001,15:24:06,60.99,800,61.0,1600,60.9956,567
34406,0.5900000000000001,0.07,0.52,34.400000000000006,15:24:34,61.0,900,61.01,700,61.0066,180
34467,0.47000000000000003,0.08,0.39,17.809999999999995,15:25:17,61.05,800,61.06,200,61.0557,250
34590,0.6000000000000001,0.14,0.46,40.41,15:26:40,61.03,400,61.04,300,61.0372,115
34611,0.6100000000000001,0.07,0.54,53.990000000000016,15:26:53,61.03,600,61.04,200,61.0356,200
34703,0.45999999999999996,0.1,0.36,58.09000000000004,15:27:58,61.08,600,61.09,1100,61.0864,750
34756,0.6,0.08,0.52,33.59000000000001,15:28:33,61.08,1600,61.09,100,61.0899,106
34856,1.05,0.12,0.93,48.86000000000002,15:29:48,61.11,1100,61.12,100,61.1199,105
34870,2.6,1.95,0.65,3.62,15:30:03,61.12,2200,61.13,1100,61.1266,250
34876,1.02,0.27,0.75,17.05,15:30:17,61.12,2200,61.13,1100,61.1274,1000
34963,0.77,0.2,0.57,26.150000000000002,15:31:26,61.07,700,61.08,300,61.0755,150
35133,0.6,0.08,0.52,21.400000000000002,15:33:21,61.1,1500,61.11,600,61.1001,1000
35259,0.6,0.17,0.43,43.79000000000001,15:34:43,61.11,900,61.12,1000,61.1142,116
35262,0.44,0.07,0.37,45.430000000000014,15:34:45,61.11,900,61.12,600,61.1164,1000
35434,0.57,0.08,0.49,37.91,15:36:37,61.09,2200,61.1,1000,61.0936,610
35543,0.6100000000000001,0.07,0.54,51.66000000000001,15:37:51,61.09,1900,61.1,2100,61.091,144
35697,0.59,0.24,0.35,38.61000000000001,15:39:38,61.05,1400,61.06,900,61.0501,128
35734,0.5900000000000001,0.07,0.52,9.629999999999999,15:40:09,61.05,1700,61.06,1600,61.059,500
36007,0.6,0.24,0.36,28.98000000000001,15:43:28,61.02,1700,61.03,1200,61.0292,100
36452,0.56,0.19,0.37,32.17999999999999,15:48:32,61.03,900,61.04,1500,61.0334,100
36549,0.75,0.26,0.49,39.78000000000001,15:49:39,61.01,1400,61.02,2400,61.0125,100
36609,0.8,0.07,0.73,20.380000000000006,15:50:20,61.01,400,61.02,800,61.0126,198
36697,0.77,0.07,0.7,31.949999999999992,15:51:31,61.01,800,61.02,1300,61.0158,100
36947,0.6,0.21,0.39,42.460000000000015,15:54:42,60.99,400,61.0,1100,60.9994,200
37044,0.5700000000000001,0.07,0.5,54.98,15:55:54,60.97,1600,60.98,2600,60.9785,100
37076,0.57,0.08,0.49,24.200000000000003,15:56:24,60.97,1000,60.98,3500,60.9743,780
37193,0.6100000000000001,0.07,0.54,16.19,15:59:16,61.0,2400,61.01,2200,61.0075,200
