,Total Delay,Request Delay,Saving Delay,Arrival Time,Time,Bid,Bid Size,Ask,Ask Size,Last Price,Last Size
0,0.6499999999999999,0.3,0.35,0.6499999999999999,09:30:00,249.77,200,250.47,100,249.76,100
197,2.11,1.93,0.18,0.0,09:32:00,249.92,400,250.44,200,250.2385,187
201,4.77,4.56,0.21,7.58,09:32:07,249.92,300,250.06,200,249.92,100
234,0.23,0.07,0.16,20.96,09:32:20,249.76,100,250.05,300,249.91,100
276,0.24000000000000002,0.07,0.17,35.19,09:32:35,249.93,100,250.43,300,250.02,100
302,0.39,0.22,0.17,43.41000000000002,09:32:43,249.79,100,250.02,100,249.79,100
359,0.35,0.18,0.17,0.0,09:33:00,249.74,100,250.04,100,249.8,100
440,0.45,0.25,0.2,30.35000000000001,09:33:30,249.68,100,249.84,100,249.68,100
475,0.32,0.09,0.23,42.370000000000005,09:33:42,249.64,100,249.89,100,249.67,200
508,1.78,1.57,0.21,0.0,09:34:00,249.64,100,249.89,100,249.765,100
556,0.47000000000000003,0.28,0.19,27.040000000000003,09:34:27,249.63,100,249.88,200,249.64,100
577,0.43,0.14,0.29,35.06,09:34:35,249.59,100,249.88,200,249.63,100
600,0.35000000000000003,0.08,0.27,43.150000000000006,09:34:43,249.58,100,249.88,200,249.58,100
614,0.38,0.08,0.3,0.0,09:35:00,249.56,100,249.87,100,249.56,100
625,2.72,2.35,0.37,14.980000000000002,09:35:14,249.53,100,249.86,100,249.7135,100
632,0.29000000000000004,0.07,0.22,18.68,09:35:18,249.51,200,249.83,100,249.675,100
636,0.43,0.22,0.21,20.59,09:35:20,249.51,200,249.79,100,249.7609,500
663,0.29000000000000004,0.07,0.22,31.039999999999996,09:35:31,249.51,100,249.76,100,249.635,200
720,0.24000000000000002,0.07,0.17,50.64000000000001,09:35:50,249.46,100,249.72,100,249.5553,300
721,0.25,0.07,0.18,50.89000000000001,09:35:50,249.46,100,249.54,100,249.46,100
733,0.35,0.19,0.16,54.79000000000001,09:35:54,249.46,100,249.85,100,249.505,200
767,1.8299999999999998,1.63,0.2,0.0,09:36:00,249.48,200,249.85,100,249.66,1604
790,0.38,0.09,0.29,17.880000000000003,09:36:17,249.5,100,249.85,100,249.7367,120
866,0.42,0.21,0.21,49.94000000000001,09:36:49,249.53,100,249.85,100,249.7,100
870,0.35000000000000003,0.08,0.27,51.580000000000005,09:36:51,249.54,100,249.85,100,249.695,145
893,0.28,0.07,0.21,9.77,09:37:09,249.62,200,249.85,100,249.62,100
934,0.35000000000000003,0.07,0.28,33.71,09:37:33,249.53,100,249.79,100,249.6808,300
954,0.47,0.21,0.26,41.829999999999984,09:37:41,249.55,100,249.79,100,249.77,100
965,0.42,0.18,0.24,45.72999999999998,09:37:45,249.54,100,249.79,200,249.6772,1403
1055,0.55,0.24,0.31,19.26,09:38:19,249.59,100,249.79,100,249.72,100
1071,0.39,0.13,0.26,25.15,09:38:25,249.59,100,249.79,200,249.69,100
1137,0.31,0.08,0.23,2.1999999999999997,09:39:02,249.75,300,249.88,100,249.85,100
1142,0.37,0.18,0.19,4.0,09:39:04,249.76,300,249.98,100,249.88,100
1147,0.38,0.08,0.3,5.94,09:39:05,249.76,300,250.04,100,250.0,150
1148,2.41,2.17,0.24,8.350000000000001,09:39:08,249.76,300,250.02,100,249.9174,833
1156,0.27,0.07,0.2,11.870000000000001,09:39:11,249.78,400,249.92,100,249.8358,125
1166,0.45,0.13,0.32,18.330000000000002,09:39:18,249.78,400,250.04,300,249.99,200
1181,0.43,0.18,0.25,23.910000000000007,09:39:23,250.01,200,250.26,300,250.11,100
1187,0.34,0.08,0.26,26.140000000000008,09:39:26,250.18,200,250.32,100,250.18,100
1193,0.44999999999999996,0.15,0.3,28.26,09:39:28,250.18,200,250.32,100,250.25,100
1197,0.53,0.17,0.36,30.130000000000003,09:39:30,250.18,200,250.32,100,250.31,100
1202,0.47,0.18,0.29,32.03,09:39:32,250.18,200,250.32,100,250.23,100
1216,0.49,0.22,0.27,38.47000000000001,09:39:38,250.0,100,250.3,200,250.19,100
1251,0.28,0.08,0.2,50.150000000000006,09:39:50,250.01,100,250.27,100,250.16,100
1266,0.52,0.28,0.24,0.0,09:40:00,250.02,400,250.27,100,250.2,100
1285,0.43,0.19,0.24,11.940000000000001,09:40:11,250.08,400,250.31,100,250.24,100
1303,0.33,0.07,0.26,21.790000000000006,09:40:21,250.08,400,250.23,100,250.1462,1574
1387,0.5700000000000001,0.27,0.3,54.11999999999999,09:40:54,250.13,500,250.31,100,250.3,100
1434,0.97,0.67,0.3,0.0,09:41:00,250.13,500,250.27,100,250.27,100
1438,0.28,0.07,0.21,1.27,09:41:01,250.14,300,250.38,800,250.32,100
1514,0.49,0.2,0.29,31.71000000000001,09:41:31,250.29,300,250.45,100,250.43,100
1523,0.47,0.09,0.38,35.52000000000001,09:41:35,250.06,200,250.32,100,250.29,100
1577,0.48,0.17,0.31,2.12,09:42:02,250.22,100,250.5,200,250.26,100
1591,0.39,0.08,0.31,7.99,09:42:07,250.0,200,250.48,200,250.06,100
1600,0.33,0.08,0.25,12.030000000000001,09:42:12,250.0,200,250.48,200,250.34,100
1605,0.39,0.09,0.3,13.83,09:42:13,250.08,300,250.48,100,250.48,100
1642,0.36,0.07,0.29,29.849999999999998,09:42:29,250.09,200,250.38,100,250.37,100
1676,0.54,0.25,0.29,0.0,09:43:00,250.09,300,250.38,100,250.2513,200
1680,0.45,0.2,0.25,1.84,09:43:01,250.17,400,250.39,100,250.41,200
1686,0.31,0.07,0.24,4.08,09:43:04,250.17,300,250.39,100,250.28,200
1695,0.45999999999999996,0.21,0.25,10.220000000000002,09:43:10,250.2,100,250.43,200,250.2792,117
1736,0.6000000000000001,0.27,0.33,28.36,09:43:28,250.09,100,250.25,300,250.1,100
1761,0.37,0.14,0.23,37.78,09:43:37,250.16,100,250.41,100,250.2867,200
1767,0.37,0.18,0.19,40.02,09:43:40,250.15,200,250.38,100,250.265,143
1873,0.36,0.14,0.22,18.089999999999993,09:44:18,250.0,300,250.26,100,250.155,100
1951,0.39,0.2,0.19,0.0,09:45:00,250.01,200,250.21,100,250.01,100
1973,1.24,0.86,0.38,15.999999999999998,09:45:15,249.85,1200,250.15,100,250.14,900
2030,0.38,0.2,0.18,39.75000000000002,09:45:39,250.02,200,250.15,100,250.15,100
2071,0.53,0.25,0.28,55.84000000000002,09:45:55,250.11,100,250.44,100,250.12,120
2130,0.43,0.18,0.25,0.0,09:46:00,250.09,200,250.24,100,250.2192,200
2209,0.53,0.27,0.26,27.959999999999994,09:46:27,250.22,100,250.45,100,250.4,100
2221,0.44,0.22,0.22,32.19,09:46:32,250.45,200,250.59,100,250.52,100
2227,0.25,0.07,0.18,0.0,09:47:00,250.45,200,250.58,100,250.49,100
2284,0.28,0.08,0.2,26.279999999999994,09:47:26,250.33,100,250.45,100,250.42,100
2290,0.28,0.09,0.19,28.269999999999996,09:47:28,250.34,100,250.46,100,250.45,100
2295,0.44999999999999996,0.09,0.36,30.199999999999992,09:47:30,250.33,100,250.59,100,250.58,100
2304,0.44,0.18,0.26,34.249999999999986,09:47:34,250.33,200,250.58,200,250.4395,610
2343,0.5900000000000001,0.27,0.32,48.38999999999999,09:47:48,250.34,100,250.56,100,250.547,230
2398,0.35000000000000003,0.07,0.28,0.0,09:48:00,250.37,300,250.55,100,250.5,100
2417,0.29000000000000004,0.07,0.22,12.049999999999997,09:48:12,250.4,100,250.55,100,250.54,100
2440,0.24000000000000002,0.07,0.17,19.88999999999999,09:48:19,250.4,100,250.55,100,250.475,200
2599,0.44,0.2,0.24,21.34000000000001,09:49:21,250.1,400,250.33,100,250.215,100
2649,0.45999999999999996,0.22,0.24,0.0,09:50:00,250.12,1100,250.44,200,250.262,150
2690,0.38,0.18,0.2,24.18,09:50:24,249.97,100,250.27,100,250.08,100
2706,0.30000000000000004,0.07,0.23,30.060000000000002,09:50:30,249.97,200,250.27,100,250.15599999999998,230
2794,2.9,2.59,0.31,0.0,09:51:00,249.97,200,250.17,100,250.07,100
2821,0.45,0.08,0.37,14.5,09:51:14,250.13,100,250.25,100,250.13,100
2939,2.09,1.8,0.29,6.7,09:52:06,250.3,200,250.39,100,250.36,100
2953,0.25,0.07,0.18,15.7,09:52:15,250.32,100,250.49,100,250.35,200
3036,0.37,0.17,0.2,43.76000000000001,09:52:43,250.45,100,250.64,100,250.55,100
3121,0.37,0.19,0.18,0.0,09:53:00,250.56,100,250.72,100,250.57,100
3158,0.42,0.24,0.18,12.090000000000002,09:53:12,250.56,200,250.84,100,250.7,200
3165,0.26,0.08,0.18,14.030000000000003,09:53:14,250.64,100,250.84,100,250.735,100
3323,0.27,0.08,0.19,0.0,09:54:00,250.5,100,250.65,100,250.63,100
3328,0.26,0.09,0.17,1.57,09:54:01,250.5,100,250.65,100,250.56,100
3378,0.35,0.12,0.23,0.0,09:55:00,250.53,100,250.68,100,250.53,100
3406,0.48,0.19,0.29,16.069999999999993,09:55:16,250.43,100,250.56,100,250.51,100
3448,0.45,0.25,0.2,34.08,09:55:34,250.21,400,250.52,200,250.39,100
3489,0.43000000000000005,0.23,0.2,49.97000000000001,09:55:49,250.28,100,250.51,100,250.395,156
3809,0.25,0.07,0.18,3.2199999999999998,09:58:03,250.32,100,250.44,100,250.38,200
4045,0.4,0.19,0.21,44.410000000000004,09:59:44,250.08,200,250.17,200,250.125,100
4094,0.32,0.07,0.25,0.0,10:00:00,249.86,200,250.13,100,249.97,100
4133,0.46,0.18,0.28,24.220000000000006,10:00:24,250.05,100,250.23,100,250.135,100
4202,1.21,0.77,0.44,0.0,10:01:00,249.87,200,250.22,100,250.0254,150
4238,0.27,0.07,0.2,21.480000000000004,10:01:21,249.87,200,250.17,200,249.93,100
4274,0.25,0.07,0.18,33.440000000000005,10:01:33,249.89,200,250.17,200,250.0403,777
4311,0.44999999999999996,0.24,0.21,45.60000000000003,10:01:45,249.93,100,250.22,100,250.09400000000002,200
4381,0.76,0.5,0.26,0.0,10:02:00,249.87,100,250.09,100,249.95,200
4392,0.27,0.09,0.18,3.11,10:02:03,249.87,100,250.14,100,249.89,100
4456,0.42000000000000004,0.23,0.19,25.070000000000007,10:02:25,249.89,100,250.13,100,249.895,100
4494,0.36,0.12,0.24,0.0,10:03:00,249.89,200,250.18,300,250.035,500
4525,0.30000000000000004,0.1,0.2,11.770000000000003,10:03:11,249.95,100,250.17,100,250.0686,500
4602,0.4,0.23,0.17,41.910000000000004,10:03:41,249.9,100,250.16,200,249.9,100
4683,2.75,2.41,0.34,17.61,10:04:17,249.9,200,250.13,100,250.0523,227
4902,0.49,0.23,0.26,35.91999999999999,10:05:35,249.93,300,250.1,100,250.015,100
4912,0.42,0.24,0.18,39.87999999999998,10:05:39,249.93,300,250.1,100,249.94,100
4962,0.31,0.15,0.16,22.06,10:06:22,249.88,700,250.04,100,249.96,100
5005,0.41000000000000003,0.08,0.33,36.3,10:06:36,249.84,100,249.97,100,249.905,100
5084,1.94,1.74,0.2,4.08,10:07:04,249.84,100,249.97,100,249.84,100
5361,0.29000000000000004,0.07,0.22,43.869999999999976,10:08:43,249.76,100,249.91,100,249.78,100
5381,3.4,3.07,0.33,0.0,10:09:00,249.66,100,249.84,200,249.73,100
5401,0.36,0.07,0.29,12.86,10:09:12,249.66,100,249.83,100,249.745,100
5462,168.17,168.0,0.17,0.0,10:12:00,249.39,100,249.57,100,249.4,100
5513,0.44,0.19,0.25,16.490000000000002,10:12:16,249.39,200,249.57,100,249.48,100
5534,0.44,0.24,0.2,24.31000000000001,10:12:24,249.4,100,249.56,100,249.54,100
5559,1.82,1.57,0.25,0.0,10:13:00,249.34,300,249.5,100,249.41,100
5597,0.25,0.07,0.18,21.369999999999997,10:13:21,249.34,100,249.5,200,249.34,100
5603,0.28,0.07,0.21,23.6,10:13:23,249.33,200,249.5,200,249.33,100
5640,0.30000000000000004,0.07,0.23,37.36000000000001,10:13:37,249.25,100,249.49,200,249.49,100
5671,0.27,0.08,0.19,47.610000000000014,10:13:47,249.25,100,249.49,200,249.38,100
5697,0.35,0.18,0.17,0.0,10:14:00,249.25,100,249.4,100,249.32,100
5743,0.4,0.21,0.19,25.9,10:14:25,249.25,200,249.4,200,249.25,100
5748,0.36,0.17,0.19,27.740000000000002,10:14:27,249.25,100,249.4,200,249.325,375
5805,0.24000000000000002,0.07,0.17,45.770000000000024,10:14:45,249.15,100,249.39,100,249.23,100
5813,0.23,0.07,0.16,48.03000000000003,10:14:48,249.15,100,249.39,200,249.27,100
5837,0.30000000000000004,0.07,0.23,55.97000000000001,10:14:55,249.15,100,249.34,200,249.22,100
5862,0.26,0.08,0.18,0.0,10:15:00,249.15,100,249.34,200,249.245,100
5863,1.73,1.47,0.26,1.73,10:15:01,249.16,100,249.29,100,249.265,100
5865,3.1599999999999997,2.82,0.34,5.529999999999999,10:15:05,249.16,100,249.29,100,249.2575,100
5866,0.30000000000000004,0.07,0.23,5.829999999999999,10:15:05,249.16,400,249.29,100,249.225,300
5873,1.99,1.65,0.34,10.719999999999997,10:15:10,249.16,400,249.29,100,249.17,100
5890,0.29,0.08,0.21,16.889999999999993,10:15:16,249.07,100,249.25,300,249.16,100
5896,0.33,0.14,0.19,18.78999999999999,10:15:18,249.08,100,249.24,200,249.12,100
5902,0.41000000000000003,0.23,0.18,21.07999999999999,10:15:21,249.07,100,249.24,300,249.08,100
5907,0.37,0.18,0.19,22.839999999999993,10:15:22,249.07,100,249.18,200,249.125,100
5933,0.31,0.15,0.16,30.979999999999993,10:15:30,249.05,100,249.15,300,249.07,100
5939,0.24000000000000002,0.07,0.17,32.699999999999996,10:15:32,249.02,200,249.12,200,249.085,100
5967,0.24000000000000002,0.07,0.17,40.66000000000002,10:15:40,249.02,500,249.14,100,249.11,100
6020,2.12,1.91,0.21,16.04,10:16:16,249.08,200,249.17,200,249.09,100
6021,0.24000000000000002,0.07,0.17,16.279999999999998,10:16:16,249.08,200,249.17,200,249.16099999999997,500
6076,0.24000000000000002,0.07,0.17,36.15,10:16:36,249.08,300,249.19,100,249.135,100
6117,0.39,0.2,0.19,50.22000000000002,10:16:50,249.01,100,249.19,100,249.04,138
6171,2.12,1.85,0.27,20.26,10:17:20,249.02,100,249.19,200,249.05,100
6201,0.39,0.07,0.32,31.990000000000006,10:17:31,248.87,100,249.18,200,249.01,100
6210,0.25,0.07,0.18,35.110000000000014,10:17:35,248.87,100,249.07,100,248.97,100
6218,0.31,0.08,0.23,37.940000000000026,10:17:37,248.88,100,249.07,300,248.89,100
6222,0.29,0.08,0.21,39.06000000000003,10:17:39,248.88,100,249.07,300,248.88,100
6225,0.28,0.08,0.2,40.20000000000004,10:17:40,248.88,200,249.07,300,248.956,100
6237,0.4,0.21,0.19,44.140000000000036,10:17:44,248.91,200,249.07,300,248.95,100
6242,0.28,0.08,0.2,45.970000000000034,10:17:45,248.91,300,249.07,300,248.99,100
6275,0.35000000000000003,0.07,0.28,0.0,10:18:00,248.91,300,249.07,300,248.96,100
6285,0.4,0.19,0.21,4.0,10:18:04,248.91,300,249.07,300,249.03,100
6318,52.14,51.78,0.36,0.0,10:19:00,248.89,100,249.16,300,248.91,100
6394,0.42000000000000004,0.23,0.19,28.37,10:19:28,248.75,100,248.94,200,248.78,100
6400,0.33,0.07,0.26,30.29,10:19:30,248.75,100,248.86,200,248.805,100
6427,0.32,0.09,0.23,0.0,10:20:00,248.79,400,249.02,200,248.87,100
6432,0.33,0.08,0.25,1.9900000000000002,10:20:01,248.79,200,249.02,100,248.84,100
6446,0.39,0.17,0.22,11.98,10:20:11,248.95,400,249.08,100,249.015,100
6459,0.4,0.21,0.19,17.759999999999998,10:20:17,248.96,200,249.09,100,249.0,100
6472,0.35000000000000003,0.08,0.27,23.69,10:20:23,248.84,1200,249.09,100,248.85,100
6559,0.6000000000000001,0.07,0.53,10.14,10:21:10,249.06,100,249.22,100,249.13,100
6563,0.71,0.23,0.48,12.68,10:21:12,248.91,200,249.04,100,249.02,100
6566,0.43,0.07,0.36,14.299999999999999,10:21:14,248.81,100,249.03,100,248.915,100
6600,0.5499999999999999,0.08,0.47,32.60999999999999,10:21:32,248.89,100,249.05,100,248.9484,100
6647,0.49,0.18,0.31,23.600000000000005,10:22:23,248.96,500,249.11,200,249.1099,100
6661,0.75,0.27,0.48,30.350000000000005,10:22:30,249.09,400,249.27,100,249.035,100
6784,0.36,0.09,0.27,10.030000000000001,10:23:10,249.09,600,249.27,100,249.18,100
6793,0.41000000000000003,0.17,0.24,14.100000000000001,10:23:14,249.1,200,249.27,100,249.2,100
6798,0.42000000000000004,0.19,0.23,16.220000000000002,10:23:16,249.1,400,249.27,100,249.1986,100
6808,0.33,0.13,0.2,19.88,10:23:19,249.11,100,249.27,100,249.19,100
6814,0.33999999999999997,0.12,0.22,21.95,10:23:21,249.15,400,249.27,100,249.21,100
6854,0.25,0.07,0.18,1.9,10:24:01,249.22,200,249.32,100,249.29,100
6875,0.44,0.14,0.3,20.340000000000003,10:24:20,249.28,200,249.35,200,249.31,100
6879,0.57,0.21,0.36,22.370000000000005,10:24:22,249.28,300,249.35,200,249.3261,225
6888,0.34,0.08,0.26,26.080000000000002,10:24:26,249.28,500,249.35,100,249.315,130
6900,0.49,0.18,0.31,31.909999999999997,10:24:31,249.29,300,249.43,100,249.36,100
6939,0.48,0.19,0.29,48.18000000000001,10:24:48,249.37,200,249.49,100,249.37,100
7001,0.4,0.08,0.32,0.0,10:25:00,249.38,300,249.49,100,249.44,100
7015,0.45999999999999996,0.17,0.29,6.920000000000001,10:25:06,249.38,500,249.48,100,249.435,271
7033,0.6699999999999999,0.24,0.43,15.319999999999999,10:25:15,249.4,100,249.53,100,249.53,100
7048,0.48,0.12,0.36,21.910000000000004,10:25:21,249.41,100,249.52,200,249.42,100
7058,0.43,0.18,0.25,26.0,10:25:26,249.29,200,249.46,400,249.39,100
7067,0.32,0.07,0.25,30.240000000000006,10:25:30,249.34,100,249.4,200,249.365,100
7075,0.51,0.27,0.24,0.0,10:26:00,249.34,200,249.43,100,249.35,100
7089,0.4,0.08,0.32,7.869999999999999,10:26:07,249.34,300,249.43,100,249.385,100
7122,0.42000000000000004,0.15,0.27,28.230000000000008,10:26:28,249.1,400,249.37,200,249.235,100
7137,0.33,0.08,0.25,33.800000000000004,10:26:33,249.11,2100,249.37,200,249.24,100
7205,0.24000000000000002,0.07,0.17,6.880000000000001,10:27:06,249.21,400,249.37,200,249.3699,100
7262,0.5,0.23,0.27,1.8,10:28:01,249.43,400,249.55,100,249.43,100
7312,0.39,0.22,0.17,25.86,10:28:25,249.29,500,249.5,100,249.5,100
7353,0.31,0.08,0.23,39.83,10:28:39,249.36,400,249.55,100,249.55,100
7422,0.42000000000000004,0.2,0.22,4.04,10:29:04,249.56,400,249.75,100,249.65,100
7459,0.25,0.08,0.17,22.200000000000003,10:29:22,249.69,200,249.87,200,249.75,100
7472,0.34,0.07,0.27,26.070000000000007,10:29:26,249.69,200,249.82,100,249.81,100
7500,0.6,0.25,0.35,36.300000000000004,10:29:36,249.69,400,249.82,100,249.8199,100
7522,0.26,0.07,0.19,43.840000000000025,10:29:43,249.72,100,249.86,100,249.8599,100
7554,0.26,0.08,0.18,53.79000000000003,10:29:53,249.69,900,249.86,200,249.86,100
7561,0.38,0.17,0.21,56.03000000000003,10:29:56,249.73,800,249.91,200,249.87,100
7566,0.52,0.19,0.33,58.06000000000003,10:29:58,249.83,700,250.04,100,250.04,100
7571,0.55,0.24,0.31,0.0,10:30:00,249.84,700,250.04,100,250.03,100
7649,0.37,0.14,0.23,37.459999999999994,10:30:37,249.85,200,250.04,100,249.9298,100
7750,0.33,0.14,0.19,0.0,10:31:00,249.87,200,250.04,100,249.955,100
7766,0.30000000000000004,0.07,0.23,5.98,10:31:05,249.67,400,249.9,100,249.785,100
7772,0.44,0.23,0.21,8.280000000000001,10:31:08,249.67,400,249.89,100,249.885,100
7775,0.42,0.21,0.21,9.940000000000001,10:31:09,249.68,100,249.89,100,249.7912,900
7804,0.4,0.23,0.17,0.0,10:33:00,249.78,300,249.98,100,249.98,100
7934,0.37,0.15,0.22,0.0,10:34:00,249.6,3400,249.95,200,249.775,100
8133,1.6199999999999999,0.19,1.43,16.19,10:35:16,249.6,100,249.74,200,249.6,200
8162,1.2,0.77,0.43,0.0,10:36:00,249.6,100,249.74,200,249.61,100
8171,0.59,0.08,0.51,5.220000000000001,10:36:05,249.52,300,249.74,300,249.59,100
8221,0.6,0.08,0.52,37.28000000000001,10:36:37,249.56,400,249.74,200,249.57,100
8237,1.78,1.26,0.52,0.0,10:37:00,249.54,200,249.65,200,249.595,100
8263,0.59,0.16,0.43,18.139999999999997,10:37:18,249.51,100,249.65,300,249.51,100
8322,0.57,0.08,0.49,0.0,10:38:00,249.46,100,249.65,200,249.47,100
8466,0.6499999999999999,0.07,0.58,32.830000000000005,10:39:32,249.43,200,249.56,200,249.495,100
8493,0.79,0.07,0.72,6.409999999999999,10:40:06,249.52,200,249.74,100,249.6646,125
8635,0.5900000000000001,0.14,0.45,41.230000000000004,10:41:41,249.65,100,249.82,100,249.82,100
8826,0.6,0.22,0.38,39.63000000000001,10:43:39,249.46,200,249.7,200,249.52,100
8888,0.6000000000000001,0.07,0.53,36.170000000000016,10:44:36,249.41,100,249.62,200,249.45,100
9074,0.79,0.4,0.39,41.82,10:46:41,249.19,100,249.33,100,249.3,100
9160,0.6100000000000001,0.07,0.54,36.62999999999999,10:47:36,249.36,200,249.61,100,249.4279,320
9175,0.6,0.22,0.38,46.63999999999999,10:47:46,249.52,200,249.71,100,249.655,100
9186,0.61,0.18,0.43,53.260000000000005,10:47:53,249.61,200,249.71,100,249.71,100
9264,0.6,0.24,0.36,24.150000000000002,10:48:24,249.47,100,249.74,200,249.5812,100
9430,0.5800000000000001,0.26,0.32,41.31000000000002,10:50:41,249.23,200,249.51,200,249.482,105
9469,1.4100000000000001,0.74,0.67,0.0,10:51:00,249.23,100,249.37,100,249.26,185
9474,0.6100000000000001,0.07,0.54,7.57,10:51:07,249.09,200,249.32,100,249.205,200
9529,0.6000000000000001,0.07,0.53,43.7,10:51:43,249.22,100,249.43,200,249.428,150
9552,0.75,0.28,0.47,7.15,10:52:07,249.21,100,249.43,200,249.287,200
9573,0.62,0.21,0.41,28.40000000000001,10:52:28,249.24,200,249.43,200,249.335,100
9747,0.5800000000000001,0.07,0.51,0.0,10:54:00,249.25,100,249.41,200,249.28,100
9889,0.62,0.23,0.39,7.81,10:57:07,249.38,100,249.55,200,249.465,100
10099,1.19,0.57,0.62,9.19,11:00:09,249.33,400,249.51,200,249.425,100
10221,0.5700000000000001,0.07,0.5,19.209999999999997,11:01:19,249.24,100,249.45,200,249.345,636
10257,0.76,0.07,0.69,0.76,11:04:00,249.11,100,249.24,100,249.1413,200
10261,0.7699999999999999,0.08,0.69,4.329999999999999,11:04:04,249.1,100,249.24,200,249.1,100
10338,0.8200000000000001,0.07,0.75,6.01,11:05:06,248.84,400,249.12,200,248.975,100
10344,3.99,3.43,0.56,14.360000000000001,11:05:14,248.84,400,248.93,200,248.93,100
10355,0.43,0.07,0.36,21.17000000000001,11:05:21,248.84,100,248.92,100,248.8772,300
10492,0.43,0.12,0.31,45.14999999999999,11:06:45,249.12,100,249.27,100,249.2104,100
10535,0.56,0.12,0.44,19.999999999999996,11:07:19,249.28,200,249.41,100,249.3554,100
10653,0.8,0.18,0.62,1.62,11:08:01,249.11,100,249.4,200,249.3899,100
10663,0.46,0.07,0.39,7.8500000000000005,11:08:07,249.11,100,249.39,200,249.255,100
10800,0.61,0.17,0.44,6.41,11:10:06,249.0,200,249.29,200,249.06,100
10812,0.44,0.08,0.36,14.039999999999997,11:10:14,249.01,1900,249.29,300,249.145,100
10837,0.6000000000000001,0.07,0.53,28.23,11:10:28,249.04,200,249.29,100,249.264,100
10870,0.6200000000000001,0.28,0.34,48.350000000000016,11:10:48,249.07,100,249.29,200,249.2899,100
10904,0.6,0.22,0.38,0.0,11:11:00,249.09,300,249.29,100,249.14,100
11304,0.42,0.07,0.35,7.6,11:17:07,249.26,200,249.42,100,249.2601,100
11587,4.01,3.41,0.6,9.79,11:21:09,249.05,100,249.24,200,249.1653,100
11657,0.78,0.18,0.6,0.0,11:22:00,249.0,100,249.22,200,249.02200000000002,400
11696,0.59,0.09,0.5,29.41,11:22:29,248.91,100,249.15,300,248.94,100
11714,0.61,0.11,0.5,39.410000000000004,11:22:39,248.91,200,249.15,300,249.15,100
11769,0.79,0.34,0.45,25.99,11:23:25,248.99,200,249.16,100,249.041,1000
11835,0.61,0.21,0.4,0.0,11:24:00,248.89,100,249.08,100,248.985,100
11838,2.16,1.63,0.53,3.56,11:24:03,248.88,100,249.07,200,248.9,100
11952,0.6,0.17,0.43,36.28,11:25:36,248.76,800,248.99,200,248.8,100
12147,2.5700000000000003,1.76,0.81,8.21,11:30:08,249.32,100,249.46,200,249.4563,100
12363,0.6,0.13,0.47,25.85,11:32:25,249.35,400,249.46,100,249.405,300
12451,0.43999999999999995,0.09,0.35,50.00000000000001,11:33:50,249.42,300,249.53,100,249.475,200
12491,0.62,0.08,0.54,23.17000000000001,11:34:23,249.39,100,249.49,100,249.46599999999998,900
12614,3.59,3.07,0.52,0.0,11:37:00,249.67,200,249.76,100,249.74,100
12642,0.61,0.1,0.51,18.81,11:37:18,249.72,200,249.8,300,249.7999,101
12673,0.44,0.07,0.37,36.79,11:37:36,249.72,400,249.8,300,249.7599,110
12866,0.75,0.07,0.68,56.40000000000003,11:41:56,249.74,200,249.84,100,249.83,100
12930,0.58,0.23,0.35,24.179999999999986,11:42:24,249.77,100,249.91,100,249.86599999999999,441
13619,0.38,0.22,0.16,0.0,11:48:00,249.77,200,249.89,100,249.835,1400
14054,1.58,1.3,0.28,5.01,11:51:05,249.7,200,249.88,100,249.7786,100
14158,0.28,0.07,0.21,48.040000000000006,11:51:48,249.74,100,249.86,200,249.805,500
15020,0.35,0.18,0.17,30.18,11:57:30,249.83,100,249.96,100,249.9125,100
15109,5.33,5.14,0.19,0.0,11:58:00,249.83,100,249.99,200,249.9292,100
15255,0.45000000000000007,0.17,0.28,0.0,11:59:00,249.82,100,249.94,100,249.8825,100
15381,0.27,0.08,0.19,53.57999999999999,11:59:53,249.96,100,250.1,100,249.945,100
15504,0.38,0.2,0.18,0.0,12:00:00,249.97,100,250.13,200,250.05,100
16036,0.36,0.15,0.21,0.0,12:04:00,250.0,100,250.1,100,250.09,100
16048,2.82,2.61,0.21,8.67,12:04:08,249.84,200,250.05,200,249.995,100
16259,0.25,0.08,0.17,5.940000000000001,12:05:05,249.83,200,250.02,100,249.845,100
16503,0.25,0.07,0.18,0.0,12:07:00,249.74,200,249.93,100,249.83700000000002,250
16710,0.32,0.14,0.18,31.96999999999999,12:08:31,249.82,100,249.93,200,249.875,100
17271,0.33999999999999997,0.18,0.16,48.06,12:11:48,249.89,500,249.98,100,249.935,12700
17451,0.38,0.18,0.2,0.0,12:13:00,249.91,500,250.0,100,249.968,274
17585,0.44,0.26,0.18,54.27,12:13:54,249.94,500,250.03,100,249.985,100
17831,0.44999999999999996,0.24,0.21,39.810000000000024,12:15:39,249.98,200,250.06,100,250.028,192
17850,0.31,0.12,0.19,45.81000000000003,12:15:45,249.97,400,250.06,100,250.0194,100
17912,0.33,0.14,0.19,0.0,12:16:00,249.97,400,250.06,100,250.0106,100
18014,0.44000000000000006,0.17,0.27,41.82000000000003,12:16:41,249.92,100,250.0,500,249.9201,100
18090,0.42,0.24,0.18,10.840000000000002,12:17:10,249.94,100,250.05,100,249.9896,100
18444,0.23,0.07,0.16,8.24,12:19:08,249.89,100,249.96,100,249.925,100
18524,0.4,0.21,0.19,32.11,12:19:32,249.94,100,250.01,100,249.975,100
18667,0.25,0.08,0.17,0.0,12:20:00,249.97,300,250.08,100,250.025,100
19322,0.56,0.12,0.44,0.0,12:25:00,249.87,100,249.98,100,249.9074,1000
19556,0.48,0.21,0.27,53.86,12:26:53,249.87,200,249.99,100,249.9361,250
19727,0.24000000000000002,0.07,0.17,0.0,12:28:00,249.9,200,250.03,100,249.9806,100
19757,3.4000000000000004,3.2,0.2,15.900000000000004,12:28:15,249.9,200,250.03,100,249.965,100
20703,0.53,0.22,0.31,8.980000000000002,12:34:08,249.68,3800,249.88,200,249.7676,100
20837,3.3000000000000003,3.08,0.22,0.0,12:35:00,249.72,100,249.88,100,249.795,247
21247,0.56,0.24,0.32,46.00000000000002,12:37:46,249.18,700,249.41,100,249.295,100
21297,0.28,0.07,0.21,8.16,12:38:08,249.13,100,249.26,100,249.195,100
21515,0.25,0.08,0.17,19.950000000000003,12:40:19,249.18,100,249.29,100,249.2296,100
21521,0.29000000000000004,0.13,0.16,21.870000000000005,12:40:21,249.18,100,249.29,100,249.2658,622
21692,0.38,0.21,0.17,27.990000000000002,12:41:27,249.34,200,249.44,100,249.3962,200
21731,0.35,0.14,0.21,40.24,12:41:40,249.35,100,249.44,200,249.3875,100
21800,0.30000000000000004,0.14,0.16,4.68,12:44:04,249.18,200,249.35,200,249.263,200
21932,0.39,0.2,0.19,0.0,12:45:00,249.18,100,249.33,100,249.2628,208
22122,0.29,0.08,0.21,40.919999999999995,12:46:40,249.2,100,249.33,100,249.2711,300
22509,2.99,2.72,0.27,6.510000000000001,12:49:06,249.3,100,249.36,300,249.3001,100
23382,0.37,0.09,0.28,45.04000000000003,12:54:45,249.13,100,249.25,100,249.172,100
23878,2.7800000000000002,2.47,0.31,0.0,12:58:00,249.08,100,249.13,200,249.1137,100
23938,0.4,0.23,0.17,19.96,12:58:19,249.07,200,249.14,100,249.095,100
23957,0.34,0.17,0.17,25.73999999999999,12:58:25,249.06,100,249.14,100,249.12599999999998,138
24459,3.23,3.06,0.17,7.34,13:03:07,249.36,100,249.47,300,249.3988,100
24609,0.44,0.25,0.19,0.0,13:04:00,249.39,300,249.47,100,249.4226,400
25045,0.41000000000000003,0.18,0.23,50.07000000000001,13:09:50,249.19,300,249.34,100,249.2653,400
25722,0.6000000000000001,0.07,0.53,45.550000000000004,13:15:45,249.37,200,249.47,200,249.4246,247
26139,0.62,0.14,0.48,18.369999999999997,13:20:18,249.33,200,249.46,200,249.395,300
26691,1.2,0.07,1.13,46.850000000000016,13:28:46,249.21,300,249.3,200,249.2999,100
26701,4.220000000000001,2.99,1.23,5.590000000000001,13:29:05,249.26,300,249.33,100,249.3034,100
26972,2.62,1.65,0.97,16.58,13:35:16,249.11,100,249.26,200,249.174,111
27014,1.01,0.08,0.93,0.0,13:36:00,249.13,300,249.22,200,249.175,100
27081,1.1800000000000002,0.39,0.79,1.1800000000000002,13:37:01,248.89,200,249.02,100,248.955,200
27136,1.01,0.08,0.93,32.970000000000006,13:38:32,249.04,100,249.15,100,249.0818,100
27188,1.19,0.29,0.9,33.18000000000001,13:39:33,248.97,100,249.12,200,249.045,100
27255,1.23,0.09,1.14,0.0,13:42:00,248.87,100,249.0,200,248.92,100
27273,1.4000000000000001,0.07,1.33,24.96,13:42:24,248.87,100,248.99,100,248.922,300
27320,1.1800000000000002,0.07,1.11,25.419999999999998,13:43:25,249.0,100,249.14,200,249.0784,100
27371,1.22,0.08,1.14,0.0,13:44:00,249.1,300,249.18,100,249.1256,100
27429,1.01,0.21,0.8,0.0,13:45:00,248.98,200,249.15,200,249.0669,145
27488,1.21,0.08,1.13,33.16,13:46:33,248.87,100,249.04,200,248.98,100
27560,1.0,0.08,0.92,11.99,13:48:11,248.97,100,249.03,100,248.9881,375
27586,0.98,0.09,0.89,39.78,13:48:39,248.85,200,248.99,200,248.86,100
27591,0.97,0.08,0.89,44.16,13:48:44,248.85,200,248.99,200,248.9032,102
27690,0.81,0.14,0.67,0.0,13:50:00,248.81,100,248.93,100,248.81,100
27713,1.22,0.07,1.15,1.22,13:51:01,248.71,100,248.8,100,248.75,279
27719,1.2,0.21,0.99,8.78,13:51:08,248.72,100,248.85,100,248.77,100
27721,1.2000000000000002,0.27,0.93,11.18,13:51:11,248.72,100,248.85,100,248.7928,200
27724,0.81,0.07,0.74,18.18,13:51:18,248.72,100,248.85,100,248.72,100
27769,1.01,0.27,0.74,0.0,13:52:00,248.71,300,248.85,200,248.73,100
27802,1.19,0.22,0.97,31.760000000000005,13:52:31,248.67,100,248.8,200,248.76,100
27842,0.81,0.16,0.65,9.000000000000002,13:53:09,248.69,100,248.85,600,248.7597,100
27845,0.82,0.08,0.74,11.810000000000002,13:53:11,248.69,100,248.85,500,248.845,100
27889,0.98,0.07,0.91,0.0,13:54:00,248.7,200,248.85,200,248.835,100
27974,1.21,0.12,1.09,0.0,13:56:00,248.71,200,248.85,300,248.775,100
27993,1.0,0.2,0.8,22.179999999999996,13:56:22,248.6,200,248.73,100,248.66,100
27995,0.8099999999999999,0.08,0.73,23.989999999999995,13:56:23,248.59,200,248.73,300,248.61,100
28024,0.82,0.09,0.73,50.01999999999999,13:56:50,248.51,100,248.72,200,248.51,180
28026,0.81,0.07,0.74,0.0,13:57:00,248.51,200,248.7,200,248.605,100
28035,4.0200000000000005,3.37,0.65,14.590000000000003,13:57:14,248.52,1200,248.7,200,248.6232,100
28055,0.8099999999999999,0.08,0.73,35.77,13:57:35,248.51,300,248.7,200,248.53,100
28083,3.0,2.35,0.65,0.0,13:58:00,248.52,100,248.68,200,248.6,100
28095,1.23,0.08,1.15,20.200000000000003,13:58:20,248.52,100,248.68,200,248.52,100
28136,1.1800000000000002,0.07,1.11,2.58,13:59:02,248.51,100,248.68,200,248.67,100
28149,1.19,0.13,1.06,18.360000000000003,13:59:18,248.51,100,248.64,300,248.5672,134
28154,1.3699999999999999,0.17,1.2,24.350000000000005,13:59:24,248.51,100,248.64,300,248.635,100
28157,1.2,0.07,1.13,27.960000000000004,13:59:27,248.51,100,248.64,300,248.54,100
28182,2.2199999999999998,1.17,1.05,0.0,14:00:00,248.5,300,248.63,100,248.57,100
28195,1.4000000000000001,0.28,1.12,14.980000000000002,14:00:14,248.57,200,248.63,100,248.62,100
28196,1.21,0.08,1.13,16.19,14:00:16,248.57,200,248.64,100,248.63,100
28217,1.0,0.19,0.81,37.79,14:00:37,248.6,200,248.68,200,248.6792,100
28230,1.19,0.21,0.98,0.0,14:01:00,248.55,200,248.62,100,248.58,100
28235,0.98,0.24,0.74,8.0,14:01:08,248.54,200,248.59,100,248.56,100
28240,0.98,0.14,0.84,13.370000000000001,14:01:13,248.59,100,248.66,200,248.585,100
28273,1.19,0.33,0.86,50.17,14:01:50,248.55,100,248.66,100,248.55,142
28278,3.21,2.37,0.84,3.21,14:02:03,248.55,100,248.67,100,248.6343,200
28297,0.8099999999999999,0.08,0.73,26.400000000000002,14:02:26,248.54,200,248.67,100,248.64,100
28352,1.1900000000000002,0.08,1.11,26.410000000000004,14:03:26,248.51,200,248.62,100,248.59,100
28482,0.8200000000000001,0.07,0.75,0.0,14:06:00,248.58,200,248.67,100,248.65,100
28522,1.03,0.16,0.87,3.41,14:07:03,248.54,1100,248.63,100,248.5853,270
28585,0.81,0.07,0.74,0.0,14:08:00,248.56,100,248.67,200,248.6079,100
28592,1.2,0.07,1.13,8.389999999999999,14:08:08,248.56,100,248.67,200,248.615,200
28651,1.58,0.24,1.34,26.97,14:09:26,248.57,400,248.62,100,248.5887,202
28676,1.42,0.23,1.19,1.42,14:10:01,248.62,100,248.68,100,248.68,100
28697,0.8,0.07,0.73,25.85000000000001,14:10:25,248.63,100,248.7,200,248.69,100
28700,0.8200000000000001,0.18,0.64,33.86000000000001,14:10:33,248.68,100,248.72,100,248.7,200
28714,1.1800000000000002,0.07,1.11,0.0,14:11:00,248.71,100,248.77,300,248.74,100
28759,0.8200000000000001,0.17,0.65,49.39000000000001,14:11:49,248.71,200,248.81,100,248.7535,117
28772,1.02,0.2,0.82,2.18,14:12:02,248.72,2000,248.81,100,248.79,100
28783,1.0,0.35,0.65,14.410000000000002,14:12:14,248.73,100,248.81,100,248.7804,100
28901,3.58,2.89,0.69,16.01,14:14:16,248.82,200,248.92,100,248.82,100
29007,1.01,0.24,0.77,0.0,14:16:00,248.68,100,248.81,200,248.745,100
29044,1.3900000000000001,0.14,1.25,0.0,14:17:00,248.64,100,248.76,100,248.71,200
29168,1.1800000000000002,0.09,1.09,17.0,14:19:17,248.52,200,248.62,200,248.6066,195
29187,0.98,0.2,0.78,36.20999999999998,14:19:36,248.5,300,248.59,100,248.545,100
29216,1.2,0.33,0.87,0.0,14:20:00,248.5,300,248.61,200,248.6008,175
29219,1.18,0.22,0.96,3.37,14:20:03,248.41,300,248.55,100,248.5,100
29295,0.5700000000000001,0.07,0.5,3.96,14:21:03,248.5,100,248.57,200,248.535,100
29312,3.42,2.83,0.59,19.769999999999996,14:21:19,248.43,100,248.56,100,248.49,100
29345,0.6,0.08,0.52,40.02000000000002,14:21:40,248.42,300,248.55,200,248.46,100
29421,0.57,0.08,0.49,0.0,14:22:00,248.33,200,248.54,200,248.43,100
29459,0.5700000000000001,0.2,0.37,20.000000000000004,14:22:20,248.35,100,248.52,100,248.435,100
29488,0.44,0.07,0.37,0.0,14:23:00,248.34,200,248.51,200,248.425,200
29512,0.6,0.24,0.36,15.149999999999999,14:23:15,248.33,100,248.5,200,248.35,100
29536,0.43,0.07,0.36,27.960000000000004,14:23:27,248.34,100,248.5,200,248.495,100
29572,0.62,0.21,0.41,47.410000000000004,14:23:47,248.34,100,248.48,100,248.415,100
29612,0.44,0.14,0.3,0.0,14:24:00,248.32,100,248.47,200,248.34,100
29625,0.61,0.2,0.41,8.62,14:24:08,248.28,100,248.45,200,248.29,100
29659,0.6200000000000001,0.07,0.55,30.240000000000006,14:24:30,248.25,100,248.42,200,248.25,100
29673,3.62,3.02,0.6,7.4,14:25:07,248.26,100,248.35,100,248.26,100
29685,0.42,0.07,0.35,19.840000000000003,14:25:19,248.36,100,248.51,100,248.37,100
29729,0.78,0.07,0.71,47.990000000000016,14:25:47,248.42,100,248.73,200,248.525,100
29975,0.64,0.27,0.37,37.43000000000001,14:28:37,248.45,400,248.58,300,248.48,200
30192,0.61,0.23,0.38,0.0,14:31:00,248.53,100,248.62,100,248.575,100
30305,0.77,0.27,0.5,0.0,14:32:00,248.47,100,248.58,100,248.565,100
30403,0.8300000000000001,0.15,0.68,21.46999999999999,14:33:21,248.45,200,248.59,100,248.5188,150
30442,0.73,0.2,0.53,1.9900000000000002,14:34:01,248.44,100,248.56,100,248.455,200
30490,0.6,0.24,0.36,3.58,14:36:03,248.36,100,248.5,100,248.45,100
30520,0.5800000000000001,0.07,0.51,23.36,14:36:23,248.37,100,248.6,200,248.38,100
30559,0.6300000000000001,0.07,0.56,0.0,14:37:00,248.29,100,248.52,200,248.39,100
30565,0.6000000000000001,0.07,0.53,4.33,14:37:04,248.29,100,248.5,200,248.405,100
30607,0.64,0.08,0.56,35.97000000000001,14:37:35,248.32,100,248.43,100,248.28,100
30614,0.8,0.07,0.73,1.62,14:38:01,248.2,600,248.34,100,248.27,150
30639,0.6,0.17,0.43,25.619999999999997,14:38:25,248.28,100,248.39,200,248.335,111
30684,0.5900000000000001,0.19,0.4,55.17000000000002,14:38:55,248.26,100,248.39,100,248.3,100
30736,0.6,0.21,0.39,18.75,14:39:18,248.26,400,248.39,100,248.3575,200
30752,0.61,0.14,0.47,28.950000000000006,14:39:28,248.26,400,248.44,300,248.3219,250
30801,0.76,0.2,0.56,4.41,14:40:04,248.11,100,248.25,100,248.11,100
30843,0.6000000000000001,0.07,0.53,34.38000000000001,14:40:34,248.0,500,248.19,200,248.01,100
30877,1.5899999999999999,1.13,0.46,0.0,14:41:00,248.03,200,248.19,200,248.1,100
30880,0.61,0.24,0.37,1.79,14:41:01,248.01,200,248.19,200,248.15,100
30900,0.78,0.15,0.63,17.54,14:41:17,248.01,100,248.17,200,248.0815,100
30923,0.76,0.21,0.55,33.33,14:41:33,248.0,500,248.13,100,248.06,100
30938,0.77,0.25,0.52,0.0,14:42:00,248.0,500,248.13,200,248.0572,140
30965,0.75,0.24,0.51,24.379999999999995,14:42:24,248.01,100,248.13,200,248.03,100
31006,0.78,0.31,0.47,52.42000000000003,14:42:52,248.01,100,248.1,200,248.02,100
31018,0.61,0.08,0.53,0.0,14:43:00,248.01,100,248.1,100,248.09,100
31050,0.6,0.22,0.38,24.229999999999993,14:43:24,248.07,100,248.13,100,248.13,100
31053,0.61,0.2,0.41,26.029999999999994,14:43:26,248.08,100,248.18,100,248.14,100
31100,0.8,0.35,0.45,53.840000000000025,14:43:53,248.08,100,248.17,100,248.125,200
31106,0.5900000000000001,0.13,0.46,0.0,14:44:00,248.03,100,248.13,100,248.08,100
31142,0.64,0.17,0.47,27.830000000000002,14:44:27,248.02,100,248.13,100,248.12,100
31152,0.61,0.08,0.53,34.980000000000004,14:44:34,248.01,200,248.13,200,248.04,100
31172,0.8099999999999999,0.21,0.6,49.85000000000001,14:44:49,248.01,200,248.13,200,248.07,300
31355,0.61,0.24,0.37,0.0,14:47:00,248.04,100,248.16,100,248.05,100
31369,7.77,7.34,0.43,18.15,14:47:18,248.05,400,248.15,100,248.105,100
31475,0.5800000000000001,0.19,0.39,32.67,14:48:32,248.05,300,248.15,400,248.095,200
31493,0.43,0.07,0.36,42.470000000000006,14:48:42,248.06,200,248.14,300,248.135,100
31540,0.61,0.08,0.53,17.609999999999996,14:49:17,247.89,200,248.03,200,247.92,156
31570,0.58,0.09,0.49,36.2,14:49:36,247.89,500,248.03,200,247.9603,100
31574,0.43,0.07,0.36,38.220000000000006,14:49:38,247.9,100,248.03,300,247.93,100
31577,0.57,0.21,0.36,39.790000000000006,14:49:39,247.9,100,248.03,200,247.91,100
31582,0.42,0.07,0.35,42.220000000000006,14:49:42,247.9,100,248.03,200,247.96,100
31617,1.7400000000000002,1.12,0.62,0.0,14:50:00,247.91,100,248.03,200,247.97,100
31637,0.6499999999999999,0.08,0.57,16.88,14:50:16,247.91,300,248.03,200,248.0,100
31708,0.83,0.22,0.61,24.590000000000003,14:51:24,247.93,100,248.0,200,247.94,100
31734,0.42,0.07,0.35,41.82,14:51:41,247.93,300,248.01,100,247.995,100
31776,3.17,2.64,0.53,7.9799999999999995,14:52:07,248.11,100,248.22,200,248.1098,100
31783,0.5800000000000001,0.07,0.51,11.58,14:52:11,248.11,100,248.21,100,248.16,100
31811,0.79,0.24,0.55,28.009999999999998,14:52:28,248.12,200,248.21,100,248.165,100
31833,0.5800000000000001,0.25,0.33,41.21,14:52:41,248.15,100,248.3,100,248.22,100
31868,0.44999999999999996,0.15,0.3,0.0,14:53:00,248.16,100,248.24,100,248.2,130
31878,0.64,0.12,0.52,6.18,14:53:06,248.14,200,248.21,100,248.1753,323
31920,0.5900000000000001,0.07,0.52,33.75,14:53:33,248.09,100,248.2,100,248.155,100
32029,0.62,0.17,0.45,9.559999999999999,14:55:09,247.98,100,248.13,200,248.055,100
32106,0.5900000000000001,0.07,0.52,33.22000000000001,14:56:33,247.89,300,248.01,300,247.965,153
32109,0.59,0.21,0.38,0.0,14:57:00,247.89,300,248.01,300,247.95,100
32236,0.74,0.18,0.56,11.339999999999998,14:58:11,247.95,100,248.01,300,247.98,100
32359,0.59,0.08,0.51,27.19,14:59:27,247.93,2100,248.01,100,247.99,100
32399,2.37,1.82,0.55,18.169999999999998,15:00:18,247.94,100,248.01,100,247.975,100
32492,0.76,0.21,0.55,20.030000000000005,15:01:20,248.1,200,248.13,200,248.115,100
32611,0.7999999999999999,0.22,0.58,0.0,15:03:00,247.99,500,248.04,300,248.015,100
32715,0.77,0.31,0.46,0.0,15:04:00,247.96,100,248.09,100,248.0246,100
32755,0.78,0.14,0.64,26.0,15:04:26,247.99,100,248.09,100,248.035,200
32887,0.63,0.21,0.42,35.24000000000001,15:06:35,248.0,100,248.07,200,248.0323,1851
32966,0.6399999999999999,0.07,0.57,23.229999999999993,15:07:23,247.9,100,247.97,100,247.905,100
33178,0.45,0.07,0.38,15.02,15:10:15,247.94,100,248.0,100,247.985,100
33564,0.43000000000000005,0.1,0.33,27.010000000000005,15:14:27,247.95,200,248.02,200,247.9853,240
33585,0.5900000000000001,0.07,0.52,39.16000000000001,15:14:39,247.94,100,247.99,100,247.9683,100
33713,0.59,0.21,0.38,20.980000000000004,15:16:20,247.95,100,248.03,200,247.9988,178
33891,0.6,0.17,0.43,16.98,15:18:16,247.93,200,247.95,100,247.9499,140
33971,0.64,0.12,0.52,14.239999999999998,15:19:14,248.0,100,248.03,100,248.0225,100
34233,0.64,0.21,0.43,13.18,15:22:13,247.98,100,248.03,200,248.005,200
34712,0.64,0.21,0.43,0.0,15:28:00,247.97,100,248.03,100,248.0003,100
34879,0.84,0.08,0.76,22.799999999999997,15:30:22,248.05,100,248.06,100,248.045,100
34919,0.77,0.18,0.59,51.980000000000004,15:30:51,248.04,200,248.09,200,248.065,125
34948,0.76,0.1,0.66,13.749999999999998,15:31:13,247.99,200,248.04,200,248.0384,586
35236,0.72,0.19,0.53,26.32,15:34:26,247.92,100,247.97,200,247.945,100
35354,0.6,0.17,0.43,39.43,15:35:39,247.92,300,247.96,100,247.9328,100
35383,0.6000000000000001,0.14,0.46,0.0,15:36:00,247.91,200,247.92,300,247.915,100
35386,0.61,0.15,0.46,1.79,15:36:01,247.84,100,247.89,200,247.865,100
35387,3.39,2.87,0.52,5.18,15:36:05,247.83,200,247.86,100,247.845,100
35394,0.6000000000000001,0.2,0.4,14.17,15:36:14,247.83,100,247.86,300,247.84,100
35397,0.57,0.08,0.49,15.76,15:36:15,247.83,100,247.86,300,247.83,100
35401,0.56,0.07,0.49,19.539999999999996,15:36:19,247.8,500,247.86,300,247.8264,230
35452,0.5900000000000001,0.07,0.52,47.940000000000005,15:36:47,247.79,200,247.82,100,247.8199,312
35455,0.59,0.24,0.35,49.75000000000001,15:36:49,247.77,400,247.79,200,247.79,100
35458,0.5700000000000001,0.07,0.5,51.53000000000001,15:36:51,247.63,100,247.71,200,247.65099999999998,100
35462,0.5700000000000001,0.07,0.5,53.74,15:36:53,247.6,200,247.7,300,247.64,100
35465,0.61,0.18,0.43,55.56,15:36:55,247.64,300,247.7,300,247.65,100
35472,0.5900000000000001,0.2,0.39,0.0,15:37:00,247.65,100,247.7,600,247.6737,100
35492,1.38,0.78,0.6,21.169999999999998,15:37:21,247.67,300,247.73,100,247.6775,100
35493,0.44,0.12,0.32,21.61,15:37:21,247.68,200,247.74,100,247.7,100
35497,0.61,0.18,0.43,23.98,15:37:23,247.71,100,247.77,100,247.75,100
35499,0.5800000000000001,0.14,0.44,24.980000000000004,15:37:24,247.71,200,247.75,100,247.74,100
35540,0.61,0.14,0.47,52.05000000000001,15:37:52,247.66,200,247.74,200,247.66,100
35557,0.8,0.07,0.73,0.0,15:38:00,247.67,200,247.73,300,247.67,100
35565,1.93,1.47,0.46,9.729999999999999,15:38:09,247.67,300,247.73,200,247.68,100
35580,0.5900000000000001,0.19,0.4,21.790000000000003,15:38:21,247.67,600,247.72,200,247.72,100
35592,0.62,0.24,0.38,29.770000000000003,15:38:29,247.71,100,247.73,100,247.71,100
35613,0.6,0.23,0.37,41.74000000000002,15:38:41,247.67,300,247.71,100,247.7292,100
35655,0.42,0.07,0.35,12.770000000000001,15:39:12,247.61,200,247.64,100,247.61,100
35662,0.57,0.08,0.49,17.950000000000003,15:39:17,247.55,100,247.61,100,247.58,497
35665,0.57,0.08,0.49,19.740000000000006,15:39:19,247.53,400,247.62,200,247.53,100
35706,0.59,0.17,0.42,41.96000000000001,15:39:41,247.54,300,247.6,100,247.57,100
35726,0.76,0.14,0.62,0.0,15:40:00,247.58,200,247.62,200,247.6,100
35732,3.41,2.93,0.48,6.84,15:40:06,247.55,1500,247.62,300,247.5948,220
35733,2.2,1.68,0.52,9.04,15:40:09,247.56,100,247.6,100,247.59,100
35736,1.17,0.65,0.52,11.43,15:40:11,247.55,500,247.59,100,247.56,100
35795,0.59,0.15,0.44,53.65,15:40:53,247.54,200,247.6,100,247.54,100
35849,0.44,0.07,0.37,29.830000000000002,15:41:29,247.55,200,247.59,500,247.5681,100
35907,0.76,0.08,0.68,0.0,15:42:00,247.59,400,247.65,200,247.625,100
35910,2.8200000000000003,2.04,0.78,4.42,15:42:04,247.59,400,247.64,200,247.62,100
35913,0.8099999999999999,0.23,0.58,8.040000000000001,15:42:08,247.59,400,247.61,200,247.605,100
35918,0.97,0.34,0.63,12.010000000000003,15:42:12,247.6,300,247.66,100,247.63,100
35977,0.61,0.17,0.44,4.38,15:43:04,247.58,400,247.61,100,247.595,100
36169,0.5700000000000001,0.07,0.5,9.78,15:45:09,247.58,100,247.6,300,247.5999,100
36219,0.61,0.18,0.43,44.20000000000001,15:45:44,247.62,200,247.65,100,247.637,194
36265,0.61,0.08,0.53,13.839999999999996,15:46:13,247.54,100,247.57,200,247.55,100
36280,0.62,0.14,0.48,24.23999999999999,15:46:24,247.54,300,247.59,200,247.562,100
36300,0.77,0.12,0.65,38.040000000000006,15:46:38,247.58,300,247.6,200,247.5992,100
36328,0.79,0.17,0.62,0.0,15:47:00,247.51,100,247.54,200,247.52,100
36331,0.81,0.19,0.62,2.2,15:47:02,247.49,100,247.52,200,247.51,100
36333,0.6000000000000001,0.07,0.53,4.609999999999999,15:47:04,247.46,200,247.5,100,247.47,100
36335,0.6,0.08,0.52,5.829999999999999,15:47:05,247.47,100,247.49,100,247.49,100
36346,0.44,0.07,0.37,16.450000000000003,15:47:16,247.47,100,247.49,200,247.48,100
36445,0.45,0.07,0.38,22.049999999999994,15:48:22,247.47,100,247.53,200,247.5,100
36496,0.5800000000000001,0.07,0.51,0.0,15:49:00,247.53,200,247.57,300,247.5699,180
36543,0.63,0.18,0.45,34.27,15:49:34,247.51,200,247.54,300,247.525,100
36560,0.44,0.08,0.36,43.890000000000015,15:49:43,247.51,500,247.54,200,247.5306,250
36588,0.5900000000000001,0.13,0.46,0.0,15:50:00,247.86,100,248.28,100,247.9,100
36591,0.6,0.18,0.42,1.81,15:50:01,247.86,100,248.13,100,247.87,100
36596,1.01,0.23,0.78,6.5600000000000005,15:50:06,247.89,400,248.07,200,247.9934,600
36635,0.81,0.2,0.61,38.17000000000002,15:50:38,247.99,200,248.03,400,248.0125,100
36669,0.6100000000000001,0.07,0.54,10.199999999999998,15:51:10,247.98,100,248.03,300,248.0052,130
36745,2.4299999999999997,1.9,0.53,14.559999999999999,15:52:14,247.95,200,247.99,300,247.9724,100
36794,0.95,0.36,0.59,50.160000000000025,15:52:50,247.99,100,248.03,100,247.9975,100
36817,0.6000000000000001,0.07,0.53,5.620000000000001,15:53:05,248.04,100,248.07,100,248.0551,100
36834,0.7899999999999999,0.21,0.58,25.829999999999995,15:53:25,248.03,600,248.08,200,248.0625,100
36841,0.76,0.18,0.58,30.220000000000002,15:53:30,248.11,200,248.21,200,248.17,100
36850,0.78,0.25,0.53,36.64,15:53:36,248.11,600,248.21,200,248.19,178
36855,0.98,0.07,0.91,40.44,15:53:40,248.12,300,248.2,300,248.176,100
36860,0.6499999999999999,0.08,0.57,44.239999999999995,15:53:44,248.12,400,248.21,200,248.1675,100
36908,0.6,0.13,0.47,18.23,15:54:18,248.06,100,248.09,100,248.07299999999998,200
36936,0.6300000000000001,0.07,0.56,34.44000000000001,15:54:34,248.01,100,248.04,200,248.0375,100
36958,0.6499999999999999,0.08,0.57,50.47000000000001,15:54:50,248.0,300,248.05,200,248.025,100
37003,0.61,0.08,0.53,27.790000000000003,15:55:27,247.95,100,247.99,200,247.9899,114
37047,0.6000000000000001,0.07,0.53,57.580000000000005,15:55:57,247.97,200,248.0,400,247.9999,112
37050,0.5800000000000001,0.07,0.51,0.0,15:56:00,247.97,800,248.0,600,247.9874,200
37083,0.5700000000000001,0.07,0.5,27.820000000000004,15:56:27,248.02,100,248.07,400,248.0325,100
37084,0.5800000000000001,0.07,0.51,28.400000000000006,15:56:28,248.01,300,248.05,100,248.0425,100
37152,0.6300000000000001,0.07,0.56,13.610000000000001,15:57:13,247.98,1500,248.0,100,248.0099,105
37173,93.83,93.24,0.59,0.0,15:59:00,247.79,600,247.86,200,247.81,100
37174,0.61,0.08,0.53,0.61,15:59:00,247.79,600,247.85,200,247.85,100
37176,0.75,0.29,0.46,1.9700000000000002,15:59:01,247.81,100,247.86,100,247.86,100
37192,1.8399999999999999,1.27,0.57,15.580000000000002,15:59:15,247.79,500,247.85,300,247.8236,1000
37196,0.78,0.19,0.59,18.560000000000002,15:59:18,247.79,300,247.86,500,247.8,100
37210,0.6200000000000001,0.07,0.55,28.180000000000003,15:59:28,247.78,300,247.86,600,247.77,500
37216,0.7999999999999999,0.22,0.58,32.17,15:59:32,247.79,200,247.84,300,247.82,100
37231,0.6399999999999999,0.07,0.57,42.59,15:59:42,247.75,300,247.78,100,247.76,100
37237,0.5900000000000001,0.14,0.45,46.54000000000001,15:59:46,247.72,200,247.8,100,247.73,100
37243,0.6,0.13,0.47,50.38000000000002,15:59:50,247.69,200,247.75,200,247.69,100
37256,0.59,0.08,0.51,58.55000000000003,15:59:58,247.82,400,247.88,400,247.88,100
37258,0.59,0.21,0.38,59.76000000000003,15:59:59,247.78,300,247.85,200,247.8499,300
37259,0.63,0.27,0.36,60.390000000000036,16:00:00,247.86,100,247.89,800,247.89,180
