,Total Delay,Request Delay,Saving Delay,Arrival Time,Time,Bid,Bid Size,Ask,Ask Size,Last Price,Last Size
0,0.6499999999999999,0.3,0.35,0.6499999999999999,09:30:00,260.09,100,260.5,300,260.295,200
6,0.28,0.08,0.2,2.6000000000000005,09:30:02,260.09,100,260.5,300,260.3196,200
12,0.35,0.16,0.19,4.76,09:30:04,260.09,200,260.35,300,260.2,100
32,0.43,0.21,0.22,12.59,09:30:12,260.0,2400,260.2,100,260.15,100
42,0.32,0.07,0.25,16.54,09:30:16,260.0,2400,260.5,200,260.0005,100
51,0.4,0.18,0.22,0.0,09:31:00,260.03,100,260.5,200,260.2914,746
56,0.30000000000000004,0.07,0.23,3.0,09:31:03,260.0,1500,260.5,300,260.305,100
64,2.08,1.88,0.2,7.69,09:31:07,260.0,1500,260.5,400,260.2385,700
65,0.31,0.07,0.24,8.0,09:31:08,259.91,100,260.25,200,260.01,100
69,0.42,0.21,0.21,10.05,09:31:10,259.66,500,259.86,200,259.66,100
71,0.37,0.18,0.19,12.790000000000001,09:31:12,259.66,500,259.86,200,259.76,100
75,0.89,0.62,0.27,14.64,09:31:14,259.61,100,259.75,200,259.73,200
77,1.79,1.43,0.36,16.86,09:31:16,259.61,100,260.2,100,259.745,100
80,1.4100000000000001,1.07,0.34,19.650000000000002,09:31:19,259.61,100,260.2,100,259.61,500
105,0.41000000000000003,0.23,0.18,28.370000000000005,09:31:28,259.6,100,259.91,400,259.88,400
117,0.3,0.08,0.22,32.4,09:31:32,259.6,100,259.91,400,259.9,900
148,0.4,0.08,0.32,44.16000000000002,09:31:44,259.74,100,260.45,100,260.12,100
151,0.53,0.21,0.32,45.65000000000001,09:31:45,259.74,100,260.5,100,260.16,100
152,0.74,0.21,0.53,46.390000000000015,09:31:46,259.76,100,260.3,100,260.27,100
186,0.29,0.08,0.21,57.63000000000002,09:31:57,260.0,800,260.4,300,260.31,100
289,0.30000000000000004,0.14,0.16,29.409999999999997,09:32:29,260.08,100,260.32,300,260.11,200
295,0.33999999999999997,0.18,0.16,31.369999999999997,09:32:31,260.08,100,260.31,300,260.1865,100
350,3.75,3.46,0.29,0.0,09:33:00,260.1,100,260.3,400,260.1,100
354,2.19,1.96,0.23,3.38,09:33:03,260.13,100,260.31,100,260.21,100
359,0.35,0.18,0.17,6.649999999999999,09:33:06,260.27,100,260.5,100,260.38,100
362,2.69,2.48,0.21,9.819999999999999,09:33:09,260.27,100,260.5,200,260.2401,380
365,0.42000000000000004,0.23,0.19,10.769999999999998,09:33:10,260.28,100,260.7,100,260.47,100
399,0.38,0.21,0.17,22.759999999999998,09:33:22,260.49,100,260.83,100,260.8,330
417,0.39,0.2,0.19,28.689999999999998,09:33:28,260.55,100,260.86,100,260.7148,400
418,0.42,0.21,0.21,29.11,09:33:29,260.97,100,261.37,100,261.09,100
433,0.26,0.07,0.19,34.620000000000005,09:33:34,260.93,100,261.47,100,261.2702,1000
464,0.39,0.17,0.22,45.17,09:33:45,261.69,200,262.25,100,262.25,100
470,0.41000000000000003,0.19,0.22,47.160000000000004,09:33:47,261.69,100,262.25,100,261.97,100
486,0.25,0.07,0.18,0.0,09:34:00,261.69,100,262.17,200,262.05,100
492,0.34,0.14,0.2,1.87,09:34:01,261.71,100,262.17,100,261.95,100
499,0.38,0.19,0.19,4.080000000000001,09:34:04,261.72,100,262.17,200,262.17,100
503,0.44,0.22,0.22,5.900000000000001,09:34:05,261.73,100,262.17,200,261.972,100
508,1.78,1.57,0.21,9.100000000000001,09:34:09,261.76,100,262.17,100,262.0,100
509,2.14,1.95,0.19,11.240000000000002,09:34:11,261.77,100,262.17,100,262.11,100
513,2.17,1.87,0.3,14.470000000000002,09:34:14,261.78,100,262.17,100,261.78,100
514,3.77,3.6,0.17,18.240000000000002,09:34:18,261.78,200,262.16,100,261.975,100
515,1.4000000000000001,1.06,0.34,19.64,09:34:19,262.0,1000,262.16,100,262.0692,100
522,0.33,0.07,0.26,22.33,09:34:22,261.78,200,262.0,100,261.96,100
551,0.47,0.25,0.22,33.83,09:34:33,261.78,200,262.0,800,261.9076,200
571,0.32,0.07,0.25,41.95999999999999,09:34:41,261.78,200,262.0,800,261.9,100
577,0.43,0.14,0.29,44.15999999999999,09:34:44,260.9,100,261.73,200,261.45,100
583,0.31,0.13,0.18,45.98999999999999,09:34:45,260.9,100,261.73,200,261.4108,510
604,0.4,0.12,0.28,54.07999999999999,09:34:54,261.44,100,261.73,300,261.585,19800
607,0.52,0.21,0.31,55.459999999999994,09:34:55,261.37,100,261.72,200,261.56,100
618,0.34,0.07,0.27,0.0,09:35:00,261.44,100,261.71,200,261.5619,100
621,0.33,0.07,0.26,1.1800000000000002,09:35:01,261.61,100,262.11,100,261.87,200
622,3.44,3.13,0.31,4.62,09:35:04,261.62,200,262.12,300,261.7804,500
625,2.72,2.35,0.37,9.81,09:35:09,261.64,200,262.1,200,262.1099,100
632,0.29000000000000004,0.07,0.22,13.509999999999998,09:35:13,261.59,100,262.11,200,261.77099999999996,1000
668,0.26,0.07,0.19,27.499999999999993,09:35:27,261.56,100,261.8,200,261.6782,100
686,0.6200000000000001,0.28,0.34,34.14999999999999,09:35:34,261.51,100,261.79,300,261.79,172
701,0.26,0.08,0.18,39.62999999999999,09:35:39,261.4,200,261.63,200,261.39,100
714,0.44,0.26,0.18,43.74999999999999,09:35:43,261.41,100,261.87,300,261.65,100
733,0.35,0.19,0.16,49.62,09:35:49,261.41,1200,261.87,300,261.64,200
741,0.23,0.07,0.16,51.64,09:35:51,261.41,1200,261.87,300,261.645,100
748,0.4,0.22,0.18,53.57,09:35:53,261.41,1200,261.87,300,261.5983,120
759,0.38,0.21,0.17,0.0,09:36:00,261.41,1200,261.82,400,261.8309,100
765,0.44000000000000006,0.17,0.27,2.13,09:36:02,261.41,1200,261.8,100,261.6348,100
767,1.8299999999999998,1.63,0.2,4.359999999999999,09:36:04,260.9,200,261.4,100,260.92,100
769,0.36000000000000004,0.08,0.28,7.12,09:36:07,260.9,200,261.39,300,261.145,100
774,2.31,2.11,0.2,12.360000000000001,09:36:12,260.9,200,261.14,200,261.0056,250
778,0.39,0.21,0.18,14.140000000000002,09:36:14,260.95,100,261.7,200,261.15,100
779,3.7600000000000002,3.33,0.43,17.900000000000002,09:36:17,260.91,200,261.7,200,261.6,300
795,0.33,0.1,0.23,24.060000000000006,09:36:24,260.92,100,261.7,300,261.305,245
800,0.44000000000000006,0.17,0.27,26.140000000000008,09:36:26,260.93,100,261.7,300,261.27,200
837,0.67,0.44,0.23,41.99999999999999,09:36:41,260.98,1400,261.7,400,261.683,290
860,0.29,0.08,0.21,52.029999999999994,09:36:52,261.15,100,261.68,200,261.3397,100
893,0.28,0.07,0.21,0.0,09:37:00,261.15,100,261.68,400,261.203,300
922,0.43,0.08,0.35,18.120000000000005,09:37:18,261.03,100,261.35,400,261.21,100
934,0.35000000000000003,0.07,0.28,23.94000000000001,09:37:23,260.98,100,261.41,400,261.25,100
1016,4.37,4.13,0.24,0.0,09:38:00,261.06,100,261.19,200,261.06,100
1017,0.39,0.17,0.22,0.39,09:38:00,261.06,100,261.19,200,261.1247,100
1071,0.39,0.13,0.26,25.15,09:38:25,260.71,200,260.99,600,260.75,100
1080,0.46,0.23,0.23,29.300000000000008,09:38:29,260.73,100,260.98,300,260.8267,100
1113,0.51,0.21,0.3,43.19000000000001,09:38:43,260.51,500,260.71,500,260.71,100
1136,1.89,1.66,0.23,0.0,09:39:00,260.56,100,260.87,100,260.76,100
1137,0.31,0.08,0.23,0.31,09:39:00,260.56,200,260.88,200,260.82,100
1149,0.26,0.07,0.19,6.72,09:39:06,260.57,200,260.88,200,260.725,200
1161,0.37,0.09,0.28,14.409999999999997,09:39:14,260.6,200,260.88,200,260.74,100
1193,0.44999999999999996,0.15,0.3,26.369999999999997,09:39:26,260.66,200,260.88,300,260.661,1000
1211,0.45,0.2,0.25,34.38,09:39:34,260.86,100,260.98,100,260.85,100
1216,0.49,0.22,0.27,36.58000000000001,09:39:36,260.81,100,260.97,100,260.81,100
1232,0.28,0.07,0.21,42.20000000000001,09:39:42,260.81,100,260.97,100,260.9135,300
1251,0.28,0.08,0.2,48.260000000000005,09:39:48,260.71,100,260.94,100,260.86,100
1256,0.5800000000000001,0.3,0.28,50.34,09:39:50,260.71,100,260.94,100,260.8325,100
1262,0.25,0.07,0.18,0.0,09:40:00,260.71,100,260.94,100,260.8595,500
1277,0.46,0.2,0.26,7.97,09:40:07,260.71,100,260.93,100,260.79,100
1291,0.36,0.17,0.19,15.939999999999996,09:40:15,260.72,100,260.92,200,260.8093,460
1319,0.49,0.28,0.21,29.869999999999997,09:40:29,260.6,200,260.86,100,260.68,100
1325,0.33,0.08,0.25,31.819999999999993,09:40:31,260.6,200,260.89,400,260.6,100
1387,0.5700000000000001,0.27,0.3,56.18999999999998,09:40:56,260.23,100,260.59,500,260.52,100
1391,0.49,0.22,0.27,57.94999999999999,09:40:57,260.14,100,260.59,600,260.589,100
1434,0.97,0.67,0.3,0.0,09:41:00,260.31,200,260.9,200,260.59,100
1482,0.45999999999999996,0.24,0.22,19.59,09:41:19,260.37,200,260.9,200,260.625,100
1519,0.38,0.08,0.3,33.69000000000001,09:41:33,260.41,200,260.89,200,260.65,100
1561,0.38,0.08,0.3,0.0,09:42:00,260.43,100,260.88,300,260.6876,200
1614,0.42,0.07,0.35,26.23000000000001,09:42:26,260.73,200,260.84,100,260.84,100
1642,0.36,0.07,0.29,37.78,09:42:37,260.87,300,260.95,300,260.845,181
1686,0.31,0.07,0.24,0.0,09:43:00,260.8,100,261.0,300,260.93,100
1688,0.46,0.26,0.2,2.16,09:43:02,260.74,300,261.0,300,260.9999,100
1705,0.32,0.09,0.23,11.950000000000001,09:43:11,260.75,200,261.0,300,260.895,300
1710,0.44,0.12,0.32,13.950000000000001,09:43:13,260.75,200,261.0,400,260.875,100
1804,0.33999999999999997,0.15,0.19,0.0,09:44:00,260.55,300,260.79,300,260.67,250
1809,0.27,0.08,0.19,1.61,09:44:01,260.55,300,260.79,300,260.55,200
1841,0.39,0.18,0.21,18.14,09:44:18,260.52,100,260.78,300,260.78,100
1927,0.27,0.07,0.2,51.80000000000001,09:44:51,260.7,700,260.75,600,260.645,300
1939,0.3,0.08,0.22,55.86000000000001,09:44:55,260.73,100,260.94,100,260.94,300
1945,0.43,0.18,0.25,57.91000000000002,09:44:57,260.74,100,260.94,100,260.835,100
1962,0.38,0.08,0.3,0.0,09:45:00,260.7,700,260.92,200,260.8072,200
1973,1.24,0.86,0.38,11.799999999999999,09:45:11,260.74,100,260.97,100,260.83,100
1990,0.34,0.17,0.17,19.58,09:45:19,260.97,100,261.14,100,260.965,100
2001,0.5800000000000001,0.27,0.31,24.03,09:45:24,260.97,100,261.14,100,261.055,200
2009,0.43,0.21,0.22,27.620000000000005,09:45:27,260.97,100,261.16,100,261.07,100
2020,0.47,0.26,0.21,31.87,09:45:31,260.97,100,261.16,100,261.1,100
2030,0.38,0.2,0.18,35.550000000000004,09:45:35,260.97,200,261.16,100,260.97,100
2041,0.5700000000000001,0.25,0.32,39.92,09:45:39,261.04,200,261.21,100,261.12,100
2067,0.47,0.18,0.29,50.01,09:45:50,261.05,100,261.21,100,261.13,250
2120,0.46,0.14,0.32,6.390000000000001,09:46:06,261.12,200,261.2,200,261.16,200
2130,0.43,0.18,0.25,10.090000000000002,09:46:10,261.17,200,261.36,100,261.31,100
2135,0.41000000000000003,0.2,0.21,12.130000000000003,09:46:12,261.16,200,261.36,100,261.36,100
2145,0.32,0.14,0.18,15.880000000000006,09:46:15,261.37,200,261.48,100,261.4311,100
2152,0.38,0.08,0.3,18.170000000000005,09:46:18,261.37,200,261.53,100,261.475,100
2163,0.33,0.07,0.26,21.919999999999998,09:46:21,261.07,100,261.21,400,261.4,1900
2164,0.44999999999999996,0.21,0.24,22.369999999999997,09:46:22,261.07,100,261.21,500,261.19,100
2168,0.45999999999999996,0.21,0.25,24.089999999999996,09:46:24,261.05,100,261.2,400,261.05,100
2209,0.53,0.27,0.26,38.04999999999999,09:46:38,260.75,300,261.1,300,261.0,100
2239,0.28,0.07,0.21,0.0,09:47:00,260.93,100,261.09,100,261.0199,195
2250,0.4,0.21,0.19,4.040000000000001,09:47:04,260.93,100,261.08,100,261.005,100
2255,0.26,0.08,0.18,6.020000000000001,09:47:06,260.93,100,261.08,100,261.08,200
2273,0.37,0.2,0.17,17.86,09:47:17,261.07,200,261.35,100,261.2,100
2284,0.28,0.08,0.2,22.24,09:47:22,261.19,100,261.48,200,261.35,100
2290,0.28,0.09,0.19,24.23,09:47:24,261.14,100,261.21,100,261.175,100
2295,0.44999999999999996,0.09,0.36,26.159999999999997,09:47:26,261.15,100,261.21,100,261.18,100
2309,0.32999999999999996,0.09,0.24,32.37,09:47:32,261.17,100,261.49,500,261.325,100
2389,0.31,0.09,0.22,2.1300000000000003,09:48:02,261.23,100,261.49,500,261.355,100
2405,0.63,0.25,0.38,10.530000000000001,09:48:10,261.26,200,261.49,500,261.365,100
2424,0.3,0.12,0.18,20.23,09:48:20,261.36,100,261.49,500,261.48,200
2429,0.25,0.07,0.18,22.04,09:48:22,261.41,100,261.6,200,261.5,6400
2474,0.5900000000000001,0.25,0.34,38.32999999999999,09:48:38,261.45,100,261.6,200,261.57,100
2485,0.34,0.07,0.27,42.129999999999995,09:48:42,261.45,100,261.6,200,261.525,100
2519,0.44,0.14,0.3,54.13000000000001,09:48:54,261.45,100,261.59,100,261.513,300
2547,0.38,0.18,0.2,0.0,09:49:00,261.45,200,261.61,500,261.53,100
2550,2.28,1.94,0.34,6.629999999999999,09:49:06,261.45,200,261.59,100,261.5303,250
2581,0.44,0.2,0.24,19.92,09:49:19,261.13,100,261.29,300,261.28,116
2605,0.43,0.18,0.25,30.180000000000003,09:49:30,261.21,200,261.38,100,261.3,100
2610,0.32,0.08,0.24,31.920000000000005,09:49:31,261.28,100,261.38,100,261.38,100
2700,0.27,0.07,0.2,25.84,09:50:25,261.2,100,261.35,400,261.2666,100
2751,5.26,5.09,0.17,49.81000000000001,09:50:49,261.36,400,261.48,300,261.335,100
2791,0.26,0.07,0.19,6.019999999999999,09:51:06,261.2,100,261.44,300,261.2871,100
2796,0.33,0.13,0.2,10.079999999999998,09:51:10,261.2,100,261.44,300,261.24,100
2826,0.42000000000000004,0.16,0.26,25.900000000000002,09:51:25,261.25,200,261.43,400,261.324,300
2858,0.29,0.08,0.21,37.96999999999999,09:51:37,261.42,100,261.56,100,261.4907,100
2886,0.44,0.21,0.23,48.15999999999998,09:51:48,261.37,100,261.42,100,261.42,100
2944,0.42000000000000004,0.2,0.22,7.9399999999999995,09:52:07,261.19,100,261.47,100,261.272,150
2966,0.25,0.08,0.17,15.979999999999995,09:52:15,261.01,100,261.19,300,261.14,100
3088,0.42,0.18,0.24,0.0,09:53:00,261.27,200,261.5,400,261.3712,500
3094,0.26,0.07,0.19,4.64,09:53:04,261.27,200,261.41,300,261.385,100
3103,0.26,0.09,0.17,9.03,09:53:09,261.17,100,261.41,300,261.17,300
3106,0.75,0.54,0.21,10.379999999999999,09:53:10,261.19,100,261.5,100,261.345,100
3133,0.29000000000000004,0.09,0.2,19.77,09:53:19,261.25,200,261.5,400,261.375,100
3158,0.42,0.24,0.18,27.89999999999999,09:53:27,261.26,300,261.5,400,261.47,200
3195,0.39,0.22,0.17,40.14999999999998,09:53:40,261.32,200,261.49,400,261.46,420
3201,0.36,0.2,0.16,41.99999999999997,09:53:41,261.32,200,261.49,400,261.405,100
3214,0.24000000000000002,0.07,0.17,45.899999999999984,09:53:45,261.32,200,261.49,400,261.4678,100
3317,0.39,0.21,0.18,23.450000000000014,09:54:23,261.22,200,261.44,100,261.22,400
3372,0.26,0.09,0.17,41.490000000000016,09:54:41,261.17,200,261.44,100,261.23,100
3418,0.4,0.07,0.33,7.3100000000000005,09:55:07,261.23,100,261.42,300,261.2913,150
3424,0.38,0.12,0.26,9.28,09:55:09,261.23,100,261.42,300,261.33,100
3513,0.42000000000000004,0.23,0.19,0.0,09:56:00,261.34,100,261.42,400,261.34,150
3610,0.25,0.08,0.17,43.98999999999999,09:56:43,260.92,100,261.12,300,260.95,100
3677,1.35,1.06,0.29,0.0,09:57:00,260.94,100,261.1,200,261.02,100
3724,0.56,0.27,0.29,19.04,09:57:19,260.95,200,261.09,200,261.0013,355
3816,2.62,2.27,0.35,13.809999999999999,09:58:13,261.08,200,261.3,300,261.0929,103
3828,0.25,0.08,0.17,22.219999999999995,09:58:22,261.08,200,261.29,300,261.29,300
3999,0.4,0.23,0.17,28.759999999999994,09:59:28,261.13,100,261.28,200,261.1952,680
4100,0.41000000000000003,0.08,0.33,4.54,10:00:04,261.31,300,261.4,300,261.3499,200
4104,3.3400000000000003,2.95,0.39,9.100000000000001,10:00:09,261.31,200,261.4,300,261.37,100
4190,0.54,0.08,0.46,52.66999999999998,10:00:52,261.31,200,261.43,400,261.43,100
4193,0.6799999999999999,0.2,0.48,54.37999999999998,10:00:54,261.43,200,261.56,200,261.55,165
4199,0.48000000000000004,0.08,0.4,58.39999999999997,10:00:58,261.46,100,261.6,100,261.51,100
4218,0.6799999999999999,0.43,0.25,0.0,10:01:00,261.42,200,261.6,200,261.515,100
4222,2.2,1.96,0.24,5.640000000000001,10:01:05,261.41,100,261.59,100,261.501,2000
4324,0.28,0.08,0.2,41.72000000000001,10:01:41,261.43,100,261.56,200,261.495,100
4360,0.26,0.08,0.18,0.0,10:02:00,261.45,200,261.54,300,261.5175,100
4373,5.0600000000000005,4.79,0.27,10.74,10:02:10,261.58,300,261.78,200,261.72,100
4392,0.27,0.09,0.18,22.039999999999996,10:02:22,261.6,300,261.78,300,261.77,100
4399,0.25,0.07,0.18,24.229999999999993,10:02:24,261.75,100,261.84,100,261.835,100
4404,0.33,0.07,0.26,25.98999999999999,10:02:25,261.78,200,261.96,200,261.92,100
4433,0.29000000000000004,0.07,0.22,35.969999999999985,10:02:35,261.8,100,261.86,200,261.86,100
4438,0.32,0.08,0.24,38.029999999999994,10:02:38,261.8,100,261.86,200,261.8204,1000
4443,0.28,0.08,0.2,39.97,10:02:39,261.8,100,261.86,200,261.83,100
4462,0.56,0.25,0.31,46.31000000000002,10:02:46,261.7,200,261.82,200,261.75,100
4494,0.36,0.12,0.24,0.0,10:03:00,261.77,100,261.98,200,261.82,100
4557,0.39,0.21,0.18,27.910000000000004,10:03:27,261.81,100,261.97,200,261.89,100
4589,0.36,0.2,0.16,37.86,10:03:37,261.93,100,262.08,100,261.98,100
4621,0.36,0.15,0.21,47.67,10:03:47,262.05,100,262.15,100,262.07,100
4622,0.43000000000000005,0.17,0.26,48.1,10:03:48,262.05,100,262.15,100,262.1439,100
4639,0.4,0.2,0.2,53.86999999999999,10:03:53,262.05,100,262.15,100,262.14,200
4652,0.24000000000000002,0.07,0.17,57.85,10:03:57,262.15,100,262.22,200,262.22,123
4659,0.4,0.09,0.31,0.0,10:04:00,262.17,100,262.2,100,262.2,100
4671,1.4,1.13,0.27,7.48,10:04:07,262.01,100,262.24,300,262.12,100
4691,0.26,0.07,0.19,21.74,10:04:21,262.05,200,262.24,300,262.08,100
4707,0.39,0.11,0.28,27.98,10:04:27,262.06,100,262.24,300,262.15,100
4748,0.44,0.21,0.23,43.81999999999999,10:04:43,262.08,100,262.24,300,262.24,100
4769,0.5,0.28,0.22,51.959999999999994,10:04:51,262.08,200,262.24,300,262.2063,100
4789,0.62,0.18,0.44,0.0,10:05:00,262.08,200,262.24,300,262.2353,100
4797,0.33,0.07,0.26,3.4600000000000004,10:05:03,262.1,100,262.24,300,262.226,200
4798,0.6100000000000001,0.27,0.34,4.07,10:05:04,262.08,100,262.24,300,262.1,100
4806,0.38,0.19,0.19,7.670000000000001,10:05:07,262.03,200,262.23,200,262.13,300
4823,0.3,0.09,0.21,19.49,10:05:19,262.03,100,262.18,200,262.105,200
4833,0.29,0.08,0.21,23.599999999999994,10:05:23,262.03,200,262.18,200,262.1799,100
4857,0.4,0.22,0.18,31.799999999999994,10:05:31,262.21,200,262.34,200,262.31,100
4882,0.33,0.07,0.26,39.80999999999999,10:05:39,262.22,100,262.4,200,262.34,100
4891,0.39,0.14,0.25,43.67999999999998,10:05:43,262.22,200,262.39,100,262.3023,300
4906,0.33,0.07,0.26,49.30999999999997,10:05:49,262.23,100,262.39,100,262.39,200
4916,0.26,0.07,0.19,53.399999999999956,10:05:53,262.24,100,262.34,200,262.3,155
4935,0.26,0.07,0.19,0.26,10:06:00,262.34,100,262.42,100,262.4,800
4939,1.7,1.53,0.17,5.970000000000001,10:06:05,262.34,200,262.41,100,262.37,100
4976,0.31,0.09,0.22,25.969999999999995,10:06:25,262.34,300,262.46,100,262.4132,610
5084,1.94,1.74,0.2,0.0,10:07:00,262.21,100,262.38,200,262.295,100
5085,0.23,0.07,0.16,0.23,10:07:00,262.21,100,262.35,200,262.23,100
5092,0.33,0.17,0.16,7.34,10:07:07,262.21,100,262.37,200,262.21,100
5147,0.28,0.07,0.21,29.300000000000008,10:07:29,262.24,100,262.33,200,262.33,100
5158,0.41000000000000003,0.19,0.22,33.410000000000004,10:07:33,262.27,100,262.36,300,262.315,100
5163,0.31,0.13,0.18,35.18,10:07:35,262.29,100,262.36,300,262.36,100
5181,0.27,0.08,0.19,41.170000000000016,10:07:41,262.29,100,262.39,100,262.291,200
5187,0.31,0.12,0.19,43.03000000000002,10:07:43,262.26,100,262.39,100,262.29,100
5220,0.28,0.07,0.21,0.0,10:08:00,262.08,100,262.23,200,262.1794,300
5233,0.33999999999999997,0.18,0.16,4.05,10:08:04,262.12,200,262.31,100,262.26,100
5239,0.37,0.21,0.16,6.19,10:08:06,262.13,100,262.31,200,262.27,200
5246,0.28,0.08,0.2,12.03,10:08:12,262.13,200,262.31,100,262.2332,195
5250,0.43000000000000005,0.23,0.2,15.98,10:08:15,262.13,200,262.3,200,262.131,300
5388,2.6500000000000004,2.43,0.22,2.6500000000000004,10:09:02,261.99,100,262.06,200,262.06,100
5391,0.45999999999999996,0.22,0.24,3.89,10:09:03,261.89,100,262.04,200,261.99,100
5401,0.36,0.07,0.29,7.840000000000002,10:09:07,261.9,100,262.01,300,261.965,100
5455,0.38,0.19,0.19,25.830000000000002,10:09:25,261.92,100,262.05,200,261.9928,100
5462,168.17,168.0,0.17,0.0,10:12:00,261.93,100,262.07,200,262.01,100
5546,0.32,0.12,0.2,0.0,10:13:00,261.96,200,262.18,100,262.065,100
5552,0.32,0.08,0.24,2.1,10:13:02,261.97,200,262.18,100,262.075,100
5557,0.35000000000000003,0.07,0.28,4.1499999999999995,10:13:04,261.98,200,262.18,100,262.16,100
5560,2.4,2.01,0.39,9.04,10:13:09,262.01,200,262.2,200,262.18,100
5575,1.53,1.22,0.31,17.02,10:13:17,262.08,200,262.31,300,262.1733,300
5578,3.92,3.66,0.26,21.589999999999996,10:13:21,262.1,200,262.31,300,262.2506,100
5580,0.38,0.18,0.2,22.259999999999994,10:13:22,262.1,100,262.28,200,262.2064,300
5671,0.27,0.08,0.19,54.25000000000002,10:13:54,262.2,600,262.45,200,262.38,100
5683,0.27,0.1,0.17,58.03000000000003,10:13:58,262.22,100,262.45,300,262.44,200
5717,1.59,1.33,0.26,0.0,10:14:00,262.43,100,262.59,100,262.59,100
5718,0.26,0.1,0.16,0.26,10:14:00,262.43,100,262.59,100,262.58,100
5737,0.44000000000000006,0.27,0.17,12.400000000000002,10:14:12,262.54,200,262.74,100,262.65,100
5743,0.4,0.21,0.19,14.350000000000003,10:14:14,262.57,400,262.75,200,262.75,100
5754,0.55,0.26,0.29,18.410000000000004,10:14:18,262.66,200,262.75,200,262.74,100
5765,0.26,0.07,0.19,22.19000000000001,10:14:22,262.85,200,262.98,100,262.97,100
5772,0.23,0.07,0.16,24.150000000000013,10:14:24,262.87,100,262.98,300,262.98,106
5779,0.38,0.21,0.17,26.24000000000001,10:14:26,262.75,300,262.86,200,262.8,100
5786,0.26,0.09,0.17,28.400000000000006,10:14:28,262.75,300,262.86,200,262.85,100
5805,0.24000000000000002,0.07,0.17,34.220000000000006,10:14:34,262.78,100,262.98,100,262.86,100
5843,0.35,0.17,0.18,0.0,10:15:00,262.75,300,262.85,100,262.806,500
5861,3.37,3.02,0.35,10.75,10:15:10,262.75,300,262.86,100,262.76,100
5866,0.30000000000000004,0.07,0.23,16.84,10:15:16,262.8,200,262.9,500,262.87,200
5874,0.44999999999999996,0.21,0.24,22.179999999999996,10:15:22,262.87,200,262.9,500,262.88,100
5883,0.45,0.22,0.23,25.759999999999994,10:15:25,262.87,100,262.98,200,262.9,100
5933,0.31,0.15,0.16,41.99000000000001,10:15:41,262.8,500,262.88,100,262.84,100
5947,0.35,0.18,0.17,45.98000000000001,10:15:45,262.82,100,262.95,100,262.81,100
5967,0.24000000000000002,0.07,0.17,51.67000000000003,10:15:51,262.82,100,262.9,100,262.8639,250
5983,0.25,0.07,0.18,55.680000000000035,10:15:55,262.82,100,262.89,100,262.855,100
5989,0.28,0.07,0.21,57.56000000000003,10:15:57,262.82,100,262.89,100,262.843,100
5996,0.25,0.08,0.17,0.0,10:16:00,262.8,500,262.95,100,262.89,100
6018,0.26,0.08,0.18,13.430000000000001,10:16:13,262.87,200,262.99,200,262.9249,200
6020,2.12,1.91,0.21,15.790000000000003,10:16:15,262.87,200,262.99,200,262.9899,100
6030,1.88,1.53,0.35,21.64,10:16:21,262.98,100,263.15,100,263.0786,491
6062,0.28,0.09,0.19,31.95,10:16:31,263.01,100,263.19,300,263.1459,100
6076,0.24000000000000002,0.07,0.17,35.9,10:16:35,263.09,100,263.17,100,263.17,187
6082,0.43,0.24,0.19,38.1,10:16:38,263.09,100,263.15,100,263.15,122
6088,0.4,0.18,0.22,40.11000000000001,10:16:40,263.0,300,263.14,100,263.06,141
6099,0.33,0.08,0.25,44.140000000000015,10:16:44,263.0,300,263.08,100,263.04,100
6105,0.25,0.08,0.17,45.95000000000001,10:16:45,263.01,100,263.14,100,263.08,100
6111,0.36,0.17,0.19,47.860000000000014,10:16:47,263.01,300,263.14,100,263.075,200
6150,0.39,0.14,0.25,0.0,10:17:00,263.05,300,263.17,100,263.11,100
6159,2.81,2.47,0.34,9.59,10:17:09,263.05,400,263.15,300,263.1,100
6160,1.41,1.18,0.23,11.0,10:17:11,263.1,100,263.15,300,263.1438,200
6164,0.32999999999999996,0.12,0.21,12.34,10:17:12,263.17,100,263.4,1400,263.37,100
6168,0.3,0.08,0.22,14.040000000000001,10:17:14,263.19,100,263.4,1400,263.2903,125
6176,0.26,0.07,0.19,20.120000000000008,10:17:20,263.24,100,263.4,1400,263.4,110
6181,0.38,0.08,0.3,22.150000000000006,10:17:22,263.24,200,263.4,1400,263.2401,100
6191,0.29000000000000004,0.07,0.22,25.960000000000004,10:17:25,263.3,300,263.4,1500,263.3549,300
6197,0.51,0.23,0.28,28.460000000000008,10:17:28,263.32,100,263.44,100,263.35,100
6201,0.39,0.07,0.32,30.040000000000006,10:17:30,263.3,300,263.44,100,263.44,200
6207,0.33999999999999997,0.15,0.19,32.2,10:17:32,263.3,300,263.44,100,263.328,500
6213,0.43,0.24,0.19,34.11000000000001,10:17:34,263.31,100,263.44,100,263.43,100
6225,0.28,0.08,0.2,38.25000000000003,10:17:38,263.23,100,263.36,100,263.23,320
6228,0.3,0.12,0.18,39.260000000000026,10:17:39,263.23,100,263.36,100,263.26,100
6230,0.31,0.07,0.24,39.96000000000003,10:17:39,263.25,200,263.44,100,263.41,100
6248,0.33,0.08,0.25,46.15000000000003,10:17:46,263.25,200,263.44,100,263.307,150
6257,0.5700000000000001,0.18,0.39,50.230000000000025,10:17:50,263.27,100,263.44,100,263.3269,100
6291,4.31,3.94,0.37,13.489999999999998,10:18:13,263.3,100,263.42,400,263.36,200
6292,1.16,0.95,0.21,14.649999999999999,10:18:14,263.3,100,263.42,400,263.42,100
6319,0.42000000000000004,0.23,0.19,0.42000000000000004,10:19:00,262.87,100,263.02,300,262.95,120
6329,0.39,0.19,0.2,4.38,10:19:04,262.87,100,263.02,300,262.8701,250
6368,0.31,0.07,0.24,18.55999999999999,10:19:18,262.75,300,262.97,400,262.845,500
6394,0.42000000000000004,0.23,0.19,28.37,10:19:28,262.76,100,262.93,300,262.7601,200
6411,0.36000000000000004,0.08,0.28,34.42,10:19:34,262.76,100,262.9,300,262.8297,100
6427,0.32,0.09,0.23,0.0,10:20:00,262.77,100,262.9,300,262.8343,199
6437,0.43,0.21,0.22,4.0,10:20:04,262.88,100,263.0,300,262.92,100
6451,1.02,0.77,0.25,14.71,10:20:14,262.93,100,262.99,200,263.0,100
6454,0.43000000000000005,0.17,0.26,15.83,10:20:15,262.93,100,263.01,300,262.99,100
6462,0.58,0.22,0.36,19.089999999999996,10:20:19,263.1,200,263.15,100,263.07,400
6464,0.55,0.19,0.36,19.979999999999997,10:20:19,262.92,100,263.14,200,263.0325,100
6472,0.35000000000000003,0.08,0.27,23.69,10:20:23,262.92,100,263.14,200,263.03,100
6483,0.36,0.14,0.22,27.740000000000006,10:20:27,262.9,100,263.13,200,262.94,199
6551,0.47000000000000003,0.08,0.39,5.989999999999998,10:21:05,262.88,100,263.02,300,262.9667,300
6559,0.6000000000000001,0.07,0.53,10.14,10:21:10,262.88,100,263.02,300,263.02,200
6563,0.71,0.23,0.48,12.68,10:21:12,262.9,300,263.08,100,262.9601,100
6597,0.64,0.09,0.55,30.489999999999995,10:21:30,262.84,800,262.98,200,262.91,100
6608,0.6799999999999999,0.21,0.47,0.0,10:22:00,262.91,100,262.98,100,262.945,100
6623,0.43,0.08,0.35,10.65,10:22:10,262.91,200,262.98,100,262.911,300
6628,0.46,0.18,0.28,14.300000000000002,10:22:14,262.91,200,262.98,100,262.9184,150
6635,0.5,0.18,0.32,18.03,10:22:18,262.91,200,262.98,100,262.9439,100
6727,2.94,2.48,0.46,3.8,10:23:03,262.75,300,262.84,300,262.777,100
6728,0.77,0.23,0.54,4.57,10:23:04,262.75,300,262.86,400,262.7501,100
6762,0.31,0.07,0.24,27.460000000000008,10:23:27,262.7,100,262.86,300,262.7797,200
6900,0.49,0.18,0.31,34.059999999999995,10:24:34,262.91,100,263.07,300,262.9848,200
6944,0.45,0.14,0.31,52.31000000000001,10:24:52,262.73,200,262.85,400,262.78,100
6952,0.38,0.08,0.3,56.070000000000014,10:24:56,262.73,200,262.85,400,262.73,100
7017,0.48000000000000004,0.2,0.28,30.39,10:25:30,262.86,300,262.94,300,262.96,100
7025,0.35000000000000003,0.07,0.28,34.12,10:25:34,262.9,100,263.1,300,263.0228,500
7048,0.48,0.12,0.36,44.27999999999999,10:25:44,262.91,100,263.08,300,262.93,100
7116,0.32,0.07,0.25,25.850000000000005,10:26:25,262.95,100,263.06,300,262.9501,100
7122,0.42000000000000004,0.15,0.27,28.230000000000008,10:26:28,262.95,100,263.07,100,263.05,100
7142,0.32,0.07,0.25,35.790000000000006,10:26:35,262.97,100,263.07,100,263.015,120
7146,0.44,0.07,0.37,37.910000000000004,10:26:37,262.97,100,263.07,100,263.031,100
7179,0.4,0.15,0.25,53.879999999999995,10:26:53,263.01,100,263.08,500,263.01,307
7247,0.3,0.08,0.22,23.050000000000004,10:27:23,262.97,200,263.06,300,262.995,1000
7293,0.25,0.08,0.17,5.07,10:28:05,262.81,100,262.97,300,262.82,200
7359,0.44,0.24,0.2,27.410000000000007,10:28:27,262.9,200,262.97,400,262.935,400
7388,0.39,0.2,0.19,37.44000000000001,10:28:37,262.7,200,262.89,300,262.71,100
7399,0.42000000000000004,0.2,0.22,40.96000000000001,10:28:40,262.7,200,262.89,300,262.7585,500
7406,0.4,0.18,0.22,43.46,10:28:43,262.78,100,262.88,400,262.83,100
7454,0.28,0.07,0.21,17.939999999999998,10:29:17,262.86,200,262.93,400,262.8601,169
7459,0.25,0.08,0.17,20.279999999999994,10:29:20,262.86,200,262.93,400,262.895,100
7500,0.6,0.25,0.35,34.379999999999995,10:29:34,262.79,100,262.92,300,262.8588,1000
7722,3.88,3.58,0.3,0.0,10:31:00,262.72,100,262.84,400,262.79,100
7730,0.8200000000000001,0.48,0.34,7.6000000000000005,10:31:07,262.72,200,262.81,300,262.72,100
7739,0.39,0.18,0.21,11.380000000000003,10:31:11,262.72,200,262.81,300,262.765,100
7906,0.48,0.22,0.26,36.95000000000002,10:33:36,263.0,200,263.09,300,263.0447,100
7913,0.34,0.17,0.17,38.85000000000002,10:33:38,262.95,300,263.06,300,262.9908,500
8036,0.43,0.21,0.22,13.96,10:34:13,263.0,100,263.09,300,263.09,100
8057,0.34,0.08,0.26,22.099999999999994,10:34:22,263.07,100,263.2,300,263.13,100
8067,0.6000000000000001,0.07,0.53,0.0,10:35:00,263.11,100,263.27,300,263.2,100
8070,0.64,0.08,0.56,2.21,10:35:02,263.11,200,263.27,300,263.265,200
8081,0.75,0.19,0.56,9.999999999999998,10:35:09,263.16,100,263.26,500,263.25,100
8128,0.98,0.18,0.8,42.25999999999999,10:35:42,263.18,100,263.23,400,263.22,100
8134,1.78,0.08,1.7,50.22999999999999,10:35:50,263.18,100,263.23,400,263.2233,100
8135,2.01,0.07,1.94,52.23999999999999,10:35:52,263.18,100,263.23,400,263.2265,100
8158,0.81,0.49,0.32,7.99,10:36:07,263.16,100,263.22,400,263.19,100
8180,0.63,0.08,0.55,22.580000000000002,10:36:22,263.0,100,263.21,300,263.12,100
8186,0.5800000000000001,0.27,0.31,26.0,10:36:26,263.09,100,263.23,300,263.21,165
8244,0.6000000000000001,0.2,0.4,9.56,10:37:09,263.0,100,263.07,300,263.055,200
8295,0.61,0.18,0.43,43.49000000000002,10:37:43,263.03,100,263.12,300,263.1048,100
8332,0.6000000000000001,0.2,0.4,2.4200000000000004,10:38:02,263.15,200,263.27,100,263.27,100
8335,0.6,0.21,0.39,4.220000000000001,10:38:04,263.15,300,263.27,100,263.269,300
8347,0.61,0.22,0.39,16.21,10:38:16,263.17,100,263.27,200,263.2361,100
8384,0.61,0.21,0.4,38.19,10:38:38,263.04,100,263.14,400,263.1312,100
8411,0.8500000000000001,0.18,0.67,0.0,10:39:00,263.1,300,263.17,100,263.135,100
8446,0.95,0.22,0.73,31.889999999999997,10:39:31,263.1,200,263.16,400,263.14,100
8451,0.61,0.08,0.53,35.32,10:39:35,263.1,200,263.16,500,263.16,100
8518,0.59,0.1,0.49,30.91,10:40:30,263.3,100,263.39,100,263.3443,100
8535,0.6000000000000001,0.07,0.53,41.88000000000002,10:40:41,263.33,400,263.39,100,263.3692,100
8568,0.58,0.08,0.5,0.0,10:41:00,263.28,100,263.37,100,263.33,100
8572,0.6,0.23,0.37,2.43,10:41:02,263.11,100,263.23,6400,263.18,100
8643,0.5900000000000001,0.2,0.39,50.42000000000001,10:41:50,262.99,200,263.19,300,263.185,100
8705,0.61,0.29,0.32,0.0,10:42:00,263.14,200,263.31,300,263.28,100
8712,0.46,0.08,0.38,4.19,10:42:04,263.14,300,263.3,300,263.29,100
8726,0.45,0.08,0.37,11.989999999999998,10:42:11,263.09,100,263.24,400,263.24,100
8772,1.19,0.7,0.49,13.629999999999999,10:43:13,263.16,100,263.29,300,263.225,100
8800,0.66,0.21,0.45,34.07,10:43:34,262.95,200,263.16,300,263.1599,100
8803,0.75,0.25,0.5,36.21,10:43:36,263.02,100,263.16,300,263.0949,200
8815,0.63,0.17,0.46,44.04000000000001,10:43:44,263.02,100,263.15,300,263.085,100
8841,0.56,0.07,0.49,0.0,10:44:00,262.9,100,263.02,400,262.9767,300
8891,0.59,0.23,0.36,34.18000000000001,10:44:34,262.55,400,262.72,500,262.7,100
8923,0.74,0.3,0.44,52.35,10:44:52,262.48,100,262.66,400,262.66,100
8937,0.5900000000000001,0.07,0.52,0.5900000000000001,10:45:00,262.61,100,262.72,400,262.69,207
8947,2.3600000000000003,1.84,0.52,9.38,10:45:09,262.44,300,262.66,400,262.555,100
8965,0.5900000000000001,0.14,0.45,20.630000000000003,10:45:20,262.46,100,262.64,300,262.5,100
8969,0.62,0.08,0.54,23.200000000000006,10:45:23,262.46,100,262.59,400,262.46,796
8975,0.74,0.09,0.65,26.98,10:45:26,262.46,100,262.59,400,262.525,100
8987,0.79,0.41,0.38,34.830000000000005,10:45:34,262.47,100,262.59,400,262.49,100
8993,0.59,0.08,0.51,38.98000000000001,10:45:38,262.47,100,262.59,500,262.53,100
9026,0.5800000000000001,0.12,0.46,1.6,10:46:01,262.42,100,262.49,500,262.48,200
9037,0.62,0.24,0.38,11.59,10:46:11,262.4,100,262.53,300,262.4975,600
9053,0.6,0.08,0.52,21.429999999999996,10:46:21,262.4,200,262.53,300,262.465,100
9065,0.5900000000000001,0.07,0.52,29.629999999999995,10:46:29,262.41,200,262.65,300,262.42,100
9068,0.6100000000000001,0.07,0.54,31.599999999999994,10:46:31,262.42,100,262.64,300,262.5444,500
9114,0.44,0.12,0.32,0.0,10:47:00,262.37,100,262.5,200,262.47,100
9143,0.58,0.08,0.5,19.979999999999997,10:47:19,262.43,300,262.62,300,262.52,100
9147,0.44,0.07,0.37,22.029999999999994,10:47:22,262.44,200,262.62,300,262.62,100
9166,0.5900000000000001,0.07,0.52,34.0,10:47:34,262.51,400,262.62,500,262.61,100
9182,0.61,0.09,0.52,44.03000000000001,10:47:44,262.53,300,262.62,500,262.5777,1000
9186,0.61,0.18,0.43,46.44000000000001,10:47:46,262.59,100,262.71,500,262.67,100
9242,0.5800000000000001,0.14,0.44,39.97,10:48:39,262.61,200,262.8,100,262.77,100
9257,0.44,0.07,0.37,48.4,10:48:48,262.61,100,262.77,300,262.6736,300
9326,0.6,0.19,0.41,0.0,10:49:00,262.72,100,262.8,500,262.797,100
9331,0.78,0.23,0.55,3.2,10:49:03,262.67,100,262.8,800,262.7992,100
9346,0.76,0.07,0.69,13.98,10:49:13,262.78,200,262.91,300,262.861,200
9405,0.58,0.17,0.41,25.760000000000012,10:50:25,262.38,100,262.49,300,262.435,100
9427,0.6000000000000001,0.2,0.4,37.95000000000002,10:50:37,262.35,200,262.49,800,262.455,600
9459,0.5800000000000001,0.14,0.44,0.0,10:51:00,262.38,200,262.6,300,262.6,100
9538,0.6000000000000001,0.07,0.53,58.150000000000034,10:51:58,262.37,200,262.62,300,262.5242,200
9579,0.6300000000000001,0.07,0.56,31.80000000000001,10:52:31,262.33,200,262.5,300,262.415,880
9649,0.5700000000000001,0.07,0.5,15.79,10:53:15,262.34,100,262.5,300,262.408,100
9757,0.5900000000000001,0.07,0.52,0.5900000000000001,10:56:00,262.42,100,262.52,300,262.519,100
9772,0.7799999999999999,0.09,0.69,11.029999999999998,10:56:11,262.38,200,262.5,400,262.43,100
9780,0.6,0.11,0.49,16.23,10:56:16,262.39,100,262.51,400,262.51,100
9843,0.61,0.18,0.43,25.780000000000005,10:57:25,262.44,100,262.54,300,262.54,100
9847,0.5599999999999999,0.08,0.48,27.960000000000004,10:57:27,262.47,100,262.54,300,262.539,100
9900,0.46,0.08,0.38,0.0,10:58:00,262.48,200,262.65,300,262.55,100
10012,0.58,0.29,0.29,1.02,10:59:01,262.53,100,262.69,300,262.68,100
10103,0.6,0.08,0.52,19.999999999999996,11:00:19,262.67,300,262.9,300,262.8424,201
10141,0.59,0.09,0.5,42.16000000000001,11:00:42,262.73,200,262.9,300,262.8125,100
10210,0.57,0.09,0.48,22.36,11:01:22,262.9,300,263.03,300,262.9681,100
10217,0.61,0.31,0.3,26.379999999999995,11:01:26,262.9,300,263.0,300,262.9334,110
10236,0.58,0.08,0.5,36.8,11:01:36,262.9,400,263.03,300,262.965,100
10256,135.06,134.46,0.6,0.0,11:04:00,262.76,200,262.94,400,262.885,100
10359,0.56,0.22,0.34,18.16,11:05:18,262.64,100,262.79,300,262.7104,300
10445,0.5700000000000001,0.07,0.5,0.0,11:06:00,262.64,100,262.74,300,262.705,100
10546,0.44,0.07,0.37,28.03,11:07:28,262.83,100,262.93,300,262.8641,250
10629,0.65,0.22,0.43,4.07,11:08:04,262.87,200,263.0,200,262.9428,600
10651,0.5900000000000001,0.07,0.52,20.42,11:08:20,262.87,200,262.97,300,262.936,170
10825,0.5700000000000001,0.07,0.5,21.999999999999993,11:10:21,262.97,100,263.13,300,263.035,200
10855,0.59,0.17,0.42,40.98000000000001,11:10:40,262.89,300,263.08,300,262.89099999999996,300
10923,0.5800000000000001,0.14,0.44,24.440000000000005,11:11:24,263.0,200,263.12,300,263.0696,800
10988,0.64,0.23,0.41,18.22,11:12:18,263.14,100,263.29,300,263.235,100
10995,0.77,0.25,0.52,22.38,11:12:22,263.12,200,263.29,300,263.215,100
11011,0.61,0.24,0.37,32.43,11:12:32,263.12,300,263.29,300,263.205,200
11086,0.79,0.36,0.43,29.610000000000007,11:13:29,263.14,100,263.24,300,263.212,200
11132,0.6,0.17,0.43,0.6,11:14:00,263.15,200,263.24,300,263.195,100
11179,0.5700000000000001,0.24,0.33,32.81,11:14:32,263.21,100,263.29,100,263.2283,150
11182,0.62,0.18,0.44,34.62,11:14:34,263.26,100,263.32,300,263.3,100
11201,108.41,107.97,0.44,0.0,11:16:00,263.12,100,263.19,800,263.155,200
11223,0.62,0.24,0.38,14.08,11:16:14,263.12,100,263.21,300,263.165,100
11238,0.8,0.19,0.61,0.0,11:17:00,263.12,200,263.21,300,263.1427,400
11246,2.5799999999999996,2.01,0.57,7.390000000000001,11:17:07,263.13,100,263.21,300,263.1636,468
11248,2.77,2.15,0.62,10.78,11:17:10,263.13,200,263.21,300,263.1739,175
11275,0.59,0.18,0.41,29.19,11:17:29,263.13,200,263.21,300,263.133,100
11279,0.61,0.24,0.37,31.41,11:17:31,263.13,200,263.21,300,263.1308,100
11283,0.5599999999999999,0.21,0.35,33.6,11:17:33,263.14,100,263.21,300,263.175,100
11349,4.0,3.22,0.78,16.04,11:18:16,263.16,100,263.2,100,263.1934,100
11361,0.6100000000000001,0.07,0.54,24.21,11:18:24,263.16,100,263.21,200,263.1818,500
11465,0.45,0.08,0.37,41.47,11:19:41,263.06,200,263.15,100,263.105,100
11518,0.6100000000000001,0.07,0.54,21.429999999999996,11:20:21,263.01,100,263.1,400,263.0622,230
11530,0.77,0.07,0.7,29.75,11:20:29,263.05,100,263.15,500,263.1049,100
11542,0.6000000000000001,0.07,0.53,37.77000000000001,11:20:37,263.05,200,263.15,300,263.1065,375
11630,0.5800000000000001,0.13,0.45,47.78000000000001,11:21:47,263.01,100,263.09,500,263.0539,100
11645,0.62,0.17,0.45,57.60000000000001,11:21:57,263.02,100,263.09,500,263.0445,500
11669,0.64,0.25,0.39,14.24,11:22:14,263.05,100,263.11,300,263.1076,400
11684,0.46,0.12,0.34,24.04,11:22:24,263.05,200,263.11,300,263.10900000000004,500
11727,0.46,0.07,0.39,49.65,11:22:49,263.05,100,263.2,300,263.1398,600
11778,0.6,0.17,0.43,30.000000000000004,11:23:30,263.09,100,263.16,300,263.125,100
11899,0.79,0.07,0.72,50.820000000000014,11:24:50,263.1,200,263.19,200,263.145,100
11966,0.76,0.29,0.47,50.03999999999999,11:25:50,263.03,100,263.18,300,263.17900000000003,618
12091,7.41,6.91,0.5,26.84,11:29:26,263.29,200,263.46,300,263.46,100
12128,0.7999999999999999,0.22,0.58,51.99999999999999,11:29:51,263.31,100,263.39,500,263.39,100
12141,0.95,0.22,0.73,1.77,11:30:01,263.41,200,263.5,800,263.45,100
12153,0.6200000000000001,0.07,0.55,31.029999999999998,11:30:31,263.16,100,263.33,300,263.32,100
12208,0.6499999999999999,0.07,0.58,20.639999999999997,11:31:20,263.39,200,263.51,500,263.48,199
12210,0.6,0.1,0.5,22.029999999999998,11:31:22,263.38,200,263.51,500,263.4525,500
12217,0.63,0.23,0.4,26.63,11:31:26,263.34,300,263.51,800,263.38,100
12223,0.45,0.08,0.37,30.029999999999998,11:31:30,263.32,200,263.51,800,263.4159,200
12241,0.5900000000000001,0.07,0.52,40.41,11:31:40,263.32,300,263.5,300,263.415,100
12298,2.3899999999999997,1.91,0.48,7.98,11:32:07,263.41,200,263.54,300,263.475,100
12326,0.6,0.15,0.45,24.99,11:32:24,263.48,200,263.56,100,263.54,226
12330,0.5800000000000001,0.07,0.51,27.36,11:32:27,263.6,100,263.72,300,263.6847,500
12345,0.43,0.07,0.36,35.22999999999999,11:32:35,263.52,300,263.72,300,263.68,100
12363,0.6,0.13,0.47,45.43999999999999,11:32:45,263.51,300,263.7,300,263.67,100
12405,0.5900000000000001,0.07,0.52,0.0,11:33:00,263.51,200,263.63,300,263.5892,500
12415,0.62,0.18,0.44,5.9799999999999995,11:33:05,263.51,300,263.68,400,263.56,100
12422,0.43999999999999995,0.09,0.35,9.819999999999999,11:33:09,263.52,200,263.68,400,263.63,100
12447,0.43,0.07,0.36,23.38,11:33:23,263.57,300,263.73,300,263.65,100
12462,0.65,0.21,0.44,32.17,11:33:32,263.58,300,263.75,300,263.73,100
12471,0.77,0.26,0.51,0.0,11:34:00,263.66,200,263.78,300,263.78,100
12477,2.15,1.64,0.51,5.1899999999999995,11:34:05,263.68,200,263.8,500,263.8,100
12482,2.79,2.23,0.56,11.600000000000001,11:34:11,263.77,200,263.86,300,263.82,100
12483,2.96,2.53,0.43,14.560000000000002,11:34:14,263.86,300,263.99,100,263.925,100
12489,0.62,0.18,0.44,17.810000000000006,11:34:17,263.81,200,263.99,100,263.95,100
12498,0.5800000000000001,0.07,0.51,23.570000000000007,11:34:23,263.81,200,263.99,400,263.9878,1000
12505,0.64,0.18,0.46,28.190000000000005,11:34:28,263.82,100,263.98,300,263.9,200
12508,0.6000000000000001,0.07,0.53,29.990000000000006,11:34:29,263.8,200,263.99,400,263.905,100
12517,0.62,0.14,0.48,35.61000000000001,11:34:35,263.8,100,263.99,400,263.895,100
12520,0.6,0.08,0.52,37.620000000000005,11:34:37,263.8,200,263.98,300,263.83,140
12524,0.63,0.2,0.43,40.2,11:34:40,263.9,100,263.99,100,263.9116,151
12526,0.66,0.27,0.39,41.62,11:34:41,263.9,100,263.99,100,263.945,100
12535,0.61,0.08,0.53,47.8,11:34:47,263.9,100,263.98,300,263.9464,300
12538,0.63,0.21,0.42,50.0,11:34:50,263.9,100,263.99,100,263.9699,100
12541,0.76,0.07,0.69,52.129999999999995,11:34:52,263.9,100,263.98,300,263.9222,500
12559,0.95,0.34,0.61,3.8100000000000005,11:35:03,263.9,100,263.97,500,263.9341,157
12566,79.02,78.7,0.32,0.0,11:36:00,264.15,100,264.24,300,264.24,100
12571,0.44,0.14,0.3,2.79,11:36:02,264.15,100,264.24,300,264.15,100
12575,0.59,0.18,0.41,5.1499999999999995,11:36:05,264.15,100,264.24,300,264.2094,750
12579,0.61,0.18,0.43,7.36,11:36:07,264.15,100,264.23,300,264.2,128
12601,0.44,0.08,0.36,19.18,11:36:19,264.15,200,264.21,300,264.19,100
12611,0.6,0.08,0.52,0.0,11:37:00,264.15,200,264.21,300,264.18,100
12614,3.59,3.07,0.52,4.98,11:37:04,264.15,200,264.21,300,264.1524,100
12629,0.5800000000000001,0.07,0.51,15.790000000000001,11:37:15,264.13,100,264.21,300,264.16,100
12639,0.62,0.24,0.38,21.810000000000006,11:37:21,264.1,300,264.21,300,264.13,100
12642,0.61,0.1,0.51,23.790000000000006,11:37:23,264.1,200,264.21,300,264.1073,500
12645,0.75,0.23,0.52,25.750000000000007,11:37:25,264.05,300,264.21,300,264.098,1500
12648,0.75,0.08,0.67,27.76000000000001,11:37:27,264.05,200,264.21,300,264.05,200
12662,0.57,0.21,0.36,35.56,11:37:35,264.0,200,264.19,300,264.02,100
12684,0.43999999999999995,0.09,0.35,47.78999999999999,11:37:47,264.0,200,264.13,400,264.0315,200
12691,0.59,0.17,0.42,51.789999999999985,11:37:51,264.01,200,264.13,300,264.01,194
12694,0.58,0.21,0.37,53.58999999999998,11:37:53,264.06,100,264.13,300,264.07,100
12701,0.59,0.15,0.44,57.59999999999999,11:37:57,264.06,100,264.13,300,264.095,100
12716,0.61,0.19,0.42,6.230000000000001,11:38:06,263.92,100,264.07,400,263.99,100
12718,3.19,2.61,0.58,9.850000000000001,11:38:09,263.9,200,264.01,300,263.92,100
12722,1.6,1.07,0.53,16.830000000000002,11:38:16,263.86,200,264.01,400,263.935,100
12723,3.8,3.23,0.57,20.630000000000003,11:38:20,263.86,200,264.01,400,263.89,100
12728,0.62,0.12,0.5,23.810000000000006,11:38:23,263.85,200,263.94,400,263.9023,800
12747,0.6,0.21,0.39,36.050000000000004,11:38:36,263.79,300,263.94,400,263.855,100
12756,0.59,0.22,0.37,42.05000000000001,11:38:42,263.95,300,264.13,400,264.035,100
12759,0.58,0.09,0.49,43.830000000000005,11:38:43,263.95,300,264.13,400,264.0133,300
12780,118.2,117.59,0.61,0.0,11:40:00,263.75,100,263.87,300,263.81,100
12799,3.9899999999999998,3.4,0.59,0.0,11:41:00,263.75,200,263.86,400,263.76,200
12804,0.62,0.21,0.41,3.0200000000000005,11:41:03,263.75,100,263.86,400,263.75,100
12822,0.6200000000000001,0.07,0.55,17.21,11:41:17,263.75,200,263.86,400,263.751,200
12837,0.6100000000000001,0.07,0.54,27.39,11:41:27,263.75,100,263.83,300,263.814,500
12862,0.61,0.19,0.42,43.01000000000002,11:41:43,263.6,300,263.77,500,263.685,220
12873,0.4,0.2,0.2,0.0,11:42:00,263.6,300,263.77,500,263.7219,2000
12879,0.35,0.15,0.2,1.9899999999999998,11:42:01,263.6,300,263.76,400,263.61,100
12890,2.3,2.0,0.3,7.76,11:42:07,263.64,200,263.76,400,263.6984,100
12940,0.3,0.09,0.21,30.079999999999995,11:42:30,263.67,100,263.76,400,263.6974,300
12949,0.44,0.2,0.24,33.959999999999994,11:42:33,263.53,200,263.68,400,263.62,100
13004,0.39,0.19,0.2,51.790000000000006,11:42:51,263.54,100,263.68,600,263.6147,500
13019,0.26,0.07,0.19,56.79,11:42:56,263.54,100,263.67,300,263.55,100
13044,0.30000000000000004,0.14,0.16,1.21,11:43:01,263.54,100,263.67,400,263.605,500
13055,0.29000000000000004,0.07,0.22,10.48,11:43:10,263.55,100,263.66,400,263.555,100
13060,2.95,2.72,0.23,14.829999999999998,11:43:14,263.55,100,263.65,400,263.6,200
13103,0.47000000000000003,0.08,0.39,31.580000000000005,11:43:31,263.57,300,263.64,400,263.6119,303
13118,0.4,0.18,0.22,37.31000000000002,11:43:37,263.65,200,263.83,300,263.64,100
13142,84.78,84.59,0.19,0.0,11:45:00,263.77,400,263.94,300,263.86,100
13145,0.25,0.07,0.18,0.99,11:45:00,263.77,100,263.88,300,263.88,100
13235,0.54,0.21,0.33,28.949999999999996,11:45:28,263.79,100,263.93,300,263.87,100
13291,0.25,0.08,0.17,0.0,11:46:00,263.82,300,263.93,300,263.875,100
13296,0.25,0.09,0.16,8.23,11:46:08,263.87,200,264.04,300,263.955,100
13303,0.24,0.08,0.16,10.06,11:46:10,263.87,100,263.99,300,263.93,100
13307,2.42,2.16,0.26,14.98,11:46:14,263.88,100,264.04,300,263.94,100
13425,0.39,0.18,0.21,0.0,11:47:00,263.95,200,264.08,300,264.03,100
13447,0.8200000000000001,0.51,0.31,10.559999999999999,11:47:10,263.88,300,264.07,300,263.96,100
13536,0.29000000000000004,0.09,0.2,41.92,11:47:41,264.0,200,264.11,300,264.025,200
13565,0.3,0.09,0.21,51.93,11:47:51,264.0,100,264.19,300,264.09,100
13584,0.39,0.22,0.17,0.0,11:48:00,264.0,100,264.14,300,264.0831,250
13595,0.58,0.22,0.36,4.21,11:48:04,264.0,100,264.14,300,264.08,100
13597,1.23,1.03,0.2,7.83,11:48:07,264.0,100,264.12,300,264.065,100
13607,0.35,0.19,0.16,17.76,11:48:17,263.97,400,264.04,300,264.0,100
13613,0.7999999999999999,0.58,0.22,20.38,11:48:20,263.97,400,264.06,400,264.005,100
13616,0.23,0.07,0.16,21.839999999999996,11:48:21,263.97,300,264.06,400,264.015,100
13631,0.29000000000000004,0.12,0.17,26.91999999999999,11:48:26,263.97,200,264.06,300,263.98,100
13640,0.42000000000000004,0.2,0.22,29.839999999999993,11:48:29,263.98,600,264.11,300,264.045,100
13678,0.41000000000000003,0.22,0.19,42.18999999999998,11:48:42,263.99,100,264.11,300,264.055,100
13701,0.26,0.08,0.18,49.93999999999997,11:48:49,263.99,100,264.12,300,264.0798,100
13732,0.45,0.27,0.18,0.0,11:49:00,264.06,100,264.12,300,264.0757,500
13755,3.58,3.4,0.18,18.990000000000002,11:49:18,263.93,200,264.07,300,263.981,100
13762,0.38,0.22,0.16,21.79,11:49:21,263.93,100,264.07,300,264.0077,100
14038,0.43000000000000005,0.23,0.2,0.0,11:51:00,263.94,100,264.01,300,263.975,100
14062,1.6099999999999999,1.26,0.35,14.649999999999999,11:51:14,263.9,100,264.01,300,263.928,1200
14212,0.37,0.09,0.28,12.8,11:52:12,263.9,200,263.97,400,263.9326,100
14383,1.7,1.51,0.19,15.83,11:53:15,263.91,100,263.95,300,263.9134,196
14632,0.42,0.24,0.18,54.36000000000002,11:54:54,264.06,100,264.17,300,264.17,300
14689,3.07,2.76,0.31,5.799999999999999,11:55:05,264.19,100,264.28,300,264.22,100
14711,0.4,0.18,0.22,13.959999999999996,11:55:13,264.23,100,264.32,300,264.23,500
14743,0.33,0.08,0.25,25.99,11:55:25,264.24,100,264.32,300,264.28,100
14753,0.45,0.26,0.19,29.979999999999997,11:55:29,264.24,100,264.32,300,264.284,300
14806,4.1499999999999995,3.84,0.31,0.0,11:56:00,264.26,200,264.32,300,264.32,100
14838,0.26,0.08,0.18,14.03,11:56:14,264.32,100,264.35,500,264.35,100
14851,0.25,0.07,0.18,18.029999999999998,11:56:18,264.32,200,264.4,100,264.37,300
14870,0.39,0.21,0.18,24.01,11:56:24,264.32,100,264.45,100,264.44,200
14892,0.42000000000000004,0.23,0.19,31.290000000000006,11:56:31,264.32,100,264.45,300,264.42,100
14900,0.39,0.23,0.16,34.15000000000001,11:56:34,264.33,100,264.43,300,264.4,100
14913,0.44999999999999996,0.21,0.24,38.38000000000002,11:56:38,264.32,100,264.39,100,264.39,100
14948,0.26,0.07,0.19,49.89000000000003,11:56:49,264.5,200,264.62,100,264.62,100
14955,0.39,0.21,0.18,0.0,11:57:00,264.5,200,264.62,100,264.5815,500
14969,3.77,3.6,0.17,8.58,11:57:08,264.62,500,264.67,200,264.66,100
14977,0.24000000000000002,0.07,0.17,13.850000000000001,11:57:13,264.59,100,264.66,300,264.59,312
14981,0.25,0.07,0.18,15.770000000000001,11:57:15,264.57,200,264.65,300,264.625,1200
14990,0.25,0.07,0.18,19.71,11:57:19,264.52,300,264.6,400,264.6,152
15032,0.25,0.08,0.17,33.8,11:57:33,264.47,200,264.6,100,264.5156,610
15038,0.33999999999999997,0.13,0.21,35.78000000000001,11:57:35,264.45,400,264.6,100,264.55,100
15100,0.31,0.13,0.18,57.87000000000003,11:57:57,264.42,300,264.6,100,264.5097,377
15109,5.33,5.14,0.19,0.0,11:58:00,264.37,300,264.55,300,264.45,125
15117,3.58,3.32,0.26,7.95,11:58:07,264.42,300,264.59,300,264.43,100
15118,0.36,0.2,0.16,8.31,11:58:08,264.42,300,264.59,300,264.46,100
15141,0.26,0.07,0.19,18.07,11:58:18,264.45,300,264.58,300,264.524,400
15255,0.45000000000000007,0.17,0.28,0.0,11:59:00,264.46,300,264.59,100,264.471,200
15263,0.36,0.17,0.19,5.74,11:59:05,264.43,100,264.53,100,264.4355,100
15318,0.27,0.07,0.2,31.580000000000016,11:59:31,264.4,100,264.54,100,264.475,100
15341,0.37,0.17,0.2,39.66,11:59:39,264.4,100,264.54,100,264.5022,1000
15353,0.33,0.14,0.19,43.629999999999995,11:59:43,264.4,100,264.53,100,264.48,100
15362,0.42000000000000004,0.23,0.19,46.87,11:59:46,264.4,100,264.5,100,264.5,100
15365,0.29,0.08,0.21,47.839999999999996,11:59:47,264.39,100,264.5,100,264.435,100
15414,0.27,0.08,0.19,5.880000000000001,12:00:05,264.39,200,264.58,300,264.4185,1000
15419,0.43,0.21,0.22,7.960000000000001,12:00:07,264.39,200,264.58,300,264.58,300
15424,0.33,0.13,0.2,10.149999999999999,12:00:10,264.39,100,264.57,200,264.49,100
15443,0.8400000000000001,0.52,0.32,20.019999999999992,12:00:20,264.35,400,264.5,300,264.445,100
15504,0.38,0.2,0.18,39.88999999999999,12:00:39,264.46,100,264.58,100,264.515,100
15534,0.37,0.2,0.17,49.90999999999999,12:00:49,264.41,100,264.57,300,264.47,100
15700,0.37,0.2,0.17,43.14999999999995,12:01:43,264.43,200,264.52,100,264.51,100
15728,0.4,0.23,0.17,0.4,12:02:00,264.43,100,264.52,100,264.488,100
15835,0.36,0.2,0.16,44.109999999999985,12:02:44,264.47,100,264.57,200,264.52,100
15899,0.26,0.09,0.17,9.360000000000001,12:03:09,264.47,100,264.56,100,264.54,100
15909,1.04,0.87,0.17,14.709999999999997,12:03:14,264.47,100,264.56,100,264.53,100
15944,0.28,0.08,0.2,29.88,12:03:29,264.48,100,264.55,100,264.5118,300
16042,0.42,0.21,0.21,0.0,12:04:00,264.36,200,264.45,200,264.3601,100
16172,0.26,0.09,0.17,49.79000000000001,12:04:49,264.31,100,264.38,300,264.31,200
16194,1.01,0.74,0.27,7.02,12:05:07,264.36,200,264.44,100,264.41,100
16199,0.36,0.18,0.18,14.36,12:05:14,264.34,200,264.44,100,264.3742,1000
16214,0.24000000000000002,0.07,0.17,19.99,12:05:19,264.34,200,264.43,100,264.34,273
16271,0.27,0.07,0.2,37.95999999999999,12:05:37,264.32,100,264.42,100,264.3612,300
16349,0.42000000000000004,0.26,0.16,0.0,12:06:00,264.32,100,264.41,200,264.4099,2000
16365,1.79,1.47,0.32,12.350000000000001,12:06:12,264.3,100,264.39,100,264.334,1000
16366,0.25,0.08,0.17,12.600000000000001,12:06:12,264.3,100,264.4,100,264.345,100
16390,0.24000000000000002,0.07,0.17,19.75999999999999,12:06:19,264.3,100,264.37,100,264.33,100
16396,0.25,0.07,0.18,21.72999999999999,12:06:21,264.17,100,264.32,100,264.27,100
16421,0.45999999999999996,0.24,0.22,30.10999999999999,12:06:30,264.13,400,264.27,200,264.1301,100
16491,0.45000000000000007,0.17,0.28,0.0,12:07:00,264.14,100,264.27,200,264.205,100
16514,4.23,3.96,0.27,15.46,12:07:15,264.22,100,264.27,200,264.215,200
16533,0.24,0.08,0.16,23.679999999999996,12:07:23,264.17,100,264.26,500,264.26,300
16556,0.4,0.21,0.19,31.76,12:07:31,264.22,100,264.26,500,264.2293,500
16673,0.32,0.14,0.18,20.189999999999998,12:08:20,264.14,100,264.24,100,264.14,100
16715,0.52,0.18,0.34,34.18999999999999,12:08:34,264.15,100,264.23,100,264.185,100
16720,0.48,0.24,0.24,36.31999999999999,12:08:36,264.15,100,264.23,100,264.1408,100
16731,0.26,0.07,0.19,39.959999999999994,12:08:39,264.17,100,264.23,100,264.1904,500
16836,0.25,0.07,0.18,0.0,12:09:00,264.16,100,264.23,100,264.21,100
16848,0.27,0.09,0.18,3.87,12:09:03,264.15,200,264.23,100,264.1555,135
16988,0.41000000000000003,0.23,0.18,8.03,12:10:08,264.23,200,264.26,600,264.245,100
17095,0.24,0.08,0.16,42.10999999999998,12:10:42,264.21,300,264.29,100,264.25,100
17319,0.37,0.17,0.2,0.0,12:12:00,264.19,100,264.29,100,264.29,100
17331,1.97,1.78,0.19,9.629999999999999,12:12:09,264.19,100,264.29,200,264.2266,600
17338,0.38,0.19,0.19,12.05,12:12:12,264.15,100,264.26,200,264.225,100
17427,0.27,0.07,0.2,41.880000000000024,12:12:41,264.16,200,264.26,100,264.2267,172
17628,0.33,0.17,0.16,10.040000000000001,12:14:10,264.19,200,264.25,200,264.191,300
17763,1.74,1.51,0.23,3.8,12:15:03,264.09,100,264.16,100,264.1499,100
17803,0.30000000000000004,0.07,0.23,22.109999999999996,12:15:22,264.04,100,264.11,200,264.1,100
17868,0.35,0.14,0.21,44.000000000000014,12:15:44,263.88,200,263.98,100,263.9297,300
17899,0.25,0.08,0.17,1.83,12:16:01,263.98,300,264.02,200,264.0099,100
17936,3.98,3.64,0.34,20.230000000000004,12:16:20,263.98,100,264.07,100,264.0369,100
17968,0.6,0.24,0.36,32.20000000000002,12:16:32,263.98,200,264.05,100,264.04,100
17972,0.27,0.07,0.2,33.750000000000014,12:16:33,263.98,200,264.05,100,264.0244,500
17991,0.27,0.07,0.2,39.80000000000001,12:16:39,263.93,100,264.01,200,263.97,200
18004,0.42000000000000004,0.2,0.22,44.180000000000014,12:16:44,263.9,100,264.01,100,263.966,100
18170,0.38,0.22,0.16,42.379999999999995,12:17:42,263.82,200,263.96,100,263.8835,100
18318,0.33999999999999997,0.18,0.16,37.88999999999998,12:18:37,263.93,100,263.99,100,263.9451,200
18348,0.24000000000000002,0.07,0.17,46.85999999999998,12:18:46,263.96,300,264.02,100,264.0116,114
18391,0.32,0.16,0.16,2.3,12:19:02,263.96,300,264.02,100,264.0196,120
18478,0.24000000000000002,0.07,0.17,38.01000000000001,12:19:38,263.81,100,263.92,200,263.91,100
18559,0.39,0.23,0.16,0.0,12:20:00,263.79,100,263.86,100,263.79,100
18587,1.26,1.04,0.22,17.890000000000004,12:20:17,263.68,200,263.8,100,263.6801,100
18593,0.37,0.18,0.19,20.140000000000008,12:20:20,263.6,100,263.8,100,263.702,157
18599,0.3,0.08,0.22,22.120000000000008,12:20:22,263.7,100,263.8,100,263.71,100
18634,0.4,0.21,0.19,33.94000000000001,12:20:33,263.65,100,263.8,200,263.7,100
18747,0.32,0.12,0.2,22.1,12:21:22,263.68,200,263.76,100,263.7239,250
18802,0.27,0.07,0.2,42.17,12:21:42,263.68,200,263.75,200,263.74,100
18862,0.47000000000000003,0.27,0.2,0.0,12:22:00,263.73,100,263.81,200,263.77,100
18895,0.47,0.22,0.25,19.69,12:22:19,263.74,100,263.81,100,263.775,100
19065,0.38,0.21,0.17,15.650000000000002,12:23:15,263.8,300,263.87,500,263.823,339
19195,0.30000000000000004,0.1,0.2,0.0,12:24:00,263.82,100,263.88,100,263.85,100
19293,0.43000000000000005,0.09,0.34,0.0,12:25:00,263.69,100,263.84,200,263.765,100
19319,2.81,2.41,0.4,18.87,12:25:18,263.75,100,263.84,200,263.795,200
19372,0.42000000000000004,0.2,0.22,40.14,12:25:40,263.75,100,263.83,100,263.7501,120
19498,0.53,0.28,0.25,26.090000000000007,12:26:26,263.7,200,263.83,200,263.757,105
19661,0.44000000000000006,0.28,0.16,15.930000000000003,12:27:15,263.85,100,264.0,300,263.909,500
19802,0.26,0.08,0.18,25.080000000000005,12:28:25,263.88,400,263.99,200,263.948,1000
19833,0.24000000000000002,0.07,0.17,35.11000000000001,12:28:35,263.89,200,264.0,400,263.9477,200
20023,0.27,0.07,0.2,51.91000000000001,12:29:51,264.01,300,264.09,100,264.057,100
20194,0.32,0.14,0.18,1.8800000000000001,12:31:01,264.05,100,264.2,100,264.134,600
20228,0.24,0.08,0.16,21.869999999999994,12:31:21,264.04,200,264.19,200,264.1236,100
20483,0.29000000000000004,0.1,0.19,1.7800000000000002,12:33:01,264.08,100,264.15,100,264.1089,250
20489,0.35,0.17,0.18,3.8000000000000003,12:33:03,264.08,100,264.16,100,264.0801,200
20518,1.5299999999999998,1.16,0.37,20.840000000000003,12:33:20,264.0,100,264.1,100,264.06,100
20649,0.30000000000000004,0.07,0.23,5.839999999999999,12:34:05,263.91,100,264.03,100,263.911,300
20831,0.31,0.13,0.18,0.0,12:35:00,263.84,100,263.94,100,263.8959,250
20848,0.25,0.07,0.18,8.780000000000001,12:35:08,263.84,100,263.9,200,263.8748,135
20899,0.45,0.27,0.18,25.099999999999998,12:35:25,263.81,100,263.9,200,263.84,100
21064,0.23,0.07,0.16,31.229999999999997,12:36:31,263.72,100,263.83,200,263.7882,197
21406,44.300000000000004,43.96,0.34,0.0,12:39:00,263.9,100,264.03,300,263.9572,250
21477,0.25,0.08,0.17,21.16,12:39:21,263.95,100,264.03,400,263.995,100
21680,0.26,0.07,0.19,0.0,12:41:00,263.85,100,263.93,100,263.851,250
21687,0.35,0.18,0.17,2.25,12:41:02,263.86,200,263.97,300,263.8975,100
21786,149.10999999999999,148.89,0.22,0.0,12:44:00,263.91,300,263.96,200,263.939,137
22047,0.33,0.14,0.19,4.51,12:46:04,263.9,200,263.95,100,263.9383,1000
22642,3.65,3.29,0.36,0.0,12:50:00,264.06,300,264.17,100,264.1502,106
22956,2.4,2.09,0.31,0.0,12:52:00,264.07,200,264.16,100,264.11,100
22969,0.23,0.07,0.16,8.040000000000001,12:52:08,264.07,200,264.17,200,264.12,100
22980,0.25,0.08,0.17,11.050000000000002,12:52:11,263.94,200,263.97,200,263.9599,100
23031,0.38,0.22,0.16,29.159999999999993,12:52:29,263.87,100,263.97,300,263.9697,100
23149,0.35,0.19,0.16,21.930000000000003,12:53:21,263.63,300,263.7,100,263.665,100
23261,0.24000000000000002,0.07,0.17,0.0,12:54:00,263.66,300,263.73,100,263.7299,100
23295,0.41000000000000003,0.2,0.21,20.220000000000006,12:54:20,263.72,300,263.84,100,263.72,100
23475,0.38,0.22,0.16,19.22999999999999,12:55:19,263.94,300,264.1,200,264.03700000000003,200
23645,0.30000000000000004,0.13,0.17,29.760000000000005,12:56:29,263.95,200,264.03,300,263.97700000000003,100
24121,0.32,0.14,0.18,0.0,13:01:00,263.99,200,264.1,600,264.0799,100
24288,1.22,1.05,0.17,4.78,13:02:04,264.12,200,264.25,200,264.2334,150
24392,0.33999999999999997,0.18,0.16,45.95999999999999,13:02:45,264.19,300,264.29,100,264.2799,100
24430,0.27,0.07,0.2,0.0,13:03:00,264.21,300,264.29,200,264.262,500
24450,2.21,2.02,0.19,13.440000000000001,13:03:13,264.22,300,264.28,100,264.2699,100
24506,0.37,0.21,0.16,36.07000000000001,13:03:36,264.12,200,264.24,200,264.1896,100
24582,0.24000000000000002,0.07,0.17,0.0,13:04:00,264.0,100,264.12,100,264.0001,100
24896,0.34,0.17,0.17,0.0,13:06:00,264.05,100,264.12,300,264.1189,400
24911,174.01,173.76,0.25,0.0,13:08:00,264.09,200,264.16,200,264.0804,500
24933,1.82,1.58,0.24,0.0,13:09:00,264.04,200,264.16,200,264.0943,449
24968,0.42000000000000004,0.25,0.17,19.28,13:09:19,264.19,400,264.24,100,264.218,100
25399,0.44,0.18,0.26,25.360000000000007,13:12:25,263.92,100,264.04,200,264.0012,100
25733,3.64,3.18,0.46,0.0,13:16:00,263.93,100,264.0,200,263.965,150
25822,0.43,0.08,0.35,15.65,13:17:15,264.02,100,264.1,200,264.0628,200
25916,0.59,0.09,0.5,0.0,13:18:00,264.01,200,264.15,200,264.112,600
25989,0.41000000000000003,0.09,0.32,0.0,13:19:00,264.1,100,264.15,100,264.1239,450
26091,0.45,0.07,0.38,0.0,13:20:00,264.05,100,264.15,200,264.1138,200
26149,0.61,0.23,0.38,39.160000000000004,13:20:39,264.09,200,264.16,100,264.105,100
26406,0.77,0.18,0.59,13.96,13:23:13,264.02,200,264.21,200,264.1053,100
26419,0.8,0.19,0.61,22.150000000000006,13:23:22,264.02,200,264.21,200,264.115,100
26578,0.82,0.1,0.72,33.98000000000001,13:26:33,264.03,800,264.08,300,264.059,100
26631,1.0,0.08,0.92,40.2,13:27:40,263.88,100,264.0,200,263.9999,100
26706,1.59,0.24,1.35,0.0,13:29:00,263.99,100,264.05,200,264.0301,100
26745,1.19,0.2,0.99,0.0,13:30:00,263.93,100,264.03,100,263.9758,700
26815,1.2000000000000002,0.09,1.11,19.02,13:31:19,263.9,100,264.0,300,263.9984,150
26885,1.57,0.3,1.27,0.0,13:33:00,263.95,100,264.0,400,263.97900000000004,100
26908,1.3800000000000001,0.07,1.31,30.39,13:33:30,263.92,100,263.97,300,263.9453,300
26967,2.39,1.29,1.1,0.0,13:35:00,263.97,100,264.01,200,263.9766,422
27033,1.01,0.07,0.94,29.610000000000003,13:36:29,263.85,1200,263.94,100,263.8992,150
27069,0.99,0.2,0.79,0.0,13:37:00,263.85,1200,263.94,200,263.9022,300
27123,1.41,0.16,1.25,2.8099999999999996,13:38:02,263.85,1200,263.98,400,263.8708,200
27353,1.02,0.07,0.95,0.0,13:44:00,263.97,100,264.03,300,263.9911,393
27421,1.4,0.24,1.16,5.98,13:45:05,263.95,100,264.03,400,264.029,110
27649,0.81,0.14,0.67,0.0,13:49:00,263.88,200,263.91,700,263.9025,200
27658,0.98,0.33,0.65,0.0,13:50:00,263.88,200,263.91,700,263.9099,100
27702,1.19,0.2,0.99,50.59999999999999,13:50:50,263.76,100,263.82,200,263.781,1000
27713,1.22,0.07,1.15,4.02,13:51:04,263.71,100,263.79,100,263.789,100
27717,1.3699999999999999,0.23,1.14,9.379999999999999,13:51:09,263.76,100,263.81,200,263.7885,208
27723,2.3899999999999997,1.63,0.76,20.169999999999998,13:51:20,263.76,100,263.81,200,263.7651,250
27731,1.2100000000000002,0.1,1.11,29.59,13:51:29,263.76,100,263.81,200,263.79400000000004,112
27883,3.41,2.69,0.72,20.63,13:54:20,263.79,200,263.87,100,263.8434,125
28036,0.8099999999999999,0.08,0.73,0.0,13:57:00,263.71,100,263.8,500,263.7406,1000
28071,0.98,0.07,0.91,36.75,13:57:36,263.52,100,263.61,200,263.5221,208
28072,0.8099999999999999,0.08,0.73,37.56,13:57:37,263.45,100,263.55,300,263.45799999999997,100
28073,0.8099999999999999,0.11,0.7,38.370000000000005,13:57:38,263.47,100,263.49,1100,263.47,100
28075,0.81,0.07,0.74,40.160000000000004,13:57:40,263.4,200,263.53,100,263.49,100
28082,0.81,0.16,0.65,0.0,13:58:00,263.4,200,263.53,100,263.53,100
28136,1.1800000000000002,0.07,1.11,0.0,13:59:00,263.41,200,263.5,100,263.4435,100
28186,0.98,0.14,0.84,15.590000000000002,14:00:15,263.35,200,263.5,200,263.4149,300
28224,1.4,0.18,1.22,0.0,14:01:00,263.3,200,263.43,100,263.3714,200
28258,1.02,0.17,0.85,40.59000000000001,14:01:40,263.38,300,263.42,100,263.4019,100
28289,1.2,0.24,0.96,15.4,14:02:15,263.37,200,263.44,200,263.3947,200
28332,1.01,0.08,0.93,2.0,14:03:02,262.98,200,263.09,300,263.0404,100
28354,1.18,0.24,0.94,28.610000000000003,14:03:28,263.0,100,263.09,200,263.0836,400
28386,1.3599999999999999,0.19,1.17,15.579999999999998,14:04:15,263.21,300,263.26,100,263.245,100
28402,0.98,0.09,0.89,31.38,14:04:31,263.21,100,263.26,100,263.211,100
28472,1.39,0.19,1.2,0.0,14:06:00,262.9,200,263.04,100,262.9352,100
28534,1.21,0.18,1.03,2.4299999999999997,14:07:02,263.08,500,263.15,100,263.1153,100
28581,1.19,0.15,1.04,3.39,14:08:03,263.18,400,263.26,100,263.2081,100
28601,0.97,0.07,0.9,24.969999999999995,14:08:24,263.2,400,263.25,300,263.2499,100
28661,1.21,0.08,1.13,54.970000000000006,14:09:54,263.17,200,263.24,100,263.1933,140
28768,0.97,0.07,0.9,48.330000000000005,14:11:48,263.22,100,263.33,100,263.2707,125
28772,1.02,0.2,0.82,0.0,14:12:00,263.22,100,263.33,200,263.3003,150
29181,0.97,0.07,0.9,27.999999999999993,14:19:27,262.75,200,262.82,100,262.7862,308
29490,0.6000000000000001,0.28,0.32,1.17,14:23:01,262.6,300,262.67,200,262.63,100
29546,0.61,0.24,0.37,33.370000000000005,14:23:33,262.6,300,262.66,200,262.6552,500
29551,0.61,0.24,0.37,36.17,14:23:36,262.6,300,262.66,200,262.6599,100
29605,0.57,0.08,0.49,9.950000000000001,14:24:09,262.6,300,262.66,100,262.6329,200
29622,0.61,0.14,0.47,20.169999999999995,14:24:20,262.62,100,262.76,100,262.7065,150
29919,0.61,0.09,0.52,55.94000000000002,14:27:55,262.71,300,262.77,200,262.715,100
29929,0.7999999999999999,0.1,0.7,0.0,14:28:00,262.71,200,262.77,200,262.7429,100
30018,1.6099999999999999,0.94,0.67,0.0,14:29:00,262.7,100,262.77,300,262.735,200
30225,0.6,0.21,0.39,25.82,14:31:25,262.58,200,262.64,100,262.57,100
30227,0.5800000000000001,0.07,0.51,26.979999999999997,14:31:26,262.54,100,262.64,100,262.56,700
30626,1.98,1.22,0.76,16.15,14:38:16,262.63,400,262.75,100,262.64,100
30839,0.6399999999999999,0.07,0.57,25.8,14:40:25,262.42,100,262.49,100,262.45,255
30877,1.5899999999999999,1.13,0.46,2.63,14:41:02,262.4,100,262.46,200,262.439,1220
30882,0.5900000000000001,0.07,0.52,6.3999999999999995,14:41:06,262.44,100,262.46,200,262.4558,100
31124,0.61,0.15,0.46,15.639999999999997,14:44:15,262.11,100,262.29,200,262.2312,100
31184,0.8,0.26,0.54,58.39,14:44:58,262.33,200,262.4,100,262.35,100
31194,0.77,0.26,0.51,1.81,14:45:01,262.33,200,262.46,100,262.3959,100
31260,0.8300000000000001,0.18,0.65,54.41000000000002,14:45:54,262.39,200,262.46,400,262.425,100
31313,0.81,0.07,0.74,36.34,14:46:36,262.35,100,262.46,300,262.3996,250
31386,0.5700000000000001,0.13,0.44,40.98999999999999,14:47:40,262.18,100,262.22,200,262.2051,500
31405,0.5700000000000001,0.2,0.37,50.999999999999986,14:47:50,262.11,100,262.29,100,262.235,100
31423,3.59,3.03,0.56,0.0,14:48:00,262.29,200,262.36,100,262.285,100
31527,2.4,1.88,0.52,9.620000000000001,14:49:09,262.24,100,262.32,100,262.288,1000
31615,4.23,3.71,0.52,9.21,14:50:09,262.16,100,262.2,200,262.19,100
31627,0.77,0.27,0.5,24.19,14:50:24,262.12,100,262.2,500,262.1536,100
31790,0.6,0.17,0.43,0.0,14:52:00,262.17,100,262.29,100,262.2439,100
31875,0.64,0.2,0.44,8.239999999999998,14:53:08,262.05,100,262.22,100,262.1435,100
31896,0.6,0.18,0.42,22.020000000000003,14:53:22,262.07,100,262.21,200,262.1325,100
31903,0.62,0.18,0.44,26.21,14:53:26,262.25,100,262.38,100,262.32,199
32041,0.76,0.07,0.69,11.170000000000003,14:55:11,262.2,100,262.29,300,262.28,100
32239,0.74,0.29,0.45,13.349999999999998,14:58:13,262.21,100,262.27,100,262.2612,100
32299,0.43,0.07,0.36,2.2100000000000004,14:59:02,262.21,100,262.25,100,262.225,100
32363,0.61,0.17,0.44,40.800000000000026,14:59:40,262.21,100,262.29,100,262.2491,167
32377,0.61,0.18,0.43,0.0,15:00:00,262.21,100,262.28,100,262.2482,100
32606,0.6200000000000001,0.07,0.55,48.199999999999996,15:02:48,262.0,500,262.08,200,262.03,100
32641,0.74,0.17,0.57,13.97,15:03:13,261.94,100,262.02,100,261.9924,100
32659,0.64,0.08,0.56,27.66,15:03:27,261.89,100,261.96,100,261.94,100
32763,0.6,0.19,0.41,51.870000000000005,15:04:51,261.92,100,262.04,200,261.9846,100
32860,3.77,3.29,0.48,10.79,15:06:10,261.9,200,261.96,300,261.93,100
32879,0.6399999999999999,0.07,0.57,29.810000000000002,15:06:29,261.86,100,261.93,400,261.88,100
32885,0.6,0.13,0.47,34.010000000000005,15:06:34,261.93,200,261.97,100,261.9536,300
32953,0.77,0.07,0.7,15.0,15:07:15,262.03,100,262.11,200,262.0821,108
32981,0.76,0.13,0.63,36.6,15:07:36,262.03,300,262.08,200,262.0436,380
33026,0.61,0.17,0.44,26.1,15:08:26,261.99,100,262.05,200,262.04,100
33088,1.6,1.12,0.48,0.0,15:09:00,262.05,300,262.08,100,262.077,579
33106,0.43,0.13,0.3,13.830000000000002,15:09:13,262.02,100,262.06,100,262.045,100
33163,0.64,0.26,0.38,2.6,15:10:02,262.04,200,262.08,300,262.0576,149
33267,0.44,0.07,0.37,19.82,15:11:19,262.0,500,262.07,100,262.035,100
33325,0.5900000000000001,0.19,0.4,0.0,15:12:00,261.96,100,262.06,200,262.0518,100
33350,0.94,0.36,0.58,20.360000000000003,15:12:20,261.96,100,262.05,100,262.0009,127
33437,0.43,0.07,0.36,23.65,15:13:23,262.0,100,262.08,400,262.0304,670
33470,0.79,0.18,0.61,42.02999999999999,15:13:42,262.02,300,262.08,100,262.0584,1200
33473,0.75,0.13,0.62,44.01999999999999,15:13:44,262.02,200,262.08,100,262.0577,500
33512,0.75,0.08,0.67,8.4,15:14:08,262.06,200,262.12,100,262.09,100
33786,1.78,1.28,0.5,0.0,15:17:00,262.21,200,262.41,200,262.3096,200
33791,0.43,0.13,0.3,5.41,15:17:05,262.32,200,262.41,100,262.41,100
33957,0.6499999999999999,0.18,0.47,5.6,15:19:05,262.29,100,262.35,300,262.324,147
33986,0.62,0.1,0.52,27.970000000000006,15:19:27,262.31,100,262.35,200,262.3139,100
34140,0.77,0.18,0.59,24.01000000000001,15:21:24,262.3,200,262.34,100,262.3219,200
34345,0.45,0.14,0.31,47.64000000000001,15:23:47,262.26,200,262.29,100,262.275,100
34459,0.79,0.19,0.6,0.0,15:25:00,262.35,100,262.45,200,262.449,225
34877,0.9199999999999999,0.08,0.84,9.17,15:30:09,262.34,100,262.44,200,262.4064,193
34934,0.6100000000000001,0.07,0.54,0.0,15:31:00,262.37,100,262.44,300,262.4092,1000
34951,0.6399999999999999,0.07,0.57,15.79,15:31:15,262.35,200,262.42,100,262.395,100
35115,3.4099999999999997,2.84,0.57,0.0,15:33:00,262.31,100,262.37,200,262.3101,106
35242,0.6000000000000001,0.07,0.53,22.199999999999996,15:34:22,262.29,200,262.35,300,262.3307,103
35592,0.62,0.24,0.38,21.97,15:38:21,262.25,200,262.33,200,262.2852,1000
35656,1.9700000000000002,1.36,0.61,16.39,15:39:16,262.26,100,262.29,100,262.2702,1000
35684,0.5700000000000001,0.07,0.5,31.390000000000004,15:39:31,262.24,100,262.29,200,262.2655,300
35688,0.61,0.19,0.42,33.620000000000005,15:39:33,262.24,100,262.29,200,262.265,100
35830,0.5700000000000001,0.07,0.5,5.36,15:41:05,262.27,100,262.33,200,262.2884,100
35905,2.0,1.35,0.65,8.82,15:42:08,262.23,300,262.28,100,262.255,200
36068,0.57,0.08,0.49,0.0,15:44:00,262.18,100,262.22,200,262.175,100
36081,0.43,0.07,0.36,11.819999999999999,15:44:11,262.18,200,262.22,400,262.2199,200
36146,0.61,0.21,0.4,52.410000000000025,15:44:52,262.21,100,262.26,100,262.228,1100
36295,0.7699999999999999,0.08,0.69,25.780000000000005,15:46:25,262.09,100,262.13,200,262.095,100
36328,0.79,0.17,0.62,2.21,15:47:02,262.08,400,262.17,100,262.085,100
36331,0.81,0.19,0.62,4.41,15:47:04,262.09,100,262.18,100,262.1561,200
36339,0.6100000000000001,0.07,0.54,12.25,15:47:12,262.09,200,262.18,300,262.0901,4000
36352,0.6,0.24,0.36,22.040000000000003,15:47:22,262.08,200,262.16,100,262.1167,350
36426,5.03,4.49,0.54,0.0,15:48:00,262.12,400,262.17,200,262.145,200
36441,0.64,0.23,0.41,13.990000000000004,15:48:13,262.12,100,262.15,400,262.135,200
36469,0.75,0.28,0.47,30.36,15:48:30,262.14,200,262.17,200,262.1602,250
36549,0.75,0.26,0.49,27.43,15:49:27,262.1,600,262.13,200,262.115,100
36668,0.76,0.08,0.68,8.95,15:51:08,262.42,400,262.47,100,262.445,100
36713,0.6100000000000001,0.07,0.54,43.959999999999994,15:51:43,262.57,100,262.66,100,262.627,296
36716,0.95,0.07,0.88,46.129999999999995,15:51:46,262.52,800,262.65,100,262.575,200
36764,0.7999999999999999,0.09,0.71,30.02,15:52:30,262.6,100,262.67,100,262.649,400
36896,0.79,0.18,0.61,8.8,15:54:08,262.47,100,262.5,400,262.485,100
36928,0.56,0.12,0.44,30.190000000000005,15:54:30,262.51,100,262.55,300,262.514,100
36939,0.79,0.15,0.64,36.820000000000014,15:54:36,262.5,100,262.55,300,262.505,100
36984,3.04,2.57,0.47,10.82,15:55:10,262.56,100,262.61,100,262.585,200
36985,0.5900000000000001,0.14,0.45,11.41,15:55:11,262.57,100,262.64,300,262.5875,100
37110,0.79,0.18,0.61,44.63000000000001,15:56:44,262.74,600,262.77,300,262.755,200
37129,0.5900000000000001,0.07,0.52,56.07000000000002,15:56:56,262.76,400,262.77,300,262.7609,250
37152,0.6300000000000001,0.07,0.56,13.610000000000001,15:57:13,262.68,100,262.72,100,262.719,100
37153,0.6200000000000001,0.07,0.55,14.23,15:57:14,262.63,400,262.68,200,262.671,2000
37179,1.03,0.35,0.68,4.23,15:59:04,262.57,300,262.65,200,262.645,100
37186,0.61,0.2,0.41,10.41,15:59:10,262.64,500,262.67,900,262.66900000000004,100
37219,0.78,0.07,0.71,34.34,15:59:34,262.63,200,262.69,1000,262.6571,100
