,Total Delay,Request Delay,Saving Delay,Arrival Time,Time,Bid,Bid Size,Ask,Ask Size,Last Price,Last Size
0,0.6499999999999999,0.3,0.35,0.6499999999999999,09:30:00,333.22,400,334.06,100,333.83,100
32,0.43,0.21,0.22,12.59,09:30:12,334.0,300,334.41,200,333.5,100
51,0.4,0.18,0.22,0.0,09:31:00,333.95,100,334.27,100,333.95,100
56,0.30000000000000004,0.07,0.23,3.0,09:31:03,333.94,100,334.29,100,333.94,100
64,2.08,1.88,0.2,7.69,09:31:07,333.95,100,334.5,100,334.55,100
69,0.42,0.21,0.21,10.05,09:31:10,333.94,300,334.37,100,334.3184,200
77,1.79,1.43,0.36,16.86,09:31:16,334.0,100,334.37,100,334.0,100
138,0.38,0.07,0.31,40.16000000000001,09:31:40,333.22,100,334.3,100,333.99,100
202,2.2199999999999998,2.03,0.19,0.0,09:32:00,333.23,100,334.3,100,333.65,100
214,0.33999999999999997,0.18,0.16,5.1899999999999995,09:32:05,333.23,300,334.29,100,333.24,6722
295,0.33999999999999997,0.18,0.16,31.369999999999997,09:32:31,333.25,200,334.3,100,333.7475,100
320,0.69,0.28,0.41,39.89999999999999,09:32:39,334.02,100,334.84,100,334.12,100
352,0.35,0.18,0.17,0.0,09:33:00,334.02,100,334.6,100,334.2775,200
365,0.42000000000000004,0.23,0.19,10.159999999999998,09:33:10,334.02,200,334.29,100,334.29,100
370,0.66,0.28,0.38,12.29,09:33:12,333.72,100,334.28,100,334.145,100
417,0.39,0.2,0.19,28.08,09:33:28,333.72,200,334.28,100,333.73,132
492,0.34,0.14,0.2,0.0,09:34:00,333.73,300,334.28,100,333.8,100
527,0.43,0.21,0.22,22.199999999999992,09:34:22,333.75,100,334.27,100,334.01,100
647,0.43000000000000005,0.16,0.27,19.939999999999998,09:35:19,333.73,100,334.1,100,333.915,100
653,0.44,0.22,0.22,22.01,09:35:22,333.92,100,334.5,100,334.13,100
668,0.26,0.07,0.19,27.839999999999993,09:35:27,333.92,100,334.48,100,334.105,100
741,0.23,0.07,0.16,51.980000000000004,09:35:51,333.88,100,334.12,100,333.88,100
774,2.31,2.11,0.2,14.610000000000001,09:36:14,333.95,100,334.41,900,334.375,100
779,3.7600000000000002,3.33,0.43,20.150000000000002,09:36:20,333.95,100,334.41,900,334.4,100
785,0.42,0.21,0.21,22.46,09:36:22,334.11,100,334.49,100,334.255,100
860,0.29,0.08,0.21,54.279999999999994,09:36:54,334.11,100,334.48,1000,334.15,100
870,0.35000000000000003,0.08,0.27,58.19,09:36:58,334.11,100,334.6,100,334.48,100
882,0.47000000000000003,0.08,0.39,0.0,09:37:00,334.13,100,334.59,1000,334.51,100
914,0.41000000000000003,0.21,0.2,19.94,09:37:19,334.38,100,334.8,100,334.58,100
959,0.48,0.21,0.27,39.70999999999999,09:37:39,334.48,100,334.79,800,334.625,100
979,0.35000000000000003,0.07,0.28,47.81999999999998,09:37:47,334.38,100,334.52,100,334.45,100
989,0.36,0.07,0.29,51.95999999999997,09:37:51,334.38,100,334.51,100,334.38,100
998,0.48,0.21,0.27,0.0,09:38:00,334.0,100,334.43,100,334.35,100
1043,0.49,0.08,0.41,26.16,09:38:26,334.0,100,334.48,300,334.1,100
1055,0.55,0.24,0.31,32.14,09:38:32,334.0,100,334.46,500,334.23,100
1117,0.62,0.27,0.35,57.899999999999984,09:38:57,333.58,100,334.34,500,334.295,100
1127,0.44,0.18,0.26,0.0,09:39:00,334.07,100,334.34,500,334.06,100
1132,0.47,0.23,0.24,2.16,09:39:02,334.06,100,334.34,500,334.14,100
1135,0.42000000000000004,0.2,0.22,4.0200000000000005,09:39:04,334.06,100,334.34,100,334.33,200
1142,0.37,0.18,0.19,8.02,09:39:08,334.06,100,334.6,100,334.34,100
1148,2.41,2.17,0.24,12.370000000000001,09:39:12,334.07,100,334.6,100,334.54,100
1149,0.26,0.07,0.19,12.63,09:39:12,334.06,100,334.79,200,334.425,100
1181,0.43,0.18,0.25,27.93000000000001,09:39:27,334.07,100,334.76,500,334.41,200
1197,0.53,0.17,0.36,34.15000000000001,09:39:34,334.42,100,334.76,500,334.585,200
1202,0.47,0.18,0.29,36.05000000000002,09:39:36,333.6,100,334.45,200,334.435,100
1207,0.38,0.07,0.31,38.430000000000014,09:39:38,333.6,100,334.43,200,334.02,100
1216,0.49,0.22,0.27,42.49000000000003,09:39:42,333.63,100,334.42,200,334.015,100
1285,0.43,0.19,0.24,14.009999999999998,09:40:14,333.68,200,334.37,100,333.9112,100
1330,0.38,0.19,0.19,33.73,09:40:33,333.71,100,334.36,200,334.335,100
1387,0.5700000000000001,0.27,0.3,56.18999999999998,09:40:56,333.68,100,334.21,200,333.945,100
1417,0.42000000000000004,0.22,0.2,0.0,09:41:00,334.24,100,334.8,200,334.8,100
1427,0.33,0.13,0.2,4.01,09:41:04,334.23,100,334.79,100,334.79,100
1440,0.31,0.08,0.23,14.179999999999998,09:41:14,334.26,100,334.84,100,334.815,100
1451,0.31,0.08,0.23,18.029999999999998,09:41:18,334.27,100,334.83,100,334.825,100
1482,0.45999999999999996,0.24,0.22,28.220000000000006,09:41:28,334.28,100,334.83,100,334.73,100
1509,0.35,0.15,0.2,38.13000000000001,09:41:38,334.28,100,334.79,100,334.4304,133
1577,0.48,0.17,0.31,15.460000000000003,09:42:15,334.57,100,334.84,100,334.82,400
1586,0.48,0.19,0.29,19.219999999999995,09:42:19,334.57,300,334.84,100,334.705,100
1614,0.42,0.07,0.35,31.64,09:42:31,334.57,300,334.84,100,334.68,100
1632,0.33,0.07,0.26,39.2,09:42:39,334.57,300,334.81,100,334.66,100
1637,0.4,0.18,0.22,41.32,09:42:41,334.57,300,334.81,100,334.775,100
1642,0.36,0.07,0.29,43.19,09:42:43,334.14,100,334.78,100,334.56,100
1648,0.5700000000000001,0.27,0.3,45.54999999999999,09:42:45,334.17,100,334.77,100,334.74,100
1654,0.45999999999999996,0.15,0.31,47.43999999999999,09:42:47,334.15,200,334.77,100,334.465,100
1672,0.46,0.08,0.38,2.11,09:43:02,334.15,100,334.75,100,334.19199999999995,100
1694,0.38,0.12,0.26,13.580000000000002,09:43:13,334.17,100,334.72,100,334.17,100
1703,1.58,1.25,0.33,19.130000000000003,09:43:19,334.15,100,334.7,100,334.16,100
1725,0.36,0.09,0.27,27.7,09:43:27,334.15,100,334.58,100,334.57,100
1752,0.28,0.07,0.21,37.82,09:43:37,334.15,100,334.66,100,334.635,100
1815,0.33,0.07,0.26,0.0,09:44:00,334.15,100,334.7,100,334.22,100
1873,0.36,0.14,0.22,27.989999999999995,09:44:27,334.15,100,334.56,100,334.5,100
1962,0.38,0.08,0.3,0.0,09:45:00,334.15,200,334.66,100,334.64,100
1970,1.2,0.89,0.31,8.54,09:45:08,334.2,200,334.61,100,334.61,100
2001,0.5800000000000001,0.27,0.31,24.03,09:45:24,334.22,100,334.55,100,334.36,300
2014,0.5700000000000001,0.26,0.31,29.900000000000002,09:45:29,334.23,100,334.78,100,334.765,100
2052,0.39,0.15,0.24,43.910000000000004,09:45:43,334.56,100,334.84,100,334.77,100
2056,0.51,0.28,0.23,45.660000000000004,09:45:45,334.56,100,334.84,100,334.7,100
2110,0.37,0.1,0.27,10.219999999999999,09:46:10,334.3,100,334.83,700,334.63,100
2185,0.39,0.18,0.21,44.00000000000002,09:46:44,334.3,100,334.53,100,334.4241,100
2239,0.28,0.07,0.21,2.0199999999999996,09:47:02,334.3,200,334.64,100,334.67,100
2255,0.26,0.08,0.18,8.04,09:47:08,333.96,100,334.39,100,334.24,100
2263,1.56,1.22,0.34,16.95,09:47:16,333.96,100,334.36,100,334.18,100
2328,0.3,0.09,0.21,40.050000000000004,09:47:40,333.92,100,334.19,100,334.0712,150
2368,0.33,0.1,0.23,56.26999999999999,09:47:56,333.89,100,334.67,100,334.3725,100
2373,0.39,0.2,0.19,0.0,09:48:00,333.9,100,334.45,100,334.44,100
2403,0.31,0.07,0.24,11.770000000000001,09:48:11,333.9,100,334.43,600,334.42,100
2429,0.25,0.07,0.18,25.839999999999996,09:48:25,334.08,100,334.42,100,334.25,100
2550,2.28,1.94,0.34,0.0,09:49:00,333.92,200,334.14,100,334.11,100
2605,0.43,0.18,0.25,23.550000000000008,09:49:23,334.35,100,334.78,100,334.78,100
2627,0.30000000000000004,0.07,0.23,31.180000000000014,09:49:31,334.34,200,334.78,100,334.4907,200
2671,0.44,0.12,0.32,0.0,09:50:00,334.34,200,334.75,100,334.735,100
2683,3.7800000000000002,3.45,0.33,8.67,09:50:08,334.37,100,334.72,100,334.53,100
2689,0.3,0.08,0.22,10.6,09:50:10,334.57,200,334.9,100,334.72,100
2690,0.38,0.18,0.2,10.98,09:50:10,334.58,100,334.9,100,334.895,100
2731,0.29000000000000004,0.12,0.17,26.710000000000008,09:50:26,334.57,200,334.9,100,334.62,100
2785,0.33,0.13,0.2,0.0,09:51:00,334.57,200,334.72,100,334.645,100
2939,2.09,1.8,0.29,6.7,09:52:06,334.28,100,334.75,100,334.745,100
2966,0.25,0.08,0.17,19.81,09:52:19,334.24,100,334.67,200,334.505,100
3059,0.47,0.3,0.17,52.080000000000005,09:52:52,334.22,100,334.56,300,334.39,100
3106,0.75,0.54,0.21,16.43,09:53:16,334.64,100,334.93,100,334.9,300
3121,0.37,0.19,0.18,21.860000000000003,09:53:21,334.64,200,334.91,100,334.915,100
3152,0.4,0.23,0.17,31.869999999999997,09:53:31,334.67,100,334.96,300,334.87,100
3172,0.31,0.13,0.18,38.06999999999998,09:53:38,334.71,100,334.96,300,334.92,100
3177,0.43,0.22,0.21,40.049999999999976,09:53:40,334.85,100,335.2,200,334.96,100
3183,0.28,0.1,0.18,41.85999999999997,09:53:41,334.85,200,335.18,100,335.19,100
3189,0.44,0.23,0.21,43.999999999999964,09:53:43,335.0,200,335.2,200,335.07,100
3195,0.39,0.22,0.17,46.19999999999996,09:53:46,335.01,200,335.2,100,335.185,100
3201,0.36,0.2,0.16,48.049999999999955,09:53:48,335.05,100,335.36,100,335.2,100
3220,0.23,0.07,0.16,53.76999999999996,09:53:53,335.06,100,335.48,100,335.385,100
3234,0.34,0.08,0.26,0.0,09:54:00,335.06,100,335.47,100,335.12,100
3240,2.9800000000000004,2.74,0.24,8.56,09:54:08,334.87,100,335.11,100,335.11,238
3261,0.45,0.27,0.18,21.910000000000004,09:54:21,334.6,100,334.91,200,334.9199,200
3281,0.23,0.07,0.16,27.76,09:54:27,334.01,200,334.77,100,334.6,100
3330,0.25,0.08,0.17,43.79000000000001,09:54:43,334.02,200,334.61,100,334.43,100
3403,1.42,0.92,0.5,0.0,09:55:00,334.05,200,334.57,100,334.26,100
3414,0.55,0.18,0.37,5.529999999999999,09:55:05,334.47,100,334.97,100,334.89,100
3518,0.91,0.63,0.28,0.0,09:56:00,334.45,100,334.72,200,334.71,100
3563,0.33,0.07,0.26,23.819999999999997,09:56:23,333.82,100,334.27,100,334.04,191
3603,0.31,0.13,0.18,39.61,09:56:39,333.69,100,334.15,100,333.92,100
3663,0.28,0.07,0.21,0.0,09:57:00,333.69,100,333.94,100,333.74,100
3724,0.56,0.27,0.29,31.949999999999996,09:57:31,333.75,100,334.25,100,333.9,100
3778,0.26,0.07,0.19,49.90999999999999,09:57:49,333.75,100,334.03,100,333.89,100
3845,0.37,0.2,0.17,26.060000000000006,09:58:26,333.77,100,333.93,100,333.77,100
3885,0.30000000000000004,0.07,0.23,39.97,09:58:39,333.79,100,334.27,100,333.93,100
3949,2.23,1.97,0.26,8.03,09:59:08,333.36,100,333.83,100,333.36,100
3990,0.25,0.07,0.18,24.020000000000003,09:59:24,333.36,100,333.69,100,333.52,100
3996,0.24000000000000002,0.07,0.17,26.02,09:59:26,333.36,100,333.69,100,333.44,100
4050,0.43000000000000005,0.2,0.23,44.460000000000015,09:59:44,333.62,100,334.26,1200,333.85,100
4141,0.54,0.18,0.36,26.110000000000003,10:00:26,333.67,100,333.86,100,333.86,100
4235,0.26,0.07,0.19,0.0,10:01:00,333.48,100,333.79,100,333.56,100
4262,0.25,0.07,0.18,9.2,10:01:09,333.53,100,333.75,100,333.67,100
4311,0.44999999999999996,0.24,0.21,25.329999999999995,10:01:25,333.51,100,333.74,100,333.5807,160
4366,0.32,0.09,0.23,0.0,10:02:00,333.46,100,333.72,200,333.71,100
4376,0.26,0.07,0.19,10.0,10:02:10,333.45,100,333.72,200,333.445,100
4392,0.27,0.09,0.18,20.099999999999994,10:02:20,333.2,100,333.46,100,333.33,100
4399,0.25,0.07,0.18,22.289999999999992,10:02:22,333.2,100,333.6,100,333.4,100
4421,0.27,0.07,0.2,30.159999999999986,10:02:30,333.24,100,333.57,100,333.37,100
4450,0.27,0.08,0.19,40.25000000000001,10:02:40,333.17,100,333.56,100,333.225,100
4456,0.42000000000000004,0.23,0.19,42.06000000000002,10:02:42,333.07,100,333.46,100,333.17,100
4602,0.4,0.23,0.17,0.0,10:03:00,333.29,200,333.75,100,333.04,100
4621,0.36,0.15,0.21,5.760000000000001,10:03:05,333.07,200,333.61,100,333.3005,150
4645,0.32,0.13,0.19,13.950000000000003,10:03:13,333.14,100,333.57,100,333.43,100
4697,0.26,0.07,0.19,12.479999999999999,10:04:12,333.36,200,333.75,200,333.735,100
4774,0.53,0.2,0.33,42.720000000000006,10:04:42,333.6,100,333.75,400,333.6675,100
4819,2.35,1.95,0.4,0.0,10:05:00,333.71,100,333.93,100,333.82,100
4875,0.24000000000000002,0.07,0.17,21.3,10:05:21,333.71,100,333.92,200,333.81,100
4902,0.49,0.23,0.26,31.659999999999997,10:05:31,333.51,100,333.81,200,333.76,1174
5031,0.36,0.18,0.18,46.03000000000003,10:06:46,333.48,100,333.64,100,333.48,100
5056,0.38,0.22,0.16,54.03000000000004,10:06:54,333.24,100,333.53,100,333.4287,500
5085,0.23,0.07,0.16,4.3100000000000005,10:07:04,333.4,500,333.59,100,333.555,100
5152,0.33999999999999997,0.16,0.18,35.20000000000001,10:07:35,333.3,100,333.46,300,333.38,100
5227,0.23,0.07,0.16,0.0,10:08:00,333.31,200,333.46,300,333.385,1000
5349,0.30000000000000004,0.07,0.23,49.900000000000006,10:08:49,333.28,100,333.48,100,333.375,200
5367,0.28,0.07,0.21,55.81999999999999,10:08:55,333.28,100,333.48,100,333.39599999999996,112
5381,3.4,3.07,0.33,0.0,10:09:00,333.48,100,333.78,100,333.69,100
5462,168.17,168.0,0.17,0.0,10:12:00,332.89,100,333.1,200,332.805,100
5561,1.9400000000000002,1.6,0.34,0.0,10:13:00,332.73,100,333.07,100,332.9036,1100
5564,0.38,0.18,0.2,1.04,10:13:01,332.73,100,333.02,100,332.8305,100
5578,3.92,3.66,0.26,10.61,10:13:10,332.7,200,332.97,100,332.71,100
5603,0.28,0.07,0.21,19.26000000000001,10:13:19,332.65,100,332.88,100,332.715,100
5619,0.44999999999999996,0.24,0.21,25.290000000000006,10:13:25,332.47,100,332.8,100,332.65,100
5624,0.45999999999999996,0.21,0.25,27.320000000000004,10:13:27,332.29,100,332.52,100,332.48,100
5630,0.28,0.08,0.2,29.210000000000008,10:13:29,332.28,100,332.47,100,332.255,100
5635,0.39,0.18,0.21,31.140000000000008,10:13:31,332.31,100,332.65,100,332.53,100
5709,0.34,0.17,0.17,0.0,10:14:00,332.52,200,332.85,100,332.6,146
5715,0.36,0.17,0.19,1.77,10:14:01,332.47,100,332.7,100,332.495,100
5717,1.59,1.33,0.26,7.57,10:14:07,332.56,200,332.85,100,332.72,100
5779,0.38,0.21,0.17,33.81000000000002,10:14:33,332.55,100,332.7,100,332.66,100
5805,0.24000000000000002,0.07,0.17,41.79000000000003,10:14:41,332.56,200,332.88,100,332.7,100
5863,1.73,1.47,0.26,0.0,10:15:00,332.71,100,332.88,100,332.83,100
5865,3.1599999999999997,2.82,0.34,3.8,10:15:03,332.74,200,333.05,100,332.99,100
5933,0.31,0.15,0.16,29.249999999999996,10:15:29,332.96,100,333.42,100,332.98,100
5990,0.39,0.18,0.21,45.210000000000015,10:15:45,332.77,200,333.05,100,332.885,100
6030,1.88,1.53,0.35,0.0,10:16:00,332.65,100,332.93,100,332.82,100
6111,0.36,0.17,0.19,26.219999999999988,10:16:26,332.72,100,332.94,100,332.73,100
6151,0.29000000000000004,0.07,0.22,0.0,10:17:00,332.34,100,332.51,100,332.5,455
6157,0.44,0.21,0.23,2.02,10:17:02,332.34,100,332.51,100,332.4114,100
6181,0.38,0.08,0.3,21.860000000000007,10:17:21,332.06,100,332.33,100,332.1752,200
6257,0.5700000000000001,0.18,0.39,49.940000000000026,10:17:49,332.07,100,332.33,300,332.1,100
6273,0.5900000000000001,0.07,0.52,0.0,10:18:00,332.07,200,332.33,300,332.08,100
6292,1.16,0.95,0.21,13.439999999999998,10:18:13,332.07,100,332.33,400,332.2,200
6329,0.39,0.19,0.2,4.38,10:19:04,332.26,100,332.54,100,332.38,100
6384,0.39,0.17,0.22,24.249999999999996,10:19:24,332.42,100,332.54,100,332.42,100
6437,0.43,0.21,0.22,2.0100000000000002,10:20:02,332.42,100,332.54,100,332.525,100
6476,0.29,0.08,0.21,22.980000000000008,10:20:22,332.85,100,333.04,100,333.01,100
6483,0.36,0.14,0.22,25.75000000000001,10:20:25,332.84,100,333.04,100,333.0,100
6493,0.36,0.12,0.24,29.760000000000012,10:20:29,332.85,100,333.04,100,332.945,100
6536,34.309999999999995,34.08,0.23,0.0,10:21:00,332.94,100,333.13,100,333.035,100
6559,0.6000000000000001,0.07,0.53,10.14,10:21:10,332.95,100,333.13,100,333.13,100
6608,0.6799999999999999,0.21,0.47,0.0,10:22:00,333.24,100,333.56,100,333.53,100
6638,0.34,0.07,0.27,21.950000000000003,10:22:21,333.25,100,333.56,200,333.405,222
6677,0.47000000000000003,0.08,0.39,42.190000000000026,10:22:42,333.02,100,333.4,100,333.2,100
6684,0.38,0.08,0.3,45.83000000000003,10:22:45,332.97,100,333.32,100,333.19,100
6719,0.49,0.27,0.22,0.0,10:23:00,332.97,100,333.24,100,332.97,100
6732,2.2,1.76,0.44,10.919999999999998,10:23:10,332.64,200,333.19,100,332.94,100
6757,0.43,0.21,0.22,27.990000000000002,10:23:27,332.52,100,332.94,300,332.64,100
6827,0.44,0.21,0.23,53.95000000000001,10:23:53,332.39,100,332.76,200,332.5688,200
6833,0.27,0.07,0.2,55.88000000000002,10:23:55,332.48,100,332.76,200,332.62,100
6838,0.33,0.1,0.23,57.79000000000002,10:23:57,332.54,100,332.76,200,332.58,100
6872,0.39,0.07,0.32,19.79,10:24:19,332.79,100,333.34,100,332.81,300
6914,0.43000000000000005,0.2,0.23,40.08999999999999,10:24:40,332.89,100,333.31,200,332.9,100
6984,0.42,0.07,0.35,0.0,10:25:00,332.91,100,333.26,200,332.973,150
7039,0.41000000000000003,0.14,0.27,25.42000000000001,10:25:25,332.78,100,333.06,200,332.87,100
7058,0.43,0.18,0.25,33.480000000000004,10:25:33,332.59,100,332.99,100,332.76,100
7185,37.42,37.15,0.27,0.0,10:27:00,332.42,100,332.79,500,332.51,100
7193,0.4,0.22,0.18,3.0,10:27:03,332.43,100,332.78,100,332.59,100
7228,0.27,0.07,0.2,14.980000000000002,10:27:14,332.16,100,332.59,200,332.375,100
7276,0.29,0.08,0.21,0.0,10:28:00,332.12,100,332.44,300,332.23,100
7330,0.30000000000000004,0.1,0.2,22.750000000000004,10:28:22,332.35,200,332.78,100,332.35,100
7348,0.35000000000000003,0.07,0.28,29.140000000000008,10:28:29,332.39,200,332.78,100,332.5857,300
7353,0.31,0.08,0.23,30.770000000000003,10:28:30,332.4,300,333.29,100,332.84,100
7376,0.45,0.23,0.22,38.970000000000006,10:28:38,332.43,200,333.27,100,332.85,100
7427,0.41000000000000003,0.21,0.2,0.0,10:29:00,332.84,100,333.2,1100,333.02,100
7448,0.27,0.08,0.19,11.659999999999998,10:29:11,332.4,200,333.02,200,332.78,100
7500,0.6,0.25,0.35,30.120000000000008,10:29:30,332.41,100,332.87,200,332.77,600
7600,1.82,1.57,0.25,16.419999999999998,10:30:16,332.75,100,332.98,100,332.86,100
7605,0.3,0.08,0.22,19.43,10:30:19,332.74,100,332.98,100,332.75,100
7610,0.43,0.18,0.25,21.5,10:30:21,332.45,100,332.86,100,332.675,500
7616,0.67,0.27,0.4,24.07,10:30:24,332.44,200,332.87,200,332.655,100
7649,0.37,0.14,0.23,35.650000000000006,10:30:35,332.44,200,332.78,100,332.615,100
7868,0.25,0.08,0.17,24.760000000000012,10:33:24,332.8,100,333.0,300,332.91,300
7887,0.26,0.09,0.17,30.87000000000002,10:33:30,332.79,100,333.0,300,332.8,100
7929,0.31,0.07,0.24,45.02000000000002,10:33:45,332.51,200,332.9,200,332.57,100
7941,0.36,0.12,0.24,0.0,10:34:00,332.51,100,332.89,200,332.735,100
7969,0.38,0.14,0.24,15.870000000000001,10:34:15,332.56,100,332.89,100,332.875,100
8026,0.33,0.07,0.26,39.81,10:34:39,332.57,100,332.84,100,332.61,100
8174,0.76,0.17,0.59,0.0,10:36:00,333.08,100,333.44,200,333.25,100
8266,0.6,0.17,0.43,0.0,10:37:00,333.03,300,333.29,100,333.21,100
8353,0.6000000000000001,0.07,0.53,0.0,10:38:00,333.15,100,333.39,100,333.3,100
8417,1.98,1.28,0.7,0.0,10:39:00,333.17,200,333.36,100,333.246,300
8419,1.44,0.86,0.58,2.19,10:39:02,333.18,100,333.36,100,333.265,100
8469,0.5900000000000001,0.07,0.52,41.33000000000003,10:39:41,333.18,100,333.35,100,333.28,100
8493,0.79,0.07,0.72,0.0,10:40:00,333.07,100,333.24,100,333.15,100
8498,1.2,0.5,0.7,8.54,10:40:08,333.08,100,333.24,100,333.1,100
8506,0.8,0.07,0.73,15.71,10:40:15,333.16,100,333.51,200,333.34,100
8520,0.6000000000000001,0.14,0.46,25.740000000000006,10:40:25,333.17,200,333.51,100,333.35,100
8572,0.6,0.23,0.37,0.0,10:41:00,333.21,100,333.49,100,333.51,118
8653,0.44,0.07,0.37,53.620000000000005,10:41:53,333.11,100,333.27,100,333.27,100
8722,0.5700000000000001,0.07,0.5,0.0,10:42:00,333.19,100,333.3,100,333.23,100
8749,0.63,0.08,0.55,0.0,10:43:00,332.95,100,333.21,100,333.1696,400
8752,0.63,0.24,0.39,1.9899999999999998,10:43:01,333.0,100,333.21,100,333.12,100
8898,0.61,0.25,0.36,27.840000000000003,10:44:27,333.02,100,333.27,100,333.0697,360
8937,0.5900000000000001,0.07,0.52,9.36,10:45:09,333.2,100,333.49,1000,333.45,100
9029,3.6,2.99,0.61,0.0,10:46:00,333.48,100,334.18,100,333.59,100
9060,0.76,0.17,0.59,19.000000000000004,10:46:19,333.59,200,333.72,500,333.72,100
9072,0.6499999999999999,0.18,0.47,27.25,10:46:27,333.46,100,333.72,500,333.61,100
9074,0.79,0.4,0.39,28.64,10:46:28,333.46,100,333.72,500,333.58,100
9179,0.59,0.09,0.5,8.219999999999999,10:47:08,333.5,200,333.96,100,333.8686,100
9202,2.9800000000000004,2.45,0.53,6.4,10:48:06,333.88,200,334.3,100,333.96,100
9268,0.5700000000000001,0.07,0.5,50.41,10:48:50,333.88,200,334.25,100,334.0725,100
9308,0.44,0.08,0.36,11.99,10:49:11,333.68,300,333.88,100,333.78,100
9332,0.7699999999999999,0.08,0.69,26.130000000000003,10:49:26,333.68,300,333.88,200,333.79699999999997,100
9352,0.8500000000000001,0.2,0.65,40.39000000000001,10:49:40,333.45,200,333.9,200,333.68,250
9355,0.76,0.07,0.69,42.75000000000001,10:49:42,333.45,200,333.88,200,333.675,200
9427,0.6000000000000001,0.2,0.4,0.0,10:50:00,333.54,200,333.86,100,333.54,100
9430,0.5800000000000001,0.26,0.32,1.79,10:50:01,333.54,200,333.86,100,333.7814,104
9487,0.6000000000000001,0.07,0.53,0.0,10:51:00,333.31,400,333.6,100,333.31,100
9646,0.5900000000000001,0.07,0.52,0.0,10:53:00,333.0,100,333.36,200,333.18,100
9668,0.61,0.2,0.41,11.999999999999998,10:53:11,332.95,200,333.36,200,332.95,100
9784,0.64,0.18,0.46,18.87,10:56:18,332.74,100,332.93,100,332.9525,800
9786,0.6000000000000001,0.14,0.46,20.240000000000002,10:56:20,332.56,200,332.92,200,332.74,100
9862,0.58,0.08,0.5,38.350000000000016,10:57:38,332.56,100,332.96,200,332.67,100
9921,1.3900000000000001,0.79,0.6,6.17,10:58:06,332.77,100,332.94,100,332.93,100
10012,0.58,0.29,0.29,7.23,10:59:07,332.83,200,333.3,100,333.295,100
10019,1.78,1.35,0.43,14.989999999999998,10:59:14,332.84,200,333.34,100,333.32,100
10020,0.6100000000000001,0.28,0.33,15.599999999999998,10:59:15,332.86,200,333.33,100,333.095,200
10051,0.44,0.08,0.36,32.23000000000001,10:59:32,332.92,100,333.22,100,333.215,100
10078,0.76,0.35,0.41,47.58000000000003,10:59:47,332.89,100,333.23,300,333.065,100
10095,0.79,0.19,0.6,0.0,11:00:00,333.06,100,333.36,100,333.22,100
10099,1.19,0.57,0.62,4.209999999999999,11:00:04,333.07,100,333.36,100,333.07,100
10178,2.75,2.13,0.62,0.0,11:01:00,333.04,200,333.26,100,333.155,1000
10250,0.44,0.08,0.36,50.03,11:01:50,333.43,100,333.67,200,333.55,200
10257,0.76,0.07,0.69,0.76,11:04:00,333.24,200,333.59,100,333.4225,100
10323,0.6200000000000001,0.07,0.55,0.0,11:05:00,333.59,100,333.9,300,333.66,100
10324,0.59,0.08,0.51,0.59,11:05:00,333.6,200,333.9,300,333.75,200
10479,0.43,0.07,0.36,26.230000000000004,11:06:26,333.32,100,333.49,100,333.485,100
10503,0.6,0.22,0.38,39.410000000000004,11:06:39,333.87,100,334.23,100,334.37,100
10521,3.98,3.41,0.57,5.98,11:07:05,333.88,100,334.34,100,333.97,148
10542,0.5700000000000001,0.07,0.5,21.8,11:07:21,333.44,100,333.89,700,333.455,100
10608,0.43,0.07,0.36,0.0,11:08:00,333.63,100,333.89,200,333.87,100
10643,0.78,0.28,0.5,28.810000000000002,11:08:28,333.77,100,334.1,100,333.8487,125
10649,1.37,0.82,0.55,33.4,11:08:33,333.78,100,334.1,100,334.07,100
10675,0.5900000000000001,0.07,0.52,50.43000000000001,11:08:50,333.82,100,334.06,100,334.075,100
10685,0.58,0.08,0.5,0.0,11:09:00,333.85,100,334.13,100,334.08,100
10713,0.5800000000000001,0.07,0.51,19.800000000000004,11:09:19,333.87,100,334.26,1900,334.065,100
10742,0.58,0.21,0.37,36.03000000000001,11:09:36,333.89,100,334.24,100,334.0835,100
10820,0.43,0.07,0.36,0.0,11:10:00,333.98,100,334.21,100,334.0866,1200
10849,0.6100000000000001,0.07,0.54,18.139999999999997,11:10:18,334.0,100,334.12,200,334.03,100
11005,0.6300000000000001,0.07,0.56,28.18,11:12:28,333.94,100,334.17,100,334.0605,100
11038,0.79,0.26,0.53,52.16,11:12:52,333.96,100,334.14,100,334.09,100
11058,0.62,0.08,0.54,4.0,11:13:04,334.2,100,334.48,100,334.3,100
11061,1.84,1.29,0.55,9.0,11:13:09,334.35,100,334.55,100,334.49,100
11272,0.61,0.18,0.43,2.37,11:17:02,334.58,100,334.88,100,334.81,100
11312,0.6,0.17,0.43,24.369999999999997,11:17:24,334.62,100,334.85,100,334.85,100
11338,0.44,0.08,0.36,6.400000000000001,11:18:06,334.66,100,334.92,100,334.88,100
11396,0.75,0.18,0.57,51.72000000000001,11:18:51,334.8,100,334.99,100,334.98,100
11400,0.63,0.14,0.49,54.360000000000014,11:18:54,334.67,100,334.99,100,334.8812,100
11407,0.59,0.18,0.41,58.550000000000026,11:18:58,334.67,100,334.91,100,334.76,100
11443,0.79,0.17,0.62,21.779999999999998,11:19:21,334.67,100,334.99,100,334.805,100
11476,0.95,0.35,0.6,41.97,11:19:41,334.67,100,334.9,200,334.93,100
11518,0.6100000000000001,0.07,0.54,21.429999999999996,11:20:21,334.89,200,335.0,100,334.97,100
11530,0.77,0.07,0.7,29.75,11:20:29,334.91,200,335.21,100,335.0,100
11536,0.6100000000000001,0.27,0.34,33.81,11:20:33,334.98,300,335.29,100,335.13,100
11545,0.74,0.21,0.53,39.74000000000001,11:20:39,335.0,200,335.31,100,335.1648,100
11548,0.5900000000000001,0.07,0.52,41.59000000000002,11:20:41,335.0,300,335.3,400,335.3,100
11587,4.01,3.41,0.6,0.0,11:21:00,335.04,400,335.29,100,335.28,100
11600,0.62,0.1,0.52,8.829999999999998,11:21:08,335.05,200,335.3,100,335.25,100
11603,0.6100000000000001,0.07,0.54,11.019999999999998,11:21:11,335.05,200,335.3,100,335.18300000000005,150
11608,0.6300000000000001,0.07,0.56,14.799999999999999,11:21:14,335.05,200,335.3,100,335.175,100
11609,0.79,0.23,0.56,15.59,11:21:15,335.08,100,335.3,100,335.24,100
11642,0.64,0.19,0.45,39.01,11:21:39,335.05,300,335.21,100,335.06,100
11648,0.65,0.23,0.42,0.0,11:22:00,335.05,300,335.26,100,335.21,100
11711,0.43,0.07,0.36,44.0,11:22:44,335.08,200,335.33,100,335.205,100
11721,0.6200000000000001,0.07,0.55,50.19999999999999,11:22:50,335.08,200,335.38,200,335.34,100
11727,0.46,0.07,0.39,53.82999999999999,11:22:53,335.08,200,335.33,100,335.15,100
11741,0.81,0.25,0.56,0.0,11:23:00,335.08,300,335.38,100,335.38,100
11794,0.6100000000000001,0.07,0.54,40.16000000000002,11:23:40,335.21,300,335.35,100,335.37,100
11813,0.81,0.28,0.53,52.38000000000002,11:23:52,335.21,400,335.35,100,335.22,100
11838,2.16,1.63,0.53,0.0,11:24:00,335.23,300,335.35,200,335.3088,100
11840,0.63,0.16,0.47,3.65,11:24:03,335.23,400,335.5,100,335.47,100
11856,0.61,0.08,0.53,13.669999999999998,11:24:13,335.26,300,335.55,100,335.54,100
11872,0.63,0.21,0.42,23.66,11:24:23,335.27,400,335.55,100,335.55,100
11886,0.44,0.07,0.37,31.48,11:24:31,335.31,200,335.57,100,335.4489,150
11929,0.85,0.21,0.64,12.040000000000001,11:25:12,335.41,400,335.61,400,335.57,100
11934,0.96,0.18,0.78,16.19,11:25:16,335.39,100,335.55,100,335.41,100
11940,0.64,0.2,0.44,20.029999999999998,11:25:20,335.42,100,335.61,300,335.45,100
11964,0.79,0.18,0.61,36.620000000000005,11:25:36,335.4,100,335.6,200,335.4,100
11986,0.77,0.07,0.7,0.0,11:26:00,335.01,200,335.58,100,335.29,100
12004,0.6,0.08,0.52,17.830000000000002,11:26:17,335.04,100,335.45,100,335.0401,115
12035,30.98,30.48,0.5,0.0,11:27:00,335.05,200,335.4,100,335.08,100
12128,0.7999999999999999,0.22,0.58,25.160000000000004,11:29:25,335.04,200,335.3,100,335.1703,250
12139,0.99,0.23,0.76,0.0,11:30:00,335.21,300,335.62,200,335.61,100
12176,0.75,0.13,0.62,47.00999999999999,11:30:47,335.29,100,335.55,100,335.5499,100
12194,0.59,0.1,0.49,0.0,11:31:00,335.25,200,335.42,100,335.31,100
12200,9.42,8.89,0.53,12.44,11:31:12,335.28,100,335.54,100,335.39,100
12204,3.4,2.88,0.52,18.009999999999998,11:31:18,335.28,100,335.54,100,335.285,100
12294,1.59,1.05,0.54,11.0,11:32:11,335.34,100,335.64,100,335.3686,1100
12348,0.44,0.08,0.36,43.87999999999998,11:32:43,335.36,100,335.64,100,335.42,100
12356,0.6000000000000001,0.2,0.4,48.44999999999998,11:32:48,335.37,100,335.64,100,335.5,100
12401,0.5900000000000001,0.13,0.46,0.0,11:33:00,335.4,100,335.63,100,335.515,200
12429,0.57,0.21,0.36,16.18,11:33:16,335.41,100,335.58,100,335.5212,500
12447,0.43,0.07,0.36,25.78,11:33:25,335.41,200,335.54,100,335.53,100
12459,0.61,0.08,0.53,32.580000000000005,11:33:32,335.41,100,335.54,200,335.475,100
12489,0.62,0.18,0.44,11.979999999999999,11:34:11,335.39,200,335.48,100,335.46,100
12508,0.6000000000000001,0.07,0.53,24.159999999999993,11:34:24,335.53,200,335.79,100,335.64,200
12561,2.58,1.97,0.61,0.0,11:35:00,335.55,100,335.73,100,335.67,100
12566,79.02,78.7,0.32,0.0,11:36:00,335.65,300,335.82,100,335.73,100
12575,0.59,0.18,0.41,5.1499999999999995,11:36:05,335.65,300,335.82,200,335.7452,100
12614,3.59,3.07,0.52,0.0,11:37:00,335.65,300,335.73,100,335.695,300
12615,0.62,0.14,0.48,0.62,11:37:00,335.65,200,335.71,100,335.7,100
12618,0.6100000000000001,0.07,0.54,2.62,11:37:02,335.65,200,335.72,100,335.685,100
12639,0.62,0.24,0.38,16.83,11:37:16,335.63,100,335.68,100,335.65,100
12642,0.61,0.1,0.51,18.81,11:37:18,335.63,100,335.67,100,335.655,100
12655,0.58,0.22,0.36,26.779999999999998,11:37:26,335.58,100,335.67,200,335.6,100
12701,0.59,0.15,0.44,52.61999999999998,11:37:52,335.32,200,335.57,200,335.445,100
12720,2.18,1.72,0.46,0.0,11:38:00,335.41,100,335.54,100,335.395,100
12750,0.64,0.18,0.46,24.029999999999998,11:38:24,335.49,100,335.78,100,335.51,100
12785,0.62,0.12,0.5,3.64,11:40:03,335.53,200,335.77,400,335.58,100
12949,0.44,0.2,0.24,19.040000000000003,11:42:19,335.52,200,335.61,200,335.52,100
12968,0.31,0.11,0.2,24.810000000000002,11:42:24,335.53,100,335.68,200,335.68,100
13044,0.30000000000000004,0.14,0.16,0.0,11:43:00,335.49,100,335.55,100,335.49,100
13072,0.3,0.08,0.22,18.28,11:43:18,335.42,200,335.72,200,335.48,100
13229,0.39,0.22,0.17,26.969999999999995,11:45:26,335.45,100,335.67,200,335.555,100
13417,0.38,0.18,0.2,34.84,11:46:34,335.34,100,335.52,200,335.457,750
13559,0.33,0.13,0.2,43.82000000000001,11:47:43,335.33,200,335.44,300,335.35,100
13578,0.37,0.2,0.17,50.05,11:47:50,335.33,200,335.44,400,335.33,100
13606,2.17,1.92,0.25,17.41,11:48:17,335.39,100,335.49,100,335.44,100
13701,0.26,0.08,0.18,49.93999999999997,11:48:49,335.44,100,335.58,100,335.56,100
13775,0.24000000000000002,0.07,0.17,25.9,11:49:25,335.43,200,335.52,100,335.43,100
13807,0.45,0.27,0.18,35.800000000000004,11:49:35,335.52,300,335.68,300,335.66,100
13814,0.25,0.07,0.18,38.040000000000006,11:49:38,335.53,200,335.78,100,335.74,100
13902,2.61,2.31,0.3,0.0,11:50:00,335.64,100,335.84,200,335.83,100
13909,0.23,0.07,0.16,6.020000000000001,11:50:06,335.64,300,335.84,200,335.69,100
13913,1.82,1.55,0.27,9.000000000000002,11:50:09,335.64,300,335.84,100,335.84,100
13916,0.23,0.07,0.16,10.060000000000002,11:50:10,335.64,300,335.84,100,335.81,100
13964,0.30000000000000004,0.13,0.17,26.160000000000004,11:50:26,335.99,100,336.38,100,335.95,100
13970,0.33,0.17,0.16,28.11,11:50:28,336.01,200,336.38,100,336.35,100
13999,0.24000000000000002,0.07,0.17,37.419999999999995,11:50:37,336.05,300,336.5,100,336.29,100
14032,0.35,0.14,0.21,48.43999999999999,11:50:48,336.15,100,336.39,100,336.3,100
14038,0.43000000000000005,0.23,0.2,0.0,11:51:00,336.16,200,336.39,100,336.38,100
14058,0.6000000000000001,0.27,0.33,12.25,11:51:12,336.16,200,336.38,100,336.2304,100
14062,1.6099999999999999,1.26,0.35,14.649999999999999,11:51:14,336.3,200,336.5,100,336.32,100
14071,3.9400000000000004,3.66,0.28,21.26,11:51:21,336.41,200,336.72,200,336.6,100
14116,0.38,0.17,0.21,35.89000000000001,11:51:35,336.3,100,336.47,100,336.36,100
14192,0.42000000000000004,0.23,0.19,0.0,11:52:00,336.06,200,336.47,100,336.15,100
14220,0.31,0.07,0.24,13.750000000000002,11:52:13,336.22,300,336.47,100,336.3533,100
14250,0.24000000000000002,0.07,0.17,25.720000000000006,11:52:25,336.22,200,336.41,200,336.33,100
14263,0.41000000000000003,0.22,0.19,30.140000000000015,11:52:30,336.22,200,336.41,200,336.315,100
14305,0.33999999999999997,0.18,0.16,44.00000000000001,11:52:44,336.36,100,336.56,100,336.49,100
14429,0.4,0.22,0.18,0.0,11:53:00,336.31,200,336.43,100,336.39,200
14447,0.38,0.21,0.17,6.279999999999999,11:53:06,336.31,200,336.39,100,336.31,100
14470,0.25,0.07,0.18,14.1,11:53:14,336.31,100,336.4,100,336.4,100
14487,0.42,0.24,0.18,20.330000000000002,11:53:20,336.31,100,336.46,100,336.43,100
14599,0.24000000000000002,0.07,0.17,18.029999999999998,11:54:18,336.27,100,336.41,100,336.375,100
14668,0.41000000000000003,0.23,0.18,0.0,11:55:00,335.92,100,336.22,100,336.04,100
14737,0.31,0.07,0.24,33.87000000000002,11:55:33,335.9,200,335.99,200,335.92,100
14742,0.43,0.14,0.29,35.70000000000002,11:55:35,335.9,100,335.99,200,335.9,100
14743,0.33,0.08,0.25,36.030000000000015,11:55:36,335.86,200,335.98,200,335.86,100
14787,0.39,0.21,0.18,52.25000000000004,11:55:52,335.76,200,335.99,100,335.96,100
14826,0.26,0.07,0.19,0.0,11:56:00,335.79,200,335.99,200,335.89,200
14900,0.39,0.23,0.16,24.04,11:56:24,335.9,100,336.07,100,335.98,100
14958,0.25,0.08,0.17,0.0,11:57:00,335.91,100,336.07,100,336.07,100
14962,0.36,0.19,0.17,1.1400000000000001,11:57:01,335.99,200,336.22,100,336.14,167
14969,3.77,3.6,0.17,7.700000000000001,11:57:07,335.85,100,336.1,100,335.82,100
14997,0.36,0.17,0.19,20.910000000000007,11:57:20,335.74,200,336.01,100,335.93,100
15116,2.52,2.2,0.32,0.0,11:58:00,335.74,200,335.94,100,335.88,100
15276,1.85,1.59,0.26,2.38,11:59:02,335.74,200,335.93,200,335.9076,100
15393,0.4,0.18,0.22,44.89,11:59:44,335.82,100,336.22,200,336.1,100
15409,0.47000000000000003,0.2,0.27,0.0,12:00:00,336.0,100,336.22,200,336.17,100
15412,0.44999999999999996,0.21,0.24,1.22,12:00:01,336.0,100,336.22,200,336.22,500
15453,0.32,0.08,0.24,19.790000000000003,12:00:19,335.97,100,336.08,200,336.0,140
15528,0.36,0.2,0.16,43.859999999999985,12:00:43,335.91,100,336.08,100,336.08,100
15772,0.32,0.14,0.18,30.06,12:02:30,336.14,200,336.37,200,336.255,100
15913,1.73,1.48,0.25,0.0,12:03:00,335.81,400,336.16,200,336.0279,200
15922,0.28,0.09,0.19,3.2,12:03:03,335.85,200,336.27,200,336.12,100
15960,0.28,0.07,0.21,16.099999999999998,12:03:16,335.86,100,336.26,200,336.05,100
16004,0.33,0.13,0.2,31.080000000000002,12:03:31,335.85,200,336.21,200,335.94,100
16036,0.36,0.15,0.21,0.0,12:04:00,335.87,100,336.15,100,335.871,242
16059,0.31,0.08,0.23,14.02,12:04:14,335.88,200,336.13,100,336.09,100
16062,0.9099999999999999,0.59,0.32,15.64,12:04:15,336.01,100,336.15,100,336.13,200
16120,0.33,0.13,0.2,35.82000000000001,12:04:35,335.87,100,336.08,200,335.91,100
16172,0.26,0.09,0.17,51.87000000000001,12:04:51,335.86,200,336.05,100,336.0499,704
16199,0.36,0.18,0.18,0.0,12:05:00,335.86,200,336.01,100,335.905,100
16220,0.36,0.2,0.16,7.790000000000002,12:05:07,335.81,400,336.57,100,335.99,100
16485,0.32,0.09,0.23,11.930000000000001,12:06:11,335.81,400,336.16,100,336.02,100
16538,0.39,0.2,0.19,4.1499999999999995,12:07:04,335.99,100,336.14,100,336.065,100
16671,1.78,1.6,0.18,18.22,12:08:18,335.74,200,336.0,100,335.8,100
16836,0.25,0.07,0.18,11.969999999999999,12:09:11,335.74,100,335.95,100,335.755,100
16906,0.23,0.07,0.16,33.90999999999998,12:09:33,335.56,100,335.89,200,335.8899,231
17295,0.30000000000000004,0.14,0.16,0.0,12:12:00,335.67,200,335.99,100,335.85,100
17641,0.35000000000000003,0.07,0.28,20.26,12:14:20,335.4,100,335.62,100,335.62,100
17740,0.34,0.08,0.26,56.03000000000003,12:14:56,335.44,100,335.66,100,335.465,100
17757,0.42000000000000004,0.1,0.32,1.81,12:15:01,335.37,100,335.67,100,335.525,100
17850,0.31,0.12,0.19,43.98000000000003,12:15:43,335.37,100,335.62,100,335.505,100
17940,0.31,0.07,0.24,15.800000000000004,12:16:15,335.46,100,335.67,100,335.585,100
18004,0.42000000000000004,0.2,0.22,38.20000000000003,12:16:38,335.46,100,335.67,200,335.59,100
18437,0.24000000000000002,0.07,0.17,26.009999999999994,12:19:26,335.48,100,335.8,200,335.661,250
18653,0.41000000000000003,0.21,0.2,11.729999999999997,12:20:11,335.9,100,336.08,100,336.0799,100
18747,0.32,0.12,0.2,0.0,12:21:00,336.14,300,336.58,500,336.23,100
18750,0.28,0.09,0.19,1.04,12:21:01,336.14,300,336.58,500,336.21,100
18758,0.42,0.21,0.21,4.0200000000000005,12:21:04,336.14,100,336.57,2400,336.355,200
18868,0.9199999999999999,0.72,0.2,6.779999999999999,12:22:06,335.94,100,336.49,500,336.16,100
19035,0.62,0.29,0.33,0.0,12:23:00,335.96,200,336.31,100,336.086,500
19048,0.37,0.14,0.23,7.760000000000001,12:23:07,335.95,200,336.31,200,335.97,100
19107,0.43,0.18,0.25,27.94000000000001,12:23:27,336.02,200,336.31,200,336.06,100
19149,0.4,0.08,0.32,0.0,12:24:00,336.22,100,336.39,200,336.275,100
19164,0.44,0.19,0.25,6.090000000000001,12:24:06,336.01,100,336.38,1200,336.2,100
19310,0.38,0.14,0.24,0.0,12:25:00,336.17,100,336.35,400,336.26,100
19319,2.81,2.41,0.4,10.900000000000002,12:25:10,336.32,100,336.46,100,336.45,100
19464,0.45999999999999996,0.21,0.25,2.01,12:26:02,336.01,100,336.45,100,336.48,100
19579,2.66,2.38,0.28,0.0,12:27:00,336.03,100,336.47,100,336.46,100
19591,1.04,0.85,0.19,10.21,12:27:10,336.11,200,336.48,100,336.42,100
19758,0.24,0.08,0.16,0.0,12:28:00,336.29,100,336.49,100,336.4294,100
19807,0.32,0.13,0.19,17.68,12:28:17,336.31,100,336.42,100,336.287,220
19893,0.26,0.07,0.19,0.0,12:29:00,336.49,100,336.72,200,336.58,400
19910,0.29000000000000004,0.13,0.16,6.14,12:29:06,336.51,100,336.67,400,336.65,100
19914,0.49,0.32,0.17,8.239999999999998,12:29:08,336.34,100,336.51,100,336.51,100
19979,0.29000000000000004,0.07,0.22,34.34,12:29:34,336.43,100,336.69,100,336.56,100
20081,2.5500000000000003,2.39,0.16,0.0,12:30:00,336.44,100,336.6,100,336.44,100
20088,0.23,0.07,0.16,2.0500000000000003,12:30:02,335.72,100,336.57,100,336.5,100
20094,0.26,0.07,0.19,3.9800000000000004,12:30:03,335.72,100,336.55,100,336.19,100
20178,0.33,0.07,0.26,34.050000000000004,12:30:34,336.12,100,336.53,800,336.325,100
20199,2.0,1.78,0.22,0.0,12:31:00,336.12,100,336.72,200,336.54,100
20351,0.59,0.29,0.3,0.0,12:32:00,336.4,100,336.69,1900,336.55,100
20360,0.3,0.08,0.22,4.11,12:32:04,336.4,100,336.6,100,336.401,184
20521,0.39,0.21,0.18,5.7799999999999985,12:33:05,336.17,100,336.64,100,336.2512,250
20562,0.44999999999999996,0.24,0.21,19.869999999999997,12:33:19,336.14,100,336.61,1000,336.28,100
20605,0.46,0.27,0.19,34.07999999999999,12:33:34,335.93,100,336.58,100,336.18,100
20675,4.39,4.21,0.18,0.0,12:34:00,336.18,100,336.4,100,336.345,100
20807,0.36,0.18,0.18,0.0,12:35:00,336.11,100,336.35,100,336.245,100
20818,4.34,4.17,0.17,7.629999999999999,12:35:07,336.2,100,336.63,100,336.63,100
20924,0.4,0.23,0.17,46.15999999999998,12:35:46,336.19,100,336.49,100,336.47,100
21064,0.23,0.07,0.16,19.94,12:36:19,336.19,100,336.6,100,336.4442,193
21199,0.48,0.23,0.25,0.0,12:37:00,335.94,100,336.58,300,336.57,100
21297,0.28,0.07,0.21,2.3200000000000003,12:38:02,335.93,100,336.39,100,336.25,500
21351,2.54,2.31,0.23,29.069999999999993,12:38:29,335.93,100,336.36,200,336.145,150
21487,0.26,0.09,0.17,0.0,12:40:00,335.99,200,336.51,800,336.2099,250
21515,0.25,0.08,0.17,19.950000000000003,12:40:19,335.99,200,336.46,100,336.41,100
21655,3.78,3.59,0.19,4.51,12:41:04,336.1,100,336.48,200,336.2618,615
21786,149.10999999999999,148.89,0.22,0.0,12:44:00,336.33,100,336.66,200,336.59,100
21787,0.81,0.64,0.17,0.81,12:44:00,336.32,100,336.66,200,336.66,100
21863,0.36,0.18,0.18,24.900000000000013,12:44:24,336.4,100,336.72,200,336.69,100
21914,0.28,0.07,0.21,0.0,12:45:00,336.43,100,336.67,100,336.67,100
21926,0.4,0.21,0.19,4.34,12:45:04,336.44,100,336.72,200,336.68,400
21932,0.39,0.2,0.19,6.24,12:45:06,336.44,100,336.73,500,336.72,150
21937,0.35,0.15,0.2,8.11,12:45:08,336.54,100,336.97,100,336.97,100
21943,0.5900000000000001,0.28,0.31,10.139999999999999,12:45:10,336.54,100,336.97,100,336.96,100
22024,0.43,0.21,0.22,0.0,12:46:00,336.54,100,336.76,100,336.75,100
22045,0.32,0.08,0.24,17.159999999999997,12:46:17,336.72,500,337.0,200,336.99,150
22046,2.09,1.75,0.34,19.249999999999996,12:46:19,336.72,200,337.1,100,337.1,100
22053,0.44,0.2,0.24,21.849999999999994,12:46:21,336.73,100,337.1,100,337.09,100
22097,0.26,0.07,0.19,37.78,12:46:37,336.74,100,337.08,100,337.075,100
22122,0.29,0.08,0.21,45.83,12:46:45,336.84,100,337.5,100,337.08,100
22176,0.4,0.22,0.18,0.0,12:47:00,336.84,100,337.48,4400,336.93,100
22205,0.45,0.23,0.22,15.96,12:47:15,336.85,100,337.47,400,337.455,100
22497,0.24000000000000002,0.07,0.17,0.0,12:49:00,336.87,100,337.22,100,337.0492,1000
22498,3.1100000000000003,2.95,0.16,3.1100000000000003,12:49:03,336.86,100,337.29,100,337.23,100
22500,1.56,1.31,0.25,5.07,12:49:05,336.86,200,337.28,3000,337.29,100
22509,2.99,2.72,0.27,16.29,12:49:16,336.86,300,337.28,300,337.28,400
22528,0.5700000000000001,0.27,0.3,22.430000000000007,12:49:22,336.98,100,337.26,100,337.21,100
22534,0.4,0.21,0.19,24.35000000000001,12:49:24,336.97,200,337.31,100,337.26,100
22546,0.41000000000000003,0.15,0.26,28.360000000000014,12:49:28,337.1,100,337.43,100,337.34,100
22556,0.29000000000000004,0.07,0.22,32.110000000000014,12:49:32,337.11,100,337.39,100,337.43,134
22614,0.29000000000000004,0.07,0.22,0.0,12:50:00,337.12,100,337.39,100,337.175,100
22664,0.28,0.07,0.21,28.01000000000001,12:50:28,337.1,100,337.36,100,337.13,100
22668,0.25,0.07,0.18,29.460000000000008,12:50:29,337.1,100,337.36,100,337.35,100
22712,0.27,0.07,0.2,43.94000000000003,12:50:43,337.09,200,337.39,100,337.24,100
22724,0.4,0.18,0.22,47.99000000000003,12:50:47,337.09,200,337.38,100,337.17,100
22736,0.39,0.22,0.17,51.98000000000003,12:50:51,337.17,100,337.41,100,337.37,200
22806,0.25,0.07,0.18,0.0,12:51:00,337.17,200,337.43,100,337.425,300
22825,0.23,0.07,0.16,6.020000000000001,12:51:06,337.31,100,337.61,100,337.58,197
22832,0.25,0.08,0.17,8.070000000000002,12:51:08,337.31,200,337.54,300,337.61,100
22839,0.24000000000000002,0.07,0.17,10.020000000000003,12:51:10,337.3,200,337.53,100,337.53,100
22859,0.31,0.15,0.16,16.100000000000005,12:51:16,337.3,200,337.54,200,337.32,100
22878,0.34,0.17,0.17,21.990000000000002,12:51:21,337.05,100,337.62,100,337.57,100
22883,0.25,0.07,0.18,24.080000000000002,12:51:24,337.05,200,337.58,500,337.575,100
22889,0.36,0.18,0.18,26.18,12:51:26,337.05,200,337.58,500,337.27,100
22940,0.24000000000000002,0.07,0.17,0.0,12:52:00,337.23,100,337.59,100,337.54,100
22973,0.24,0.08,0.16,16.020000000000003,12:52:16,337.43,300,337.81,100,337.64,100
23054,0.28,0.09,0.19,43.95999999999997,12:52:43,337.41,100,337.55,300,337.46,100
23064,0.39,0.18,0.21,47.35999999999997,12:52:47,337.16,100,337.53,100,337.41,100
23089,0.45,0.27,0.18,56.209999999999965,12:52:56,336.84,100,337.91,100,337.65,100
23095,0.27,0.08,0.19,58.00999999999997,12:52:58,337.38,100,337.88,200,337.895,100
23110,0.27,0.08,0.19,0.0,12:53:00,337.38,100,337.8,100,337.865,100
23175,0.25,0.09,0.16,30.120000000000008,12:53:30,337.37,100,337.78,100,337.76,100
23178,0.24000000000000002,0.07,0.17,30.970000000000006,12:53:30,337.38,100,337.78,100,337.765,300
23235,0.46,0.23,0.23,49.98,12:53:49,337.37,200,337.74,100,337.5982,500
23258,0.37,0.21,0.16,0.0,12:54:00,337.42,100,337.87,100,337.8,100
23347,0.28,0.07,0.21,39.99000000000003,12:54:39,337.43,300,337.81,100,337.6649,200
23358,0.28,0.1,0.18,43.91000000000004,12:54:43,337.43,300,337.81,200,337.55,100
23397,0.32,0.08,0.24,0.0,12:55:00,337.44,100,337.76,100,337.63,100
23415,4.83,4.66,0.17,18.82,12:55:18,337.45,100,337.81,300,337.79,100
23416,0.24000000000000002,0.07,0.17,19.06,12:55:19,337.45,100,337.88,100,337.88,100
23424,0.32,0.15,0.17,21.97,12:55:21,337.45,100,337.93,400,337.71,100
23468,0.33,0.14,0.19,36.000000000000014,12:55:36,337.47,100,337.87,100,337.86,100
23488,0.24,0.08,0.16,42.04000000000001,12:55:42,337.47,100,337.87,100,337.665,100
23495,0.24000000000000002,0.07,0.17,44.18000000000002,12:55:44,337.48,100,337.99,100,337.92,100
23501,0.36,0.19,0.17,46.260000000000026,12:55:46,337.5,100,337.98,100,337.98,100
23548,0.38,0.22,0.16,0.0,12:56:00,337.71,100,338.4,500,337.96,100
23561,0.62,0.46,0.16,6.0200000000000005,12:56:06,337.89,200,338.21,100,338.21,100
23565,2.98,2.79,0.19,10.040000000000001,12:56:10,337.89,200,338.32,100,337.99,500
23566,2.3899999999999997,2.15,0.24,12.43,12:56:12,337.89,100,338.4,200,338.4,100
23596,0.24000000000000002,0.07,0.17,23.839999999999996,12:56:23,337.99,100,338.33,100,338.33,100
23658,0.24000000000000002,0.07,0.17,43.85,12:56:43,337.99,300,338.36,100,338.15,200
23718,3.7,3.41,0.29,0.0,12:57:00,338.0,100,338.48,100,338.48,100
23722,0.37,0.08,0.29,2.18,12:57:02,338.01,200,338.95,200,338.49,100
23727,1.4,1.21,0.19,5.19,12:57:05,338.02,100,338.55,100,338.54,100
23731,0.41000000000000003,0.23,0.18,6.340000000000001,12:57:06,338.02,100,338.55,200,338.545,100
23747,0.44,0.23,0.21,12.420000000000002,12:57:12,338.01,200,338.51,200,338.5,100
23765,0.33999999999999997,0.18,0.16,18.08,12:57:18,338.03,100,338.51,100,338.51,100
23810,0.24000000000000002,0.07,0.17,32.029999999999994,12:57:32,338.03,100,338.95,400,338.94,100
23829,0.23,0.07,0.16,38.06999999999999,12:57:38,338.18,100,338.61,100,338.32,100
23843,0.36,0.2,0.16,42.119999999999976,12:57:42,338.05,100,338.33,100,338.525,100
23850,0.39,0.22,0.17,44.129999999999974,12:57:44,338.05,100,338.33,200,338.325,100
23867,0.24,0.08,0.16,0.0,12:58:00,338.05,100,338.2,100,338.05,100
23878,2.7800000000000002,2.47,0.31,5.750000000000001,12:58:05,338.08,100,338.4,100,338.23,100
23903,0.33,0.13,0.2,14.920000000000003,12:58:14,338.09,100,338.38,100,338.22,100
23905,0.77,0.51,0.26,15.960000000000003,12:58:15,337.96,100,338.15,100,338.16,100
23923,0.24000000000000002,0.07,0.17,21.48999999999999,12:58:21,337.98,100,338.4,100,338.39,100
23931,0.24000000000000002,0.07,0.17,23.469999999999988,12:58:23,337.99,100,338.39,100,338.19,300
23951,0.41000000000000003,0.21,0.2,29.65999999999998,12:58:29,338.01,100,338.4,100,338.2,100
23967,0.23,0.07,0.16,35.43999999999997,12:58:35,338.01,100,338.21,100,338.115,100
23974,0.33999999999999997,0.18,0.16,37.71999999999996,12:58:37,338.01,100,338.19,100,338.105,300
23985,0.4,0.22,0.18,40.78999999999995,12:58:40,338.01,100,338.22,100,338.1,300
23987,0.32,0.15,0.17,41.519999999999946,12:58:41,338.01,100,338.14,100,338.01,100
24018,88.57,0.08,88.49,139.85999999999993,13:00:19,338.11,100,338.39,100,338.25,100
24019,0.42000000000000004,0.22,0.2,0.0,13:00:00,337.7,100,338.01,100,337.9245,500
24114,0.27,0.08,0.19,31.450000000000003,13:00:31,337.3,300,337.79,100,337.72,100
24143,0.30000000000000004,0.14,0.16,0.0,13:01:00,337.3,200,337.57,100,337.45,100
24192,0.4,0.24,0.16,18.010000000000005,13:01:18,337.17,100,337.48,100,337.3,100
24240,0.26,0.08,0.18,33.78000000000001,13:01:33,337.18,200,337.54,100,337.49,100
24265,0.32,0.15,0.17,41.81000000000001,13:01:41,337.17,200,337.54,100,337.5,100
24293,3.39,3.22,0.17,4.48,13:02:04,337.25,100,337.74,100,337.59,100
24315,0.37,0.2,0.17,17.03,13:02:17,337.16,100,337.67,100,337.18,100
24336,0.24,0.08,0.16,23.14999999999999,13:02:23,337.16,100,337.56,100,337.375,110
24444,0.27,0.08,0.19,0.0,13:03:00,337.26,100,337.74,100,337.7,100
24447,0.76,0.58,0.18,3.7200000000000006,13:03:03,337.26,100,337.82,200,337.73,200
24452,1.7899999999999998,1.63,0.16,8.8,13:03:08,337.26,100,337.73,100,337.495,100
24476,0.25,0.07,0.18,19.09,13:03:19,337.25,100,337.71,600,337.275,100
24493,0.28,0.09,0.19,25.39,13:03:25,337.25,100,337.71,600,337.66,100
24679,0.36,0.2,0.16,36.140000000000015,13:04:36,337.26,200,337.59,200,337.4531,500
24827,0.23,0.07,0.16,37.209999999999994,13:05:37,337.18,100,337.45,100,337.435,400
25061,0.36,0.17,0.19,9.990000000000002,13:09:09,336.88,100,337.14,100,337.01,100
25067,0.37,0.07,0.3,0.37,13:10:00,337.18,200,337.31,100,337.245,100
25093,2.8200000000000003,2.54,0.28,20.410000000000004,13:10:20,337.18,300,337.34,100,337.2,100
25133,0.33,0.16,0.17,33.99000000000001,13:10:33,337.18,200,337.48,100,337.48,200
25223,0.28,0.07,0.21,0.0,13:11:00,337.18,200,337.4,200,337.399,100
25274,0.49,0.17,0.32,28.62,13:11:28,336.94,100,337.36,100,337.05,100
25298,0.5800000000000001,0.27,0.31,40.36999999999999,13:11:40,336.95,200,337.35,100,337.1304,1000
25302,0.39,0.08,0.31,42.12999999999999,13:11:42,336.96,100,337.35,100,337.12,100
25310,0.46,0.07,0.39,46.12999999999998,13:11:46,336.97,100,337.34,100,337.135,200
25319,0.48,0.18,0.3,50.559999999999974,13:11:50,336.97,100,337.34,100,337.06,100
25326,0.52,0.09,0.43,54.27999999999997,13:11:54,336.97,100,337.33,100,337.15,100
25425,0.53,0.19,0.34,44.39000000000001,13:12:44,337.02,100,337.31,100,337.16,100
25620,0.59,0.15,0.44,47.350000000000016,13:14:47,337.04,100,337.29,100,337.165,100
25733,3.64,3.18,0.46,4.24,13:16:04,337.22,200,337.5,400,337.31,100
25739,3.4000000000000004,2.99,0.41,12.850000000000001,13:16:12,337.3,100,337.5,600,337.4,600
25741,3.98,3.44,0.54,17.41,13:16:17,337.21,200,337.44,200,337.22,100
25779,0.71,0.28,0.43,39.94000000000002,13:16:39,337.06,100,337.43,100,337.2684,100
25878,0.6100000000000001,0.07,0.54,34.36000000000001,13:17:34,337.22,200,337.89,100,337.62,100
25898,0.6000000000000001,0.07,0.53,0.0,13:18:00,337.36,100,337.67,100,337.51,500
25936,0.42,0.07,0.35,32.02000000000002,13:18:32,337.47,100,337.67,100,337.52,200
25940,0.5800000000000001,0.18,0.4,34.01000000000001,13:18:34,337.48,100,337.89,100,337.67,100
25951,0.6,0.18,0.42,40.21000000000001,13:18:40,337.58,100,337.88,1100,337.87,100
26012,0.46,0.08,0.38,20.02,13:19:20,337.31,100,337.53,100,337.38,100
26019,0.62,0.23,0.39,24.42,13:19:24,337.23,200,337.4,100,337.315,100
26039,0.44,0.13,0.31,36.03,13:19:36,337.22,100,337.53,100,337.4502,1000
26149,0.61,0.23,0.38,31.010000000000005,13:20:31,337.36,100,337.99,100,337.68,100
26152,0.56,0.24,0.32,32.78000000000001,13:20:32,337.36,100,337.98,3000,337.675,200
26156,0.61,0.22,0.39,35.010000000000005,13:20:35,337.36,100,337.98,3100,337.695,100
26178,0.57,0.09,0.48,0.0,13:21:00,337.36,100,337.97,2000,337.69,100
26192,0.59,0.23,0.36,7.88,13:21:07,337.36,100,337.68,100,337.44,100
26212,0.43,0.12,0.31,19.639999999999997,13:21:19,337.63,100,337.97,1900,337.97,600
26219,0.6,0.16,0.44,23.809999999999995,13:21:23,337.45,200,337.96,300,337.705,100
26230,0.7899999999999999,0.22,0.57,30.259999999999994,13:21:30,337.71,100,337.95,1000,337.83,100
26247,0.42,0.07,0.35,0.0,13:22:00,337.71,200,337.95,100,337.9,100
26354,0.41,0.11,0.3,1.78,13:23:01,337.49,100,337.75,100,337.6999,100
26371,1.3900000000000001,0.87,0.52,17.0,13:23:17,337.49,200,337.74,100,337.77,100
26373,1.43,0.97,0.46,19.23,13:23:19,337.5,100,337.99,100,337.74,100
26438,0.5599999999999999,0.08,0.48,0.0,13:24:00,337.52,100,337.99,3500,338.0,100
26487,0.47000000000000003,0.13,0.34,40.23000000000001,13:24:40,337.62,200,338.0,400,337.82,100
26500,1.3900000000000001,0.07,1.32,57.550000000000004,13:24:57,337.87,100,338.14,100,338.06,100
26501,1.2100000000000002,0.11,1.1,0.0,13:25:00,337.92,100,338.15,700,338.035,300
26517,1.19,0.17,1.02,25.779999999999998,13:25:25,337.79,100,338.04,100,338.04,100
26527,1.02,0.07,0.95,37.6,13:25:37,337.79,100,337.96,200,337.8858,300
26535,1.19,0.39,0.8,46.410000000000004,13:25:46,337.63,100,337.9,100,337.85,100
26559,1.01,0.14,0.87,0.0,13:26:00,337.16,100,337.71,200,337.7099,400
26560,1.4,0.43,0.97,1.4,13:26:01,337.64,100,338.0,600,337.985,132
26567,1.18,0.19,0.99,10.169999999999998,13:26:10,337.86,100,338.5,300,338.17,180
26569,1.1700000000000002,0.07,1.1,12.349999999999998,13:26:12,337.86,100,338.49,1300,338.18,600
26570,0.8300000000000001,0.07,0.76,13.179999999999998,13:26:13,337.89,100,338.49,1300,338.46,100
26586,1.02,0.12,0.9,30.169999999999998,13:26:30,337.91,100,338.38,100,338.08,100
26593,1.01,0.18,0.83,37.98,13:26:37,337.91,100,338.3,200,338.245,400
26607,1.2,0.32,0.88,0.0,13:27:00,337.9,100,338.19,200,338.045,100
26626,1.21,0.08,1.13,25.610000000000003,13:27:25,337.94,100,338.3,100,338.3,100
26647,1.4200000000000002,0.09,1.33,50.03000000000002,13:27:50,338.19,200,338.43,100,338.27,200
26648,1.5899999999999999,0.42,1.17,0.0,13:28:00,338.19,200,338.44,100,338.45,100
26661,1.18,0.19,0.99,19.970000000000002,13:28:19,337.96,100,338.32,100,338.14,100
26680,1.21,0.18,1.03,41.62000000000002,13:28:41,337.78,100,338.1,200,338.09,100
26685,1.3900000000000001,0.08,1.31,47.630000000000024,13:28:47,337.78,100,338.22,100,338.1199,100
26698,5.58,4.42,1.16,0.0,13:29:00,337.65,100,338.1,100,338.07,100
26717,1.19,0.21,0.98,29.200000000000006,13:29:29,337.91,700,338.28,100,338.28,100
26727,1.21,0.07,1.14,41.98000000000001,13:29:41,337.91,700,338.19,100,338.0747,500
26737,1.2,0.07,1.13,1.2,13:30:01,338.19,100,338.26,100,338.24,200
26745,1.19,0.2,0.99,11.019999999999998,13:30:11,338.19,100,338.45,100,338.26,127
26759,1.3900000000000001,0.07,1.32,29.58,13:30:29,338.19,100,338.43,200,338.29900000000004,400
26767,1.22,0.23,0.99,39.6,13:30:39,338.19,100,338.5,300,338.37,100
26784,1.3699999999999999,0.15,1.22,1.3699999999999999,13:31:01,338.2,100,338.45,100,338.43,200
26785,1.4200000000000002,0.3,1.12,2.79,13:31:02,338.2,100,338.45,100,338.44,200
26796,1.38,0.2,1.18,15.96,13:31:15,338.44,100,338.75,100,338.56,100
26802,1.03,0.08,0.95,22.990000000000002,13:31:22,338.5,100,338.75,100,338.64,100
26807,1.2,0.07,1.13,29.180000000000003,13:31:29,338.5,100,338.84,100,338.7313,100
26810,1.4000000000000001,0.08,1.32,33.38,13:31:33,338.52,100,338.82,100,338.77,100
26815,1.2000000000000002,0.09,1.11,39.78000000000001,13:31:39,338.5,100,338.8,300,338.74,100
26817,1.1900000000000002,0.08,1.11,42.17000000000001,13:31:42,338.5,100,338.8,200,338.73,100
26820,1.4,0.18,1.22,45.77000000000001,13:31:45,338.49,200,338.8,200,338.69,100
26826,1.41,0.18,1.23,53.400000000000006,13:31:53,338.52,100,338.66,900,338.59,100
26839,3.62,2.34,1.28,15.990000000000002,13:32:15,338.2,100,338.65,1100,338.36,100
26848,1.2000000000000002,0.08,1.12,27.569999999999997,13:32:27,338.19,200,338.49,100,338.34,200
26885,1.57,0.3,1.27,8.180000000000001,13:33:08,338.21,100,338.49,300,338.35,200
26893,1.39,0.15,1.24,19.360000000000003,13:33:19,338.3,100,338.47,100,338.38,100
26895,1.38,0.15,1.23,21.970000000000002,13:33:21,338.3,100,338.47,100,338.385,100
26912,1.2200000000000002,0.14,1.08,44.18000000000001,13:33:44,338.19,100,338.47,100,338.2921,1000
26919,1.03,0.08,0.95,6.62,13:34:06,338.19,100,338.42,100,338.29,100
26920,1.01,0.07,0.94,7.63,13:34:07,338.22,100,338.47,100,338.345,100
26951,1.2000000000000002,0.09,1.11,47.800000000000004,13:34:47,338.3,100,338.52,200,338.41,100
26969,2.59,1.44,1.15,14.360000000000001,13:35:14,338.26,100,338.45,100,338.3558,500
26993,1.03,0.08,0.95,45.8,13:35:45,338.24,100,338.33,100,338.285,200
27039,1.0,0.08,0.92,38.79,13:36:38,338.19,100,338.32,100,338.315,200
27076,1.01,0.07,0.94,26.030000000000005,13:37:26,338.19,100,338.27,100,338.235,100
27099,1.22,0.07,1.15,52.41000000000002,13:37:52,338.19,100,338.32,300,338.2993,132
27111,3.2199999999999998,1.97,1.25,8.43,13:38:08,338.17,100,338.23,100,338.185,100
27115,1.1900000000000002,0.07,1.12,14.82,13:38:14,338.19,100,338.3,200,338.2677,100
27151,1.2,0.07,1.13,0.0,13:39:00,338.19,100,338.38,100,338.31,100
27212,0.99,0.18,0.81,0.99,13:41:00,338.34,100,338.56,100,338.52,100
27213,1.21,0.5,0.71,2.2,13:41:02,338.34,100,338.66,800,338.55,100
27214,2.21,1.56,0.65,4.41,13:41:04,338.28,200,338.53,100,338.53,100
27222,1.2,0.16,1.04,12.81,13:41:12,338.28,200,338.66,1000,338.47,100
27291,1.4,0.13,1.27,45.999999999999986,13:42:45,338.32,200,338.63,300,338.58,146
27335,1.0,0.18,0.82,36.839999999999996,13:43:36,338.39,100,338.55,500,338.4301,100
27339,0.97,0.22,0.75,40.44,13:43:40,338.33,100,338.47,100,338.3301,100
27349,1.2000000000000002,0.08,1.12,50.85,13:43:50,338.33,100,338.47,100,338.39099999999996,100
27381,1.19,0.21,0.98,33.39,13:44:33,338.19,100,338.32,200,338.255,100
27383,1.41,0.28,1.13,35.809999999999995,13:44:35,338.19,100,338.24,100,338.305,200
27426,0.81,0.13,0.68,28.61,13:45:28,338.19,200,338.39,200,338.3899,190
27560,1.0,0.08,0.92,17.390000000000004,13:48:17,338.19,100,338.34,100,338.1901,1031
27566,1.19,0.33,0.86,25.590000000000007,13:48:25,338.19,100,338.35,200,338.2024,148
27591,0.97,0.08,0.89,49.559999999999995,13:48:49,338.19,100,338.29,100,338.2899,171
27662,0.99,0.17,0.82,2.16,13:50:02,338.19,100,338.27,200,338.2683,230
27672,1.21,0.13,1.08,16.39,13:50:16,338.28,100,338.39,100,338.335,100
27687,1.01,0.23,0.78,31.589999999999993,13:50:31,338.19,100,338.38,100,337.94,1329
27712,1.5799999999999998,0.43,1.15,0.0,13:51:00,338.19,100,338.33,100,338.2852,296
27716,1.23,0.29,0.94,5.209999999999999,13:51:05,338.19,100,338.25,100,338.2089,246
27735,1.21,0.07,1.14,31.78,13:51:31,337.6,100,338.18,100,337.9841,102
27760,1.0,0.23,0.77,0.0,13:52:00,337.8,100,338.01,100,337.84,100
27762,0.98,0.15,0.83,1.98,13:52:01,337.59,100,338.01,100,337.905,100
27797,1.1600000000000001,0.07,1.09,40.17,13:52:40,337.68,100,337.87,300,337.775,100
27816,1.01,0.18,0.83,0.0,13:53:00,337.67,100,337.81,100,337.75,100
27823,0.97,0.18,0.79,6.39,13:53:06,337.67,100,337.81,100,337.7484,150
27828,0.8099999999999999,0.08,0.73,15.41,13:53:15,337.68,100,337.87,100,337.81,100
28028,0.98,0.34,0.64,0.0,13:57:00,337.69,100,337.81,200,337.78,100
28029,0.81,0.07,0.74,0.81,13:57:00,337.69,100,337.81,200,337.8099,200
28061,1.01,0.07,0.94,40.17999999999999,13:57:40,337.59,100,337.72,100,337.655,150
28159,1.19,0.18,1.01,35.57,13:59:35,337.6,100,337.79,200,337.6,100
28207,1.1800000000000002,0.08,1.1,35.79,14:00:35,337.69,100,337.96,100,337.8032,100
28233,2.21,1.4,0.81,0.0,14:01:00,337.6,300,337.83,200,337.715,100
28442,1.02,0.13,0.89,27.979999999999997,14:05:27,337.71,100,337.82,100,337.76800000000003,100
28561,1.02,0.07,0.95,0.0,14:07:00,337.59,100,337.7,200,337.645,100
28661,1.21,0.08,1.13,52.56000000000001,14:09:52,337.59,100,337.68,100,337.635,100
28662,1.19,0.21,0.98,53.75000000000001,14:09:53,337.59,100,337.68,100,337.6458,205
28951,0.8200000000000001,0.07,0.75,12.030000000000001,14:15:12,337.59,200,337.66,200,337.625,100
29110,1.22,0.38,0.84,12.590000000000002,14:18:12,337.62,100,337.75,100,337.685,100
29181,0.97,0.07,0.9,22.989999999999995,14:19:22,337.22,100,337.42,100,337.445,100
29183,0.8200000000000001,0.07,0.75,24.809999999999995,14:19:24,337.22,200,337.42,100,337.415,100
29325,0.5800000000000001,0.13,0.45,14.02,14:21:14,337.28,100,337.38,100,337.36,100
29557,0.5700000000000001,0.07,0.5,30.59,14:23:30,337.11,200,337.21,200,337.11,100
29657,0.6399999999999999,0.07,0.57,34.65000000000002,14:24:34,337.12,200,337.21,200,337.19,100
29662,0.6000000000000001,0.07,0.53,38.050000000000026,14:24:38,337.17,300,337.22,100,337.195,100
29787,0.65,0.15,0.5,0.0,14:26:00,337.09,400,337.21,300,337.14,100
29827,0.61,0.2,0.41,21.810000000000002,14:26:21,337.16,500,337.34,100,337.25,100
29961,0.78,0.18,0.6,24.610000000000007,14:28:24,337.13,300,337.24,300,337.185,100
30018,1.6099999999999999,0.94,0.67,9.0,14:29:09,337.27,300,337.44,100,337.3757,158
30100,0.6000000000000001,0.07,0.53,0.0,14:30:00,337.16,200,337.44,200,337.3251,100
30353,0.62,0.08,0.54,15.870000000000001,14:32:15,337.2,400,337.36,400,337.2544,500
30381,4.37,3.58,0.79,15.600000000000001,14:33:15,337.22,400,337.36,300,337.225,400
30398,0.83,0.22,0.61,28.02,14:33:28,337.24,100,337.36,300,337.3599,100
30451,0.7799999999999999,0.21,0.57,14.049999999999999,14:34:14,337.32,200,337.49,200,337.481,125
30468,0.75,0.17,0.58,26.000000000000004,14:34:26,337.32,200,337.49,100,337.3825,100
30540,0.77,0.15,0.62,0.0,14:37:00,337.42,200,337.58,100,337.5671,121
30796,2.2,1.6,0.6,10.630000000000003,14:40:10,337.39,400,337.56,100,337.39,100
31053,0.61,0.2,0.41,26.029999999999994,14:43:26,337.81,100,337.95,100,337.9499,100
31172,0.8099999999999999,0.21,0.6,31.66,14:44:31,337.72,200,337.93,100,337.89,100
31205,0.61,0.18,0.43,11.62,14:45:11,337.63,400,337.91,100,337.745,100
31213,0.62,0.15,0.47,17.45,14:45:17,337.63,400,337.88,100,337.7234,126
31369,7.77,7.34,0.43,25.77,14:47:25,337.82,100,337.95,100,337.9229,152
31437,0.61,0.08,0.53,0.0,14:48:00,337.95,100,338.09,100,338.02,100
31441,0.6,0.21,0.39,2.25,14:48:02,337.9,100,338.07,100,337.95,100
31516,0.5700000000000001,0.14,0.43,0.0,14:49:00,337.95,2100,338.15,200,338.005,200
31536,2.4299999999999997,1.93,0.5,18.479999999999997,14:49:18,338.06,200,338.19,200,338.11,100
31550,0.61,0.09,0.52,27.849999999999994,14:49:27,338.08,200,338.19,300,338.125,200
31645,0.85,0.24,0.61,6.17,14:50:06,338.14,100,338.34,200,338.2833,100
31666,0.79,0.24,0.55,22.73,14:50:22,338.16,100,338.34,200,338.3399,100
31742,0.62,0.18,0.44,24.04,14:51:24,338.05,200,338.14,100,338.165,200
31827,0.5700000000000001,0.07,0.5,34.120000000000005,14:52:34,338.14,100,338.28,100,338.1401,358
31947,0.59,0.15,0.44,12.370000000000001,14:54:12,338.14,200,338.27,100,338.205,100
32124,3.42,2.86,0.56,0.0,14:57:00,338.08,100,338.29,100,338.13,200
32534,0.61,0.18,0.43,48.42000000000002,15:01:48,337.77,300,337.93,100,337.91,100
32564,1.5899999999999999,1.01,0.58,0.0,15:02:00,337.78,100,337.92,100,337.9299,100
32582,1.05,0.21,0.84,14.090000000000002,15:02:14,337.79,200,337.94,100,337.9088,208
32706,0.76,0.07,0.69,0.0,15:04:00,337.87,100,338.03,100,338.03,100
32766,0.5900000000000001,0.25,0.34,41.71000000000001,15:04:41,338.0,100,338.1,100,338.0434,150
32777,0.8099999999999999,0.23,0.58,0.0,15:05:00,337.73,200,337.99,200,338.055,200
32987,0.83,0.24,0.59,34.03999999999999,15:07:34,338.03,100,338.16,100,338.095,100
33013,0.81,0.07,0.74,12.41,15:08:12,338.01,100,338.09,100,338.0553,200
33181,0.45,0.07,0.38,19.63,15:10:19,337.95,100,338.09,100,338.075,100
33236,0.62,0.21,0.41,53.81000000000004,15:10:53,337.98,100,338.16,200,338.12,100
33403,0.57,0.08,0.49,54.20000000000002,15:12:54,337.96,100,338.06,200,338.0459,150
33591,0.6000000000000001,0.07,0.53,44.97000000000001,15:14:44,337.75,200,337.92,100,337.8217,100
33693,0.5900000000000001,0.07,0.52,0.0,15:16:00,337.79,200,337.92,100,337.915,200
33701,1.18,0.61,0.57,6.199999999999999,15:16:06,337.8,100,337.93,400,337.93,100
33846,0.58,0.08,0.5,52.21000000000002,15:17:52,337.85,100,338.0,200,337.945,200
33894,0.44,0.13,0.31,25.460000000000004,15:18:25,337.8,100,337.92,200,337.8425,200
33949,2.37,1.8,0.57,0.0,15:19:00,337.81,100,337.92,300,337.91900000000004,260
34333,0.5900000000000001,0.07,0.52,18.21,15:23:18,338.04,300,338.09,400,338.065,100
34409,0.59,0.24,0.35,12.029999999999996,15:24:12,338.0,100,338.1,200,338.0626,200
34753,0.61,0.18,0.43,21.84,15:28:21,338.02,200,338.07,200,338.05300000000005,1000
34813,0.7699999999999999,0.08,0.69,0.0,15:29:00,338.12,200,338.17,100,338.153,1000
34873,0.7899999999999999,0.08,0.71,12.38,15:30:12,338.02,100,338.04,100,338.0332,1000
34885,0.83,0.14,0.69,27.97999999999999,15:30:27,338.02,100,338.08,100,338.0551,1000
34890,0.76,0.07,0.69,31.73999999999999,15:30:31,338.02,100,338.08,100,338.061,200
35056,0.6,0.23,0.37,26.0,15:32:26,337.9,200,338.03,200,338.025,200
35120,0.59,0.12,0.47,2.35,15:33:02,337.98,100,338.05,300,338.015,100
35295,0.44,0.07,0.37,3.01,15:35:03,337.91,300,337.94,100,337.925,100
35740,0.44,0.08,0.36,3.8400000000000003,15:40:03,337.57,200,337.66,300,337.5979,100
35849,0.44,0.07,0.37,17.28,15:41:17,337.47,200,337.54,300,337.505,100
35897,0.83,0.21,0.62,0.0,15:42:00,337.47,400,337.51,100,337.47,100
36009,0.61,0.17,0.44,30.17000000000001,15:43:30,337.6,200,337.73,100,337.6886,200
36058,0.5900000000000001,0.14,0.45,58.18000000000001,15:43:58,337.55,100,337.66,200,337.56,100
36125,0.6599999999999999,0.08,0.58,28.210000000000004,15:44:28,337.59,200,337.7,100,337.6278,400
36254,0.6,0.21,0.39,3.86,15:46:03,337.76,200,337.85,200,337.805,200
36598,0.9600000000000001,0.15,0.81,8.170000000000002,15:50:08,337.55,400,337.79,300,337.785,200
36738,0.77,0.18,0.59,3.38,15:52:03,337.68,200,337.77,200,337.725,100
36745,2.4299999999999997,1.9,0.53,14.559999999999999,15:52:14,337.65,200,337.74,100,337.6975,100
36892,0.76,0.2,0.56,5.989999999999999,15:54:05,337.71,400,337.8,200,337.755,100
37003,0.61,0.08,0.53,27.790000000000003,15:55:27,337.51,400,337.54,400,337.525,100
37068,3.3899999999999997,2.82,0.57,19.800000000000004,15:56:19,337.53,200,337.58,200,337.55699999999996,100
37076,0.57,0.08,0.49,24.200000000000003,15:56:24,337.53,300,337.58,300,337.555,100
37094,0.6,0.21,0.39,34.02000000000001,15:56:34,337.53,300,337.6,600,337.565,100
