,Total Delay,Request Delay,Saving Delay,Arrival Time,Time,Bid,Bid Size,Ask,Ask Size,Last Price,Last Size
0,0.6499999999999999,0.3,0.35,0.6499999999999999,09:30:00,94.7,200,95.1,800,95.23,200
16,0.32,0.08,0.24,6.53,09:30:06,94.7,200,95.1,800,94.71,100
99,0.27,0.07,0.2,0.0,09:31:00,94.7,200,95.08,100,94.7,100
227,0.36,0.19,0.17,0.0,09:32:00,94.84,100,95.12,100,94.945,100
289,0.30000000000000004,0.14,0.16,20.219999999999988,09:32:20,94.85,200,95.03,100,94.95,600
302,0.39,0.22,0.17,24.419999999999984,09:32:24,94.86,200,95.03,200,94.99,100
309,0.25,0.07,0.18,26.34999999999998,09:32:26,94.91,100,95.12,100,95.08,100
320,0.69,0.28,0.41,30.70999999999998,09:32:30,94.93,100,95.12,100,95.07,100
350,3.75,3.46,0.29,5.78,09:33:05,94.88,100,95.08,600,94.93,100
354,2.19,1.96,0.23,9.16,09:33:09,94.79,200,94.89,100,94.89,100
362,2.69,2.48,0.21,15.6,09:33:15,94.9,100,95.11,100,95.02,100
365,0.42000000000000004,0.23,0.19,16.55,09:33:16,94.91,200,95.1,100,95.1,100
423,0.28,0.07,0.21,36.62000000000001,09:33:36,94.91,100,95.08,100,95.0,600
509,2.14,1.95,0.19,0.0,09:34:00,94.73,200,94.94,100,94.835,142
522,0.33,0.07,0.26,11.09,09:34:11,94.7,200,95.02,200,95.03,100
551,0.47,0.25,0.22,22.589999999999993,09:34:22,94.77,300,95.15,100,94.905,100
588,0.29000000000000004,0.07,0.22,36.63999999999999,09:34:36,94.78,200,95.08,100,94.97,100
623,1.67,1.41,0.26,11.46,09:35:11,95.01,100,95.21,100,95.125,100
624,0.8,0.45,0.35,12.260000000000002,09:35:12,95.02,100,95.3,100,95.3,100
650,0.26,0.07,0.19,25.650000000000002,09:35:25,95.17,200,95.4,100,95.19,100
733,0.35,0.19,0.16,54.79000000000001,09:35:54,94.96,100,95.14,100,95.05,100
800,0.44000000000000006,0.17,0.27,21.78000000000001,09:36:21,95.12,100,95.3,100,95.15,7599
805,0.65,0.28,0.37,23.860000000000007,09:36:23,95.17,100,95.42,100,95.295,300
850,0.34,0.08,0.26,43.660000000000004,09:36:43,95.2,600,95.43,100,95.43,200
926,0.53,0.1,0.43,0.0,09:37:00,95.21,200,95.42,300,95.315,100
975,0.49,0.17,0.32,19.970000000000006,09:37:19,95.21,200,95.42,400,95.34,100
1007,0.48000000000000004,0.2,0.28,0.0,09:38:00,95.01,200,95.36,200,95.27,100
1266,0.52,0.28,0.24,0.0,09:40:00,94.98,100,95.21,100,95.18,100
1303,0.33,0.07,0.26,21.790000000000006,09:40:21,95.03,100,95.19,100,95.105,500
1308,0.42,0.18,0.24,23.730000000000004,09:40:23,95.2,100,95.44,100,95.21,100
1469,0.56,0.23,0.33,0.0,09:41:00,95.22,100,95.38,100,95.235,100
1523,0.47,0.09,0.38,20.1,09:41:20,95.22,100,95.38,200,95.3263,150
1572,0.38,0.07,0.31,0.0,09:42:00,95.23,1400,95.38,100,95.38,100
1577,0.48,0.17,0.31,2.12,09:42:02,95.3,100,95.4,200,95.305,100
1581,0.4,0.16,0.24,3.83,09:42:03,95.26,100,95.4,200,95.26,100
1586,0.48,0.19,0.29,5.880000000000001,09:42:05,95.22,100,95.39,100,95.35,100
1662,0.4,0.1,0.3,0.0,09:43:00,95.0,1400,95.27,200,95.25,100
1703,1.58,1.25,0.33,21.380000000000003,09:43:21,95.04,100,95.26,100,95.113,200
1761,0.37,0.14,0.23,43.85000000000001,09:43:43,95.05,100,95.23,200,95.2,100
1962,0.38,0.08,0.3,0.0,09:45:00,94.83,100,95.13,100,94.821,200
2041,0.5700000000000001,0.25,0.32,39.92,09:45:39,95.08,100,95.27,200,95.13,100
2082,0.29000000000000004,0.07,0.22,0.0,09:46:00,95.05,100,95.26,200,95.155,200
2088,0.30000000000000004,0.07,0.23,2.21,09:46:02,94.91,100,95.24,200,95.075,600
2939,2.09,1.8,0.29,0.0,09:52:00,95.23,300,95.31,300,95.275,100
2941,3.5,3.25,0.25,3.8,09:52:03,95.18,100,95.29,100,95.285,100
3030,0.39,0.22,0.17,35.160000000000004,09:52:35,95.13,100,95.24,100,95.22,100
3036,0.37,0.17,0.2,37.06,09:52:37,95.13,100,95.24,200,95.24,100
3047,0.41000000000000003,0.18,0.23,41.21,09:52:41,95.13,100,95.22,200,95.175,100
3085,0.29000000000000004,0.09,0.2,5.9399999999999995,09:53:05,95.13,100,95.17,100,95.17,100
3111,0.29000000000000004,0.09,0.2,21.8,09:53:21,95.21,200,95.4,300,95.32,100
3121,0.37,0.19,0.18,25.640000000000004,09:53:25,95.25,200,95.4,200,95.325,200
3201,0.36,0.2,0.16,51.829999999999956,09:53:51,95.29,100,95.4,300,95.29,100
3267,0.23,0.07,0.16,0.0,09:54:00,95.3,100,95.4,200,95.39,100
3406,0.48,0.19,0.29,0.0,09:55:00,95.32,400,95.47,100,95.4,100
3418,0.4,0.07,0.33,5.98,09:55:05,95.34,600,95.47,100,95.405,500
3522,0.33,0.07,0.26,0.0,09:56:00,95.32,100,95.39,300,95.37,100
4107,0.32,0.07,0.25,9.95,10:00:09,95.31,200,95.42,300,95.31,100
4494,0.36,0.12,0.24,0.0,10:03:00,95.04,100,95.23,100,95.14,100
4529,0.26,0.08,0.18,13.740000000000004,10:03:13,95.09,300,95.15,100,95.12,100
4569,0.28,0.07,0.21,31.81000000000001,10:03:31,95.21,100,95.36,100,95.36,100
4672,3.85,3.52,0.33,0.0,10:04:00,95.22,100,95.34,100,95.33,100
4982,0.5,0.2,0.3,22.059999999999995,10:06:22,95.18,100,95.29,100,95.2425,500
5578,3.92,3.66,0.26,7.49,10:13:07,95.14,400,95.17,200,95.1405,100
5619,0.44999999999999996,0.24,0.21,22.169999999999998,10:13:22,95.04,100,95.12,100,95.09,100
5630,0.28,0.08,0.2,26.09,10:13:26,95.04,100,95.13,200,95.04,100
5865,3.1599999999999997,2.82,0.34,0.0,10:15:00,94.99,100,95.09,300,95.045,500
6082,0.43,0.24,0.19,31.959999999999997,10:16:31,95.1,100,95.19,200,95.145,200
6122,0.63,0.24,0.39,45.94000000000002,10:16:45,95.1,100,95.17,100,95.1316,200
6313,0.48,0.25,0.23,21.909999999999997,10:18:21,95.13,100,95.19,100,95.16,300
6318,52.14,51.78,0.36,0.0,10:19:00,95.07,100,95.11,100,95.095,100
6340,0.37,0.17,0.2,8.44,10:19:08,95.02,200,95.11,100,95.11,100
6352,0.29000000000000004,0.07,0.22,12.509999999999998,10:19:12,95.02,200,95.11,200,95.065,100
6472,0.35000000000000003,0.08,0.27,14.549999999999999,10:20:14,95.29,100,95.42,200,95.355,200
6547,0.34,0.07,0.27,4.069999999999999,10:21:04,95.23,100,95.34,300,95.28,500
6735,0.52,0.17,0.35,7.42,10:23:07,95.28,100,95.39,200,95.335,100
7085,0.53,0.22,0.31,0.0,10:26:00,95.29,100,95.38,200,95.3575,100
7616,0.67,0.27,0.4,24.07,10:30:24,95.36,100,95.47,600,95.42,100
7720,0.35000000000000003,0.08,0.27,2.22,10:31:02,95.31,100,95.42,300,95.365,100
7880,0.26,0.07,0.19,28.700000000000017,10:33:28,95.42,100,95.49,100,95.47,100
8057,0.34,0.08,0.26,0.0,10:34:00,95.42,100,95.5,500,95.49,100
8081,0.75,0.19,0.56,7.789999999999999,10:35:07,95.42,100,95.5,500,95.46,300
8131,1.4,0.21,1.19,43.050000000000004,10:35:43,95.44,100,95.47,100,95.44,100
8138,1.0,0.28,0.72,54.84,10:35:54,95.44,100,95.5,400,95.5,100
8156,2.7600000000000002,2.24,0.52,10.57,10:36:10,95.5,200,95.6,100,95.59,200
8158,0.81,0.49,0.32,11.82,10:36:11,95.53,200,95.6,100,95.565,100
8162,1.2,0.77,0.43,14.969999999999999,10:36:14,95.56,100,95.65,100,95.605,300
8248,0.59,0.09,0.5,0.0,10:37:00,95.62,200,95.7,100,95.66,100
8256,0.6000000000000001,0.28,0.32,4.790000000000001,10:37:04,95.62,200,95.73,100,95.675,200
8309,0.6,0.19,0.41,36.56000000000002,10:37:36,95.65,100,95.75,100,95.75,100
8316,0.7699999999999999,0.08,0.69,40.96000000000002,10:37:40,95.74,100,95.87,300,95.79,100
8380,0.5800000000000001,0.14,0.44,0.0,10:38:00,95.74,200,95.87,800,95.85700000000001,200
8395,0.5700000000000001,0.07,0.5,8.19,10:38:08,95.69,100,95.8,100,95.74,100
8416,0.83,0.13,0.7,0.0,10:39:00,95.7,100,95.82,100,95.82,136
8446,0.95,0.22,0.73,27.69,10:39:27,95.65,100,95.8,200,95.725,300
8472,0.7699999999999999,0.08,0.69,45.490000000000016,10:39:45,95.65,100,95.73,100,95.69,150
8475,0.6499999999999999,0.07,0.58,47.72000000000001,10:39:47,95.65,100,95.73,100,95.6852,100
8498,1.2,0.5,0.7,1.2,10:40:01,95.65,100,95.73,300,95.7,200
8520,0.6000000000000001,0.14,0.46,18.400000000000002,10:40:18,95.72,100,95.79,100,95.78,100
8548,0.5800000000000001,0.07,0.51,36.320000000000014,10:40:36,95.67,100,95.79,100,95.73,100
8618,0.5700000000000001,0.07,0.5,36.37,10:41:36,95.56,100,95.65,300,95.615,300
8639,0.5800000000000001,0.07,0.51,48.199999999999996,10:41:48,95.64,100,95.7,100,95.65,100
8818,0.7899999999999999,0.22,0.57,46.41000000000002,10:43:46,95.65,100,95.75,100,95.71,100
8829,0.75,0.18,0.57,53.780000000000015,10:43:53,95.73,100,95.75,100,95.755,300
8860,0.59,0.08,0.51,20.019999999999996,10:44:20,95.69,100,95.75,100,95.7225,300
8987,0.79,0.41,0.38,40.199999999999996,10:45:40,95.69,100,95.78,200,95.77,100
9023,0.59,0.23,0.36,4.57,10:46:04,95.66,100,95.75,200,95.705,300
9113,4.0,3.48,0.52,0.0,10:47:00,95.66,100,95.75,200,95.72,100
9119,0.63,0.19,0.44,6.62,10:47:06,95.75,100,95.87,200,95.8,100
9169,0.6,0.12,0.48,36.26,10:47:36,95.79,100,95.86,200,95.825,100
9172,0.7999999999999999,0.23,0.57,38.44,10:47:38,95.74,100,95.81,200,95.805,100
9335,0.7699999999999999,0.08,0.69,28.340000000000003,10:49:28,95.84,100,95.87,100,95.85,100
9338,0.64,0.09,0.55,30.580000000000005,10:49:30,95.84,100,95.87,100,95.855,100
9350,0.62,0.17,0.45,38.800000000000004,10:49:38,95.74,100,95.79,100,95.76,100
9388,2.7600000000000002,2.18,0.58,17.54,10:50:17,95.67,200,95.81,200,95.6701,100
9391,0.6000000000000001,0.2,0.4,19.360000000000003,10:50:19,95.71,100,95.81,100,95.6705,100
9398,0.5900000000000001,0.07,0.52,23.520000000000007,10:50:23,95.62,100,95.72,100,95.67,100
9409,0.44,0.13,0.31,29.360000000000014,10:50:29,95.53,100,95.71,100,95.61,100
9438,0.6,0.17,0.43,45.890000000000015,10:50:45,95.49,100,95.63,100,95.5401,100
9460,0.44,0.07,0.37,0.0,10:51:00,95.35,100,95.41,100,95.45,100
9921,1.3900000000000001,0.79,0.6,0.0,10:58:00,95.08,100,95.19,500,95.1528,350
9952,0.5800000000000001,0.2,0.38,19.43,10:58:19,94.6,200,95.11,200,94.87,100
9955,0.61,0.18,0.43,21.23,10:58:21,94.79,100,95.09,100,94.82,100
9959,0.5800000000000001,0.07,0.51,23.6,10:58:23,94.8,500,95.09,200,94.8,100
9972,0.6100000000000001,0.27,0.34,31.430000000000003,10:58:31,94.82,500,95.09,300,94.81,100
10019,1.78,1.35,0.43,0.0,10:59:00,94.9,100,95.09,300,94.995,200
10078,0.76,0.35,0.41,32.59000000000001,10:59:32,94.93,100,95.06,100,94.94,100
10290,0.6399999999999999,0.07,0.57,5.61,11:04:05,95.05,200,95.18,200,95.1299,100
11293,0.5700000000000001,0.19,0.38,0.0,11:17:00,95.14,100,95.24,100,95.2055,200
11869,0.61,0.08,0.53,6.0200000000000005,11:24:06,95.09,200,95.19,100,95.1424,150
12698,0.44,0.08,0.36,48.22999999999998,11:37:48,95.36,200,95.41,100,95.3833,100
13054,4.21,3.98,0.23,6.46,11:43:06,95.07,100,95.23,400,95.1202,500
13944,0.24,0.08,0.16,29.769999999999996,11:50:29,95.05,100,95.15,300,95.0832,100
14668,0.41000000000000003,0.23,0.18,0.0,11:55:00,95.16,100,95.24,100,95.1866,100
15088,0.29000000000000004,0.07,0.22,40.03999999999999,11:57:40,94.95,100,95.09,300,94.96,100
15109,5.33,5.14,0.19,0.0,11:58:00,94.92,100,95.09,300,94.915,100
15154,0.32,0.15,0.17,22.140000000000004,11:58:22,94.91,300,95.08,100,94.92,100
15183,0.23,0.07,0.16,30.21,11:58:30,94.87,100,95.0,200,94.91,100
15197,0.3,0.08,0.22,34.11999999999998,11:58:34,94.87,100,95.0,300,94.88,100
15215,0.56,0.23,0.33,40.579999999999984,11:58:40,94.82,200,94.98,100,94.84,100
15220,0.27,0.07,0.2,42.32999999999999,11:58:42,94.83,1000,95.02,100,94.98,1300
15226,0.26,0.07,0.19,44.09999999999999,11:58:44,94.86,100,95.02,100,94.935,100
15239,0.31,0.08,0.23,48.29999999999999,11:58:48,94.86,100,95.02,200,94.9,100
15259,3.34,3.13,0.21,4.63,11:59:04,94.85,200,95.01,200,94.855,100
15260,0.24000000000000002,0.07,0.17,4.87,11:59:04,94.85,200,95.01,200,94.86,100
15269,1.92,1.64,0.28,9.450000000000001,11:59:09,94.85,200,95.01,200,94.85,100
15631,0.26,0.1,0.16,30.00999999999999,12:01:30,94.83,100,94.94,100,94.885,100
15732,0.55,0.24,0.31,0.0,12:02:00,94.81,100,94.94,200,94.83,100
16033,2.83,2.49,0.34,0.0,12:04:00,94.81,500,94.93,100,94.805,100
16139,0.39,0.23,0.16,42.92000000000001,12:04:42,94.8,400,94.93,100,94.865,100
16338,0.26,0.07,0.19,2.06,12:06:02,94.8,100,94.88,200,94.8527,600
16825,0.26,0.07,0.19,7.44,12:09:07,94.83,100,94.92,100,94.875,100
18045,0.26,0.07,0.19,46.11000000000003,12:16:46,94.86,100,94.9,100,94.8732,100
18895,0.47,0.22,0.25,0.0,12:22:00,94.94,200,94.99,100,94.9435,100
19042,0.26,0.07,0.19,0.0,12:23:00,94.94,100,94.99,100,94.965,200
19802,0.26,0.08,0.18,0.0,12:28:00,95.02,100,95.12,100,95.0265,100
20241,0.41000000000000003,0.23,0.18,0.0,12:31:00,95.02,200,95.12,200,95.115,100
20495,0.33,0.13,0.2,0.0,12:33:00,95.03,200,95.12,300,95.0696,500
21406,44.300000000000004,43.96,0.34,0.0,12:39:00,94.95,100,95.02,100,95.01,100
21625,0.27,0.08,0.19,53.88999999999999,12:40:53,94.96,200,95.04,100,94.9656,100
23231,0.51,0.26,0.25,7.169999999999999,12:53:07,95.11,500,95.2,300,95.1163,100
24450,2.21,2.02,0.19,0.0,13:03:00,95.12,100,95.21,200,95.165,200
25734,0.58,0.08,0.5,0.0,13:16:00,95.12,100,95.17,100,95.1665,100
26188,0.45,0.08,0.37,9.61,13:21:09,95.24,100,95.31,100,95.265,100
26415,0.5900000000000001,0.07,0.52,0.0,13:23:00,95.27,100,95.38,200,95.3155,100
26555,1.02,0.12,0.9,0.0,13:26:00,95.33,300,95.38,200,95.34700000000001,200
26562,1.79,0.39,1.4,8.98,13:26:08,95.34,100,95.41,100,95.41,100
26967,2.39,1.29,1.1,0.0,13:35:00,95.32,400,95.43,100,95.3566,343
27000,1.3900000000000001,0.37,1.02,43.79000000000001,13:35:43,95.33,100,95.43,200,95.337,100
27136,1.01,0.08,0.93,0.0,13:38:00,95.35,100,95.42,100,95.3824,100
27527,1.39,0.18,1.21,0.0,13:47:00,95.2,100,95.24,100,95.2176,450
27643,0.97,0.14,0.83,8.190000000000001,13:49:08,95.26,100,95.31,200,95.2635,100
27644,1.01,0.23,0.78,9.200000000000001,13:49:09,95.26,100,95.31,200,95.3099,100
27848,0.81,0.07,0.74,38.419999999999995,13:53:38,95.28,200,95.36,100,95.2863,100
28008,0.98,0.3,0.68,32.779999999999994,13:56:32,95.3,300,95.36,100,95.345,100
28024,0.82,0.09,0.73,47.209999999999994,13:56:47,95.3,400,95.36,200,95.3297,150
28175,1.02,0.08,0.94,0.0,14:00:00,95.31,200,95.37,100,95.3599,100
28280,1.2000000000000002,0.27,0.93,9.57,14:02:09,95.4,300,95.47,100,95.435,100
28569,1.2,0.17,1.03,0.0,14:08:00,95.42,200,95.47,300,95.445,100
29568,0.5900000000000001,0.2,0.39,0.0,14:23:00,95.31,300,95.35,200,95.3128,100
29905,0.42000000000000004,0.08,0.34,31.34000000000001,14:27:31,95.37,300,95.43,200,95.415,100
30132,0.6,0.24,0.36,0.0,14:30:00,95.33,100,95.39,100,95.3576,122
30664,0.76,0.18,0.58,0.0,14:38:00,95.35,200,95.41,200,95.4099,100
30710,0.64,0.14,0.5,0.0,14:39:00,95.35,200,95.41,200,95.395,100
30755,0.5900000000000001,0.07,0.52,27.90000000000001,14:39:27,95.36,400,95.41,200,95.37700000000001,200
30822,0.79,0.07,0.72,0.0,14:40:00,95.36,400,95.41,200,95.3734,200
30851,0.78,0.18,0.6,20.21,14:40:20,95.36,400,95.4,300,95.3628,100
31203,1.17,0.67,0.5,10.4,14:45:10,95.36,300,95.42,300,95.366,200
31848,0.6000000000000001,0.07,0.53,0.0,14:53:00,95.37,400,95.44,200,95.4225,100
31920,0.5900000000000001,0.07,0.52,51.770000000000024,14:53:51,95.37,500,95.44,200,95.3749,100
32520,0.62,0.14,0.48,36.57,15:01:36,95.33,300,95.39,200,95.3306,104
32579,0.7799999999999999,0.09,0.69,0.0,15:02:00,95.33,600,95.39,400,95.3899,100
32636,0.77,0.12,0.65,0.0,15:03:00,95.33,500,95.39,400,95.3577,100
32657,0.85,0.21,0.64,16.26,15:03:16,95.33,500,95.38,300,95.3675,100
32703,0.6000000000000001,0.07,0.53,0.0,15:04:00,95.33,600,95.38,400,95.3531,215
32739,0.44,0.14,0.3,25.46000000000001,15:04:25,95.33,400,95.36,200,95.3499,100
32763,0.6,0.19,0.41,41.88000000000001,15:04:41,95.36,300,95.4,100,95.3784,475
32850,0.88,0.17,0.71,0.0,15:06:00,95.36,400,95.4,100,95.385,100
32863,1.79,1.19,0.6,18.419999999999998,15:06:18,95.36,400,95.39,100,95.3825,100
33039,0.77,0.07,0.7,36.24,15:08:36,95.34,100,95.38,400,95.375,100
33489,0.76,0.07,0.69,0.0,15:13:00,95.32,200,95.38,300,95.338,925
34051,0.6100000000000001,0.07,0.54,9.41,15:20:09,95.33,200,95.37,100,95.3316,250
34143,0.62,0.2,0.42,0.0,15:21:00,95.38,200,95.39,100,95.3875,100
34160,1.0,0.56,0.44,10.16,15:21:10,95.41,400,95.43,100,95.4199,100
34690,0.8400000000000001,0.2,0.64,8.44,15:27:08,95.43,300,95.46,100,95.4525,100
34696,0.6000000000000001,0.07,0.53,12.059999999999997,15:27:12,95.48,200,95.5,200,95.4986,200
35160,0.61,0.23,0.38,30.16,15:33:30,95.21,200,95.28,200,95.245,192
35799,0.63,0.2,0.43,44.630000000000024,15:40:44,95.12,400,95.15,300,95.1221,100
35959,0.79,0.19,0.6,50.32999999999999,15:42:50,95.14,500,95.18,300,95.1428,100
36361,0.6100000000000001,0.07,0.54,27.640000000000004,15:47:27,95.14,500,95.16,500,95.1479,238
36591,0.6,0.18,0.42,1.81,15:50:01,95.03,200,95.09,200,95.06,100
36814,0.5900000000000001,0.13,0.46,0.0,15:53:00,95.04,100,95.07,700,95.055,100
37246,0.56,0.07,0.49,52.13000000000002,15:59:52,95.1,400,95.14,500,95.135,100
