,Total Delay,Request Delay,Saving Delay,Arrival Time,Time,Bid,Bid Size,Ask,Ask Size,Last Price,Last Size
0,0.6499999999999999,0.3,0.35,0.6499999999999999,09:30:00,138.23,300,138.43,300,138.235,100
32,0.43,0.21,0.22,12.59,09:30:12,138.01,100,138.3,100,138.035,100
37,0.44,0.21,0.23,14.589999999999998,09:30:14,138.01,100,138.24,200,138.01,100
45,0.32,0.09,0.23,0.0,09:31:00,138.0,200,138.22,100,138.0,100
46,0.35000000000000003,0.08,0.27,0.35000000000000003,09:31:00,137.92,100,138.12,200,137.92,100
51,0.4,0.18,0.22,2.33,09:31:02,137.9,300,138.12,200,137.91,100
56,0.30000000000000004,0.07,0.23,5.329999999999999,09:31:05,137.86,100,138.12,600,137.98,100
59,0.33,0.1,0.23,6.52,09:31:06,137.86,100,138.06,600,137.86,200
65,0.31,0.07,0.24,10.33,09:31:10,137.85,100,138.01,100,137.85,100
80,1.4100000000000001,1.07,0.34,21.98,09:31:21,137.84,100,137.93,200,137.84,100
88,0.39,0.2,0.19,24.620000000000005,09:31:24,137.73,100,137.92,400,137.81,100
94,0.27,0.07,0.2,26.520000000000003,09:31:26,137.68,100,137.87,100,137.69,100
110,0.5,0.28,0.22,32.580000000000005,09:31:32,137.7,100,137.87,200,137.7,100
133,0.26,0.07,0.19,40.52000000000002,09:31:40,137.87,100,137.97,200,137.87,100
144,0.46,0.18,0.28,44.810000000000024,09:31:44,137.87,100,137.97,100,137.875,100
175,0.32,0.14,0.18,56.32000000000002,09:31:56,137.68,100,137.91,100,137.76,100
182,0.33,0.07,0.26,58.61000000000002,09:31:58,137.69,300,137.9,200,137.695,200
201,4.77,4.56,0.21,12.54,09:32:12,137.78,100,137.88,400,137.8155,150
202,2.2199999999999998,2.03,0.19,14.759999999999998,09:32:14,137.78,100,137.88,400,137.83,100
227,0.36,0.19,0.17,23.949999999999996,09:32:23,137.78,100,137.88,300,137.8362,500
246,0.36,0.18,0.18,29.99999999999999,09:32:29,137.98,100,138.07,200,138.02,100
264,0.24000000000000002,0.07,0.17,36.26999999999998,09:32:36,138.04,100,138.14,300,138.07,100
276,0.24000000000000002,0.07,0.17,40.14999999999998,09:32:40,138.04,100,138.14,300,138.08,100
295,0.33999999999999997,0.18,0.16,46.129999999999995,09:32:46,138.04,100,138.13,100,138.13,100
302,0.39,0.22,0.17,48.37,09:32:48,138.01,100,138.13,300,138.04,100
320,0.69,0.28,0.41,54.66,09:32:54,137.99,100,138.13,300,138.125,100
325,0.25,0.07,0.18,56.32999999999999,09:32:56,137.99,100,138.13,300,138.0521,148
343,2.23,1.98,0.25,0.0,09:33:00,137.99,700,138.12,200,138.12,100
350,3.75,3.46,0.29,5.78,09:33:05,138.0,500,138.11,100,138.05,100
356,2.15,1.91,0.24,11.57,09:33:11,138.0,500,138.1,100,138.0463,1000
362,2.69,2.48,0.21,15.6,09:33:15,138.0,500,138.09,300,138.045,200
365,0.42000000000000004,0.23,0.19,16.55,09:33:16,137.89,100,137.98,100,137.89,100
370,0.66,0.28,0.38,18.680000000000003,09:33:18,137.68,100,137.86,300,137.79,100
405,0.5700000000000001,0.28,0.29,30.550000000000008,09:33:30,137.75,200,137.81,100,137.75,100
412,0.47000000000000003,0.27,0.2,32.56,09:33:32,137.75,200,137.81,100,137.78,100
417,0.39,0.2,0.19,34.470000000000006,09:33:34,137.75,100,137.81,100,137.805,200
422,0.45999999999999996,0.25,0.21,36.34000000000001,09:33:36,137.75,100,137.81,100,137.8,100
423,0.28,0.07,0.21,36.62000000000001,09:33:36,137.7,100,137.81,200,137.71,100
427,0.41000000000000003,0.17,0.24,38.59,09:33:38,137.6,100,137.74,300,137.6,100
433,0.26,0.07,0.19,40.400000000000006,09:33:40,137.55,500,137.73,200,137.555,100
440,0.45,0.25,0.2,42.780000000000015,09:33:42,137.52,200,137.66,600,137.52,100
446,0.25,0.07,0.18,44.66000000000001,09:33:44,137.5,400,137.65,200,137.5,150
470,0.41000000000000003,0.19,0.22,52.940000000000005,09:33:52,137.51,200,137.66,500,137.585,500
475,0.32,0.09,0.23,54.800000000000004,09:33:54,137.57,100,137.66,300,137.61,100
481,0.24000000000000002,0.07,0.17,0.0,09:34:00,137.5,300,137.66,500,137.51,100
503,0.44,0.22,0.22,7.8,09:34:07,137.49,100,137.65,100,137.49,100
507,0.51,0.26,0.25,9.22,09:34:09,137.5,200,137.65,100,137.57,200
509,2.14,1.95,0.19,13.14,09:34:13,137.41,200,137.64,400,137.45,100
511,0.48,0.27,0.21,13.950000000000001,09:34:13,137.41,200,137.64,400,137.565,200
513,2.17,1.87,0.3,16.37,09:34:16,137.41,200,137.55,200,137.41,100
514,3.77,3.6,0.17,20.14,09:34:20,137.4,100,137.6,400,137.44,100
515,1.4000000000000001,1.06,0.34,21.54,09:34:21,137.4,100,137.57,100,137.405,100
522,0.33,0.07,0.26,24.229999999999997,09:34:24,137.4,100,137.52,100,137.4001,376
527,0.43,0.21,0.22,25.96999999999999,09:34:25,137.39,100,137.51,100,137.4425,500
531,0.51,0.17,0.34,28.039999999999992,09:34:28,137.4,500,137.51,200,137.39,100
546,0.45,0.2,0.25,33.839999999999996,09:34:33,137.4,400,137.51,400,137.455,100
556,0.47000000000000003,0.28,0.19,38.03999999999999,09:34:38,137.4,300,137.5,400,137.4,100
594,0.38,0.14,0.24,52.03999999999999,09:34:52,137.52,100,137.64,100,137.43,100
617,3.8,3.55,0.25,4.83,09:35:04,137.56,400,137.7,100,137.66,100
618,0.34,0.07,0.27,5.17,09:35:05,137.56,400,137.7,200,137.68,200
621,0.33,0.07,0.26,6.3500000000000005,09:35:06,137.57,100,137.7,100,137.58,100
625,2.72,2.35,0.37,14.980000000000002,09:35:14,137.7,300,137.78,200,137.67,100
635,0.51,0.26,0.25,20.16,09:35:20,137.76,100,137.84,200,137.82,100
701,0.26,0.08,0.18,44.800000000000004,09:35:44,137.73,400,137.84,100,137.735,100
708,0.25,0.08,0.17,46.93000000000001,09:35:46,137.74,100,137.84,100,137.785,300
714,0.44,0.26,0.18,48.92000000000001,09:35:48,137.76,100,137.84,100,137.775,100
721,0.25,0.07,0.18,50.89000000000001,09:35:50,137.76,400,137.84,100,137.77,100
741,0.23,0.07,0.16,56.81000000000002,09:35:56,137.73,100,137.84,300,137.73,100
759,0.38,0.21,0.17,0.0,09:36:00,137.72,400,137.84,200,137.72,100
767,1.8299999999999998,1.63,0.2,4.359999999999999,09:36:04,137.72,200,137.83,100,137.7277,200
779,3.7600000000000002,3.33,0.43,17.900000000000002,09:36:17,137.78,100,137.86,100,137.815,100
860,0.29,0.08,0.21,52.029999999999994,09:36:52,137.68,100,137.8,200,137.74,100
870,0.35000000000000003,0.08,0.27,55.94,09:36:55,137.68,500,137.8,100,137.7332,200
889,0.67,0.21,0.46,6.109999999999999,09:37:06,137.63,400,137.78,100,137.65,100
905,0.42000000000000004,0.1,0.32,17.99,09:37:17,137.71,100,137.79,200,137.725,100
918,0.49,0.14,0.35,23.99,09:37:23,137.71,300,137.82,200,137.7769,200
926,0.53,0.1,0.43,28.090000000000003,09:37:28,137.71,200,137.8,200,137.7494,200
965,0.42,0.18,0.24,43.969999999999985,09:37:43,137.6,200,137.7,500,137.59,100
970,0.46,0.2,0.26,46.08999999999998,09:37:46,137.6,200,137.7,500,137.62,100
994,0.36,0.07,0.29,56.129999999999974,09:37:56,137.62,100,137.71,200,137.64,100
1007,0.48000000000000004,0.2,0.28,4.16,09:38:04,137.45,300,137.71,300,137.46,100
1023,0.39,0.11,0.28,15.890000000000002,09:38:15,137.45,200,137.62,200,137.47,100
1033,0.42000000000000004,0.14,0.28,19.959999999999997,09:38:19,137.49,100,137.62,100,137.535,100
1035,0.55,0.19,0.36,22.27,09:38:22,137.52,100,137.62,100,137.53,100
1075,0.30000000000000004,0.07,0.23,39.77999999999999,09:38:39,137.52,200,137.6,100,137.5812,1000
1084,0.41000000000000003,0.17,0.24,43.72999999999998,09:38:43,137.51,100,137.61,100,137.56,100
1123,0.44999999999999996,0.21,0.24,0.44999999999999996,09:39:00,137.51,200,137.59,300,137.572,100
1137,0.31,0.08,0.23,8.25,09:39:08,137.47,100,137.58,200,137.48,100
1153,0.8200000000000001,0.52,0.3,16.820000000000004,09:39:16,137.4,200,137.55,100,137.401,100
1161,0.37,0.09,0.28,22.350000000000005,09:39:22,137.42,100,137.55,100,137.42,100
1197,0.53,0.17,0.36,36.18000000000002,09:39:36,137.45,100,137.54,100,137.5212,1000
1232,0.28,0.07,0.21,50.140000000000036,09:39:50,137.41,100,137.49,200,137.4156,100
1283,2.42,2.13,0.29,13.54,09:40:13,137.43,300,137.51,200,137.475,300
1285,0.43,0.19,0.24,14.259999999999998,09:40:14,137.52,100,137.55,100,137.55,100
1341,0.44999999999999996,0.21,0.24,38.019999999999996,09:40:38,137.53,300,137.62,200,137.5604,400
1362,0.4,0.2,0.2,45.89999999999998,09:40:45,137.56,200,137.66,100,137.6038,170
1391,0.49,0.22,0.27,58.19999999999999,09:40:58,137.58,300,137.68,200,137.635,100
1396,0.29000000000000004,0.09,0.2,0.0,09:41:00,137.58,300,137.68,200,137.63,100
1410,0.4,0.2,0.2,5.800000000000001,09:41:05,137.59,100,137.68,200,137.6395,500
1557,1.23,0.99,0.24,8.6,09:42:08,137.71,100,137.8,200,137.7165,150
1586,0.48,0.19,0.29,25.869999999999994,09:42:25,137.72,100,137.8,200,137.755,100
1700,0.31,0.1,0.21,17.930000000000003,09:43:17,137.62,100,137.7,100,137.6431,100
1951,0.39,0.2,0.19,60.08000000000001,09:45:00,137.69,100,137.74,300,137.72299999999998,1000
1956,0.43000000000000005,0.09,0.34,0.0,09:45:00,137.67,100,137.74,300,137.715,200
2052,0.39,0.15,0.24,46.16000000000001,09:45:46,137.78,300,137.83,100,137.795,530
2118,2.44,2.1,0.34,21.35,09:46:21,137.72,100,137.77,100,137.745,500
2228,0.44,0.23,0.21,0.0,09:47:00,137.51,100,137.57,100,137.54,100
2353,0.37,0.07,0.3,52.039999999999985,09:47:52,137.44,100,137.48,100,137.4799,217
2554,0.4,0.21,0.19,21.66,09:49:21,137.54,200,137.6,200,137.5845,100
2565,0.4,0.08,0.32,25.950000000000003,09:49:25,137.56,100,137.6,100,137.5817,1500
2569,0.66,0.23,0.43,28.150000000000002,09:49:28,137.59,100,137.63,100,137.6077,300
2605,0.43,0.18,0.25,43.9,09:49:43,137.6,100,137.63,200,137.615,100
2638,0.33,0.1,0.23,55.52000000000002,09:49:55,137.57,200,137.63,200,137.6114,200
2670,3.5799999999999996,3.28,0.3,12.760000000000002,09:50:12,137.67,300,137.71,300,137.6753,500
2695,0.28,0.07,0.21,25.92,09:50:25,137.71,200,137.74,200,137.7175,100
2706,0.30000000000000004,0.07,0.23,30.060000000000002,09:50:30,137.7,100,137.74,300,137.7177,100
2791,0.26,0.07,0.19,6.019999999999999,09:51:06,137.51,100,137.55,300,137.5331,100
2821,0.45,0.08,0.37,23.97,09:51:23,137.51,200,137.54,500,137.5355,100
2870,0.29000000000000004,0.07,0.22,41.98999999999999,09:51:41,137.5,200,137.53,300,137.528,100
2985,0.36,0.17,0.19,27.930000000000003,09:52:27,137.53,300,137.56,300,137.5498,500
3014,0.5,0.18,0.32,38.120000000000005,09:52:38,137.5,100,137.55,300,137.525,100
3087,3.0,2.81,0.19,7.33,09:53:07,137.48,200,137.52,100,137.516,100
3106,0.75,0.54,0.21,18.130000000000003,09:53:18,137.46,700,137.5,200,137.464,500
3133,0.29000000000000004,0.09,0.2,27.52000000000001,09:53:27,137.54,300,137.57,100,137.5502,100
3152,0.4,0.23,0.17,33.57,09:53:33,137.58,200,137.61,200,137.5675,100
3384,0.4,0.1,0.3,3.8699999999999997,09:55:03,137.44,300,137.45,400,137.445,100
3448,0.45,0.25,0.2,35.79,09:55:35,137.37,700,137.39,200,137.38,100
3453,0.38,0.08,0.3,37.51,09:55:37,137.34,100,137.36,100,137.35,100
3459,0.33,0.08,0.25,39.86,09:55:39,137.34,100,137.36,300,137.34,100
3464,0.28,0.07,0.21,41.72,09:55:41,137.33,200,137.36,300,137.3331,100
3469,0.52,0.24,0.28,43.720000000000006,09:55:43,137.28,100,137.32,100,137.3,100
3474,0.31,0.08,0.23,45.59000000000001,09:55:45,137.28,100,137.33,100,137.3044,1000
3479,0.27,0.07,0.2,47.58000000000002,09:55:47,137.28,300,137.31,100,137.29,100
3484,0.33,0.07,0.26,49.73000000000002,09:55:49,137.28,300,137.31,100,137.2801,100
3489,0.43000000000000005,0.23,0.2,51.680000000000014,09:55:51,137.25,1400,137.29,100,137.28,100
3494,0.3,0.09,0.21,53.47000000000001,09:55:53,137.23,100,137.27,100,137.25,100
3505,0.48,0.24,0.24,57.990000000000016,09:55:57,137.2,1200,137.25,400,137.21,200
3509,0.5,0.26,0.24,0.0,09:56:00,137.18,100,137.24,200,137.19,398
3513,0.42000000000000004,0.23,0.19,1.9,09:56:01,137.19,100,137.24,400,137.1901,100
3522,0.33,0.07,0.26,5.89,09:56:05,137.12,600,137.18,200,137.13,100
3526,2.38,2.05,0.33,10.07,09:56:10,137.13,300,137.17,200,137.15,100
3529,0.52,0.2,0.32,12.39,09:56:12,137.11,100,137.14,100,137.1211,180
3533,0.45,0.23,0.22,13.96,09:56:13,137.1,400,137.12,400,137.1,100
3538,1.61,1.37,0.24,16.790000000000003,09:56:16,137.09,100,137.12,500,137.0901,100
3540,1.38,1.03,0.35,18.560000000000002,09:56:18,137.07,100,137.12,500,137.09,100
3543,0.91,0.66,0.25,20.380000000000003,09:56:20,137.07,100,137.12,600,137.08,100
3548,0.27,0.07,0.2,21.87,09:56:21,137.03,200,137.07,300,137.05,100
3554,0.52,0.22,0.3,24.080000000000002,09:56:24,137.02,100,137.07,400,137.03,100
3563,0.33,0.07,0.26,28.089999999999996,09:56:28,137.01,300,137.07,400,137.02,153
3570,0.43,0.13,0.3,31.179999999999996,09:56:31,137.04,200,137.06,200,137.06,100
3581,0.48000000000000004,0.2,0.28,36.22999999999999,09:56:36,136.95,100,137.0,800,136.95,100
3586,0.36,0.09,0.27,38.03999999999999,09:56:38,136.92,100,136.99,200,136.92,1000
3592,0.36,0.19,0.17,39.999999999999986,09:56:39,136.88,100,136.96,500,136.89,100
3597,0.38,0.19,0.19,41.92999999999999,09:56:41,136.89,100,136.96,500,136.94,100
3610,0.25,0.08,0.17,45.88999999999999,09:56:45,136.84,200,136.92,200,136.84,500
3616,0.4,0.22,0.18,47.97,09:56:47,136.84,100,136.92,400,136.8401,400
3628,0.32,0.07,0.25,51.93999999999999,09:56:51,136.84,200,136.91,300,136.88,100
3632,0.35,0.15,0.2,53.37999999999999,09:56:53,136.84,200,136.91,300,136.875,100
3646,0.33999999999999997,0.13,0.21,57.86000000000001,09:56:57,136.86,100,136.92,400,136.85,200
3674,0.26,0.07,0.19,15.01,09:57:15,137.12,100,137.16,200,137.115,100
3679,3.34,3.09,0.25,20.67,09:57:20,137.09,100,137.16,300,137.1173,200
3693,0.29000000000000004,0.07,0.22,25.860000000000003,09:57:25,137.07,300,137.13,100,137.1034,400
3700,0.33,0.14,0.19,27.92,09:57:27,137.07,200,137.12,200,137.07,1200
3703,0.25,0.09,0.16,28.790000000000003,09:57:28,137.07,200,137.12,200,137.089,300
3707,0.29,0.08,0.21,29.81,09:57:29,137.1,200,137.13,200,137.1299,100
3729,0.25,0.07,0.18,38.08000000000001,09:57:38,137.1,300,137.13,200,137.12,100
3735,0.42000000000000004,0.23,0.19,40.230000000000004,09:57:40,137.1,300,137.13,200,137.1132,100
3747,0.29000000000000004,0.07,0.22,44.13,09:57:44,137.13,100,137.16,300,137.16,100
3766,0.28,0.08,0.2,50.12,09:57:50,137.16,200,137.23,100,137.18,100
3778,0.26,0.07,0.19,54.03,09:57:54,137.16,300,137.23,100,137.165,100
3807,0.37,0.18,0.19,0.0,09:58:00,137.2,400,137.28,200,137.26,100
3809,0.25,0.07,0.18,3.2199999999999998,09:58:03,137.29,200,137.38,200,137.32,100
3885,0.30000000000000004,0.07,0.23,39.97,09:58:39,137.3,200,137.34,100,137.31,100
3913,0.46,0.18,0.28,50.05000000000001,09:58:50,137.26,100,137.32,300,137.27,100
3918,0.32,0.12,0.2,52.02,09:58:52,137.25,100,137.32,300,137.285,100
3936,0.27,0.08,0.19,0.0,09:59:00,137.22,100,137.3,400,137.23,100
3943,0.39,0.21,0.18,4.31,09:59:04,137.15,300,137.22,200,137.215,300
3990,0.25,0.07,0.18,24.020000000000003,09:59:24,137.0,200,137.14,400,137.0,100
3996,0.24000000000000002,0.07,0.17,26.02,09:59:26,137.0,300,137.13,400,137.01,100
4021,0.25,0.08,0.17,34.14000000000001,09:59:34,137.01,200,137.12,200,137.0598,300
4028,0.4,0.23,0.17,36.250000000000014,09:59:36,137.0,400,137.13,300,137.0572,200
4107,0.32,0.07,0.25,5.690000000000001,10:00:05,137.09,400,137.15,200,137.14,100
4133,0.46,0.18,0.28,21.800000000000004,10:00:21,137.1,100,137.18,500,137.1355,200
4150,0.52,0.23,0.29,29.68,10:00:29,137.0,200,137.09,100,137.005,100
4187,0.71,0.23,0.48,46.559999999999974,10:00:46,137.0,500,137.09,300,137.0507,391
4193,0.6799999999999999,0.2,0.48,49.839999999999975,10:00:49,137.05,100,137.13,100,137.11,100
4196,0.74,0.17,0.57,51.95999999999997,10:00:51,137.04,200,137.12,100,137.04,500
4221,2.69,2.36,0.33,7.699999999999999,10:01:07,137.07,300,137.13,100,137.0966,300
4250,0.29000000000000004,0.07,0.22,21.91,10:01:21,136.96,300,137.03,300,136.96,100
4279,0.45,0.23,0.22,31.890000000000004,10:01:31,137.0,100,137.07,200,136.98,100
4306,0.29000000000000004,0.1,0.19,39.96000000000002,10:01:39,136.99,100,137.07,200,137.0265,100
4337,0.36,0.19,0.17,50.07000000000004,10:01:50,136.98,100,137.07,200,137.035,100
4381,0.76,0.5,0.26,13.519999999999998,10:02:13,136.93,500,137.01,100,136.93,100
4421,0.27,0.07,0.2,26.68999999999999,10:02:26,136.9,300,136.98,100,136.91,100
4462,0.56,0.25,0.31,40.90000000000001,10:02:40,136.93,200,136.99,400,136.951,500
4569,0.28,0.07,0.21,28.06000000000001,10:03:28,137.0,400,137.03,400,137.0169,300
4583,0.23,0.07,0.16,32.11000000000001,10:03:32,136.99,200,137.06,300,136.99,100
4632,0.4,0.21,0.19,47.94,10:03:47,137.0,100,137.04,300,137.0132,500
4673,0.38,0.14,0.24,7.88,10:04:07,137.02,400,137.06,400,137.025,100
4712,0.32,0.08,0.24,25.840000000000003,10:04:25,137.11,400,137.14,300,137.1245,100
4822,2.16,1.81,0.35,21.390000000000004,10:05:21,137.0,300,137.04,500,137.0399,512
4828,0.48,0.23,0.25,23.830000000000005,10:05:23,137.03,100,137.06,500,137.0405,1000
4891,0.39,0.14,0.25,45.87999999999998,10:05:45,136.97,100,136.99,200,136.989,100
4928,0.37,0.19,0.18,0.0,10:06:00,136.91,200,136.95,200,136.9284,300
4935,0.26,0.07,0.19,2.21,10:06:02,136.92,100,136.98,100,136.9338,600
4994,0.45999999999999996,0.22,0.24,34.25999999999999,10:06:34,136.86,100,136.92,200,136.87,100
5010,0.35,0.09,0.26,40.18,10:06:40,136.86,100,136.91,100,136.86,100
5037,0.3,0.09,0.21,49.90000000000002,10:06:49,136.84,200,136.9,100,136.9,300
5063,0.27,0.08,0.19,57.93000000000003,10:06:57,136.82,100,136.86,100,136.8374,130
5069,0.29000000000000004,0.09,0.2,0.0,10:07:00,136.8,200,136.86,100,136.80100000000002,111
5070,0.37,0.18,0.19,0.37,10:07:00,136.74,100,136.83,100,136.77,100
5083,0.45999999999999996,0.25,0.21,4.99,10:07:04,136.74,100,136.81,300,136.741,500
5084,1.94,1.74,0.2,6.93,10:07:06,136.74,100,136.81,300,136.775,100
5085,0.23,0.07,0.16,7.16,10:07:07,136.75,100,136.81,300,136.76,100
5089,0.27,0.09,0.18,8.42,10:07:08,136.75,200,136.81,300,136.75,200
5090,3.37,3.18,0.19,11.79,10:07:11,136.75,200,136.81,300,136.756,1000
5100,0.24000000000000002,0.07,0.17,19.95,10:07:19,136.75,100,136.8,300,136.79,100
5107,0.25,0.08,0.17,21.959999999999997,10:07:21,136.75,200,136.8,300,136.8,100
5125,0.38,0.18,0.2,27.960000000000008,10:07:27,136.76,200,136.81,300,136.81,100
5149,0.45999999999999996,0.24,0.22,37.00000000000001,10:07:37,136.79,100,136.82,200,136.79399999999998,100
5152,0.33999999999999997,0.16,0.18,38.05000000000001,10:07:38,136.81,100,136.85,200,136.82,100
5168,0.37,0.18,0.19,44.03,10:07:44,136.86,300,136.92,300,136.8871,200
5187,0.31,0.12,0.19,49.96000000000002,10:07:49,136.86,400,136.92,200,136.881,200
5201,0.27,0.07,0.2,54.03000000000002,10:07:54,136.83,100,136.91,100,136.83,100
5207,0.31,0.12,0.19,55.910000000000025,10:07:55,136.83,100,136.91,100,136.8641,100
5262,0.30000000000000004,0.13,0.17,17.890000000000004,10:08:17,136.89,200,136.96,300,136.9141,200
5367,0.28,0.07,0.21,55.81999999999999,10:08:55,136.87,100,136.93,300,136.8801,100
5378,4.11,3.81,0.3,0.0,10:09:00,136.88,100,136.93,200,136.905,100
5414,0.26,0.08,0.18,21.700000000000003,10:09:21,136.88,100,136.92,200,136.9056,500
5462,168.17,168.0,0.17,0.0,10:12:00,136.0,100,136.03,500,136.02,200
5463,0.26,0.1,0.16,0.26,10:12:00,136.01,100,136.05,100,136.0138,1800
5471,0.38,0.21,0.17,2.5,10:12:02,135.96,200,136.03,300,136.0,100
5477,0.24000000000000002,0.07,0.17,4.23,10:12:04,135.96,200,136.03,600,135.96,100
5491,0.24000000000000002,0.07,0.17,8.260000000000002,10:12:08,136.01,100,136.06,100,136.035,100
5498,0.33,0.08,0.25,10.53,10:12:10,136.0,100,136.06,300,136.04,100
5503,0.5700000000000001,0.37,0.2,12.43,10:12:12,136.03,100,136.08,200,136.0508,216
5508,0.28,0.07,0.21,14.27,10:12:14,136.04,200,136.08,300,136.06,100
5513,0.44,0.19,0.25,16.490000000000002,10:12:16,136.04,200,136.08,300,136.0591,175
5517,0.36,0.07,0.29,18.320000000000004,10:12:18,136.04,200,136.08,300,136.07,100
5529,0.42,0.18,0.24,22.64000000000001,10:12:22,136.0,100,136.08,500,136.0799,500
5546,0.32,0.12,0.2,0.0,10:13:00,136.0,100,136.06,400,136.03,400
5557,0.35000000000000003,0.07,0.28,4.1499999999999995,10:13:04,135.96,100,136.02,200,135.97,100
5560,2.4,2.01,0.39,9.04,10:13:09,135.92,100,135.99,500,135.93,100
5561,1.9400000000000002,1.6,0.34,10.979999999999999,10:13:10,135.89,100,135.95,100,135.92,100
5562,0.39,0.17,0.22,11.37,10:13:11,135.89,100,135.95,100,135.89,100
5570,0.36,0.09,0.27,14.1,10:13:14,135.9,200,135.96,300,135.9,100
5575,1.53,1.22,0.31,17.02,10:13:17,135.9,200,135.96,600,135.9329,250
5580,0.38,0.18,0.2,22.259999999999994,10:13:22,135.97,200,136.0,300,135.98,100
5586,0.33,0.08,0.25,24.289999999999996,10:13:24,135.93,100,135.99,300,135.94,100
5603,0.28,0.07,0.21,30.24,10:13:30,135.84,100,135.95,100,135.85,100
5608,0.47,0.23,0.24,32.19,10:13:32,135.81,100,135.9,100,135.81,200
5614,0.26,0.07,0.19,34.04999999999999,10:13:34,135.65,400,135.75,500,135.67,200
5619,0.44999999999999996,0.24,0.21,36.269999999999996,10:13:36,135.57,100,135.69,400,135.63,100
5624,0.45999999999999996,0.21,0.25,38.300000000000004,10:13:38,135.54,100,135.62,100,135.57,100
5630,0.28,0.08,0.2,40.19000000000001,10:13:40,135.54,300,135.61,300,135.55,100
5640,0.30000000000000004,0.07,0.23,44.000000000000014,10:13:44,135.57,100,135.64,200,135.6284,300
5641,0.39,0.19,0.2,44.390000000000015,10:13:44,135.57,200,135.64,200,135.58,100
5646,0.42,0.24,0.18,46.360000000000014,10:13:46,135.59,100,135.64,400,135.605,100
5651,0.42000000000000004,0.19,0.23,48.04000000000001,10:13:48,135.58,200,135.64,300,135.59,100
5658,0.37,0.17,0.2,50.00000000000001,10:13:50,135.61,100,135.66,600,135.65,100
5664,0.38,0.21,0.17,52.140000000000015,10:13:52,135.66,200,135.7,300,135.7,156
5670,0.41000000000000003,0.22,0.19,53.98000000000002,10:13:53,135.69,400,135.73,400,135.71,100
5676,0.35,0.19,0.16,56.10000000000002,10:13:56,135.74,100,135.79,300,135.765,100
5683,0.27,0.1,0.17,58.03000000000003,10:13:58,135.76,100,135.88,200,135.82,100
5689,0.26,0.08,0.18,0.0,10:14:00,135.76,200,135.88,200,135.7601,200
5697,0.35,0.18,0.17,2.21,10:14:02,135.78,100,135.88,700,135.8128,200
5703,0.31000000000000005,0.14,0.17,3.9499999999999997,10:14:03,135.79,100,135.88,700,135.8,100
5709,0.34,0.17,0.17,6.19,10:14:06,135.76,100,135.88,700,135.79,100
5717,1.59,1.33,0.26,13.760000000000002,10:14:13,135.84,200,135.89,100,135.88,300
5722,3.47,3.24,0.23,20.97,10:14:20,135.9,200,135.93,100,135.915,100
5731,0.23,0.07,0.16,24.099999999999998,10:14:24,135.91,200,135.96,100,135.91,100
5743,0.4,0.21,0.19,28.109999999999996,10:14:28,135.91,300,135.96,600,135.935,100
5760,0.26,0.09,0.17,34.16,10:14:34,135.91,100,135.96,600,135.925,1721
5765,0.26,0.07,0.19,35.949999999999996,10:14:35,135.98,200,136.0,100,135.99,100
5779,0.38,0.21,0.17,40.00000000000001,10:14:40,135.96,100,136.0,200,135.9826,100
5792,0.37,0.2,0.17,44.110000000000014,10:14:44,135.95,200,136.0,200,135.975,400
5799,0.26,0.09,0.17,46.15000000000001,10:14:46,135.94,300,136.0,200,135.94799999999998,456
5830,0.25,0.07,0.18,56.01000000000001,10:14:56,135.93,100,135.99,200,135.9301,1000
5837,0.30000000000000004,0.07,0.23,58.18000000000001,10:14:58,135.93,100,135.99,200,135.9548,2000
5849,0.49,0.22,0.27,0.0,10:15:00,135.92,400,135.99,200,135.9604,100
5853,0.29000000000000004,0.07,0.22,3.35,10:15:03,135.92,400,135.99,200,135.955,100
5890,0.29,0.08,0.21,25.869999999999997,10:15:25,135.94,100,136.0,100,135.95,125
5919,0.39,0.22,0.17,35.769999999999996,10:15:35,135.96,400,136.0,600,135.9831,100
5952,0.24,0.08,0.16,45.47000000000002,10:15:45,135.97,500,136.0,200,135.985,300
6031,0.27,0.08,0.19,19.970000000000002,10:16:19,135.99,200,136.0,400,135.998,100
6037,0.26,0.07,0.19,22.03,10:16:22,135.99,100,136.0,400,135.995,100
6043,0.4,0.22,0.18,24.049999999999997,10:16:24,135.99,100,136.0,400,135.9999,189
6105,0.25,0.08,0.17,44.01000000000001,10:16:44,135.95,300,135.99,100,135.9584,300
6128,0.25,0.07,0.18,52.060000000000024,10:16:52,135.89,300,135.96,100,135.9008,200
6140,0.26,0.07,0.19,56.05000000000002,10:16:56,135.82,200,135.93,100,135.865,200
6145,0.49,0.23,0.26,0.0,10:17:00,135.82,300,135.93,100,135.8674,500
6158,4.47,4.22,0.25,8.73,10:17:08,135.85,300,135.93,100,135.8764,200
6159,2.81,2.47,0.34,11.540000000000001,10:17:11,135.85,200,135.92,300,135.8833,150
6164,0.32999999999999996,0.12,0.21,14.290000000000001,10:17:14,135.85,200,135.92,200,135.885,400
6171,2.12,1.85,0.27,20.26,10:17:20,135.87,300,135.92,200,135.8967,100
6178,0.49,0.23,0.26,23.000000000000007,10:17:23,135.92,200,135.96,100,135.9599,250
6201,0.39,0.07,0.32,31.990000000000006,10:17:31,135.93,400,135.98,200,135.9482,100
6218,0.31,0.08,0.23,37.940000000000026,10:17:37,135.93,300,135.96,100,135.9505,100
6265,0.44999999999999996,0.09,0.36,56.27000000000004,10:17:56,135.96,200,136.0,2000,135.9789,200
6297,0.8600000000000001,0.55,0.31,18.46,10:18:18,135.97,200,136.0,300,135.9892,500
6302,0.5800000000000001,0.24,0.34,21.839999999999996,10:18:21,135.98,200,136.0,300,135.9866,113
6307,0.41000000000000003,0.2,0.21,23.749999999999993,10:18:23,135.98,300,136.0,600,135.9878,300
6318,52.14,51.78,0.36,0.0,10:19:00,136.1,100,136.11,100,136.11,100
6334,0.3,0.08,0.22,6.3,10:19:06,136.12,200,136.14,100,136.13,100
6352,0.29000000000000004,0.07,0.22,12.509999999999998,10:19:12,136.17,100,136.25,100,136.15,100
6357,0.45,0.22,0.23,14.319999999999999,10:19:14,136.19,100,136.26,100,136.225,100
6368,0.31,0.07,0.24,18.55999999999999,10:19:18,136.23,100,136.28,200,136.26,100
6373,0.38,0.18,0.2,20.409999999999993,10:19:20,136.25,300,136.33,200,136.29,100
6384,0.39,0.17,0.22,24.249999999999996,10:19:24,136.29,200,136.36,500,136.325,100
6394,0.42000000000000004,0.23,0.19,28.37,10:19:28,136.31,200,136.36,500,136.3342,200
6400,0.33,0.07,0.26,30.29,10:19:30,136.31,200,136.36,500,136.335,100
6405,0.48000000000000004,0.28,0.2,32.349999999999994,10:19:32,136.31,200,136.34,100,136.3272,100
6417,0.38,0.17,0.21,36.62,10:19:36,135.97,100,136.09,100,136.32,100
6422,0.46,0.2,0.26,38.32,10:19:38,135.97,100,136.12,100,135.961,6986
6426,0.47,0.26,0.21,0.0,10:20:00,135.97,200,136.12,100,136.0285,140
6437,0.43,0.21,0.22,4.319999999999999,10:20:04,136.14,200,136.27,200,136.27,100
6451,1.02,0.77,0.25,15.030000000000001,10:20:15,136.28,100,136.4,100,136.375,100
6467,0.39,0.12,0.27,22.229999999999997,10:20:22,136.3,400,136.42,800,136.392,250
6478,0.55,0.28,0.27,26.240000000000002,10:20:26,136.31,300,136.42,700,136.42,100
6493,0.36,0.12,0.24,32.07000000000001,10:20:32,136.32,200,136.42,600,136.3551,126
6505,0.35,0.14,0.21,36.360000000000014,10:20:36,136.32,100,136.39,200,136.36,100
6509,0.33,0.13,0.2,37.81000000000002,10:20:37,136.32,100,136.39,200,136.3464,200
6516,0.39,0.19,0.2,40.31000000000002,10:20:40,136.34,300,136.4,100,136.385,100
6521,0.43,0.22,0.21,42.350000000000016,10:20:42,136.36,100,136.4,100,136.4,100
6526,0.31,0.09,0.22,44.17000000000002,10:20:44,136.36,300,136.4,100,136.38,100
6536,34.309999999999995,34.08,0.23,0.0,10:21:00,136.67,300,136.75,200,136.69,100
6547,0.34,0.07,0.27,4.069999999999999,10:21:04,136.69,300,136.75,100,136.7354,170
6559,0.6000000000000001,0.07,0.53,10.14,10:21:10,136.7,200,136.78,200,136.78,100
6573,0.47,0.1,0.37,18.409999999999993,10:21:18,136.75,200,136.86,100,136.7841,100
6590,0.38,0.08,0.3,26.299999999999997,10:21:26,136.76,200,136.86,200,136.8063,500
6615,0.7,0.22,0.48,0.0,10:22:00,136.73,600,136.84,500,136.74,100
6618,0.62,0.23,0.39,1.88,10:22:01,136.73,600,136.84,200,136.7641,150
6626,0.79,0.29,0.5,8.11,10:22:08,136.74,100,136.84,100,136.785,100
6651,0.45,0.18,0.27,23.620000000000005,10:22:23,136.75,400,136.84,200,136.827,250
6661,0.75,0.27,0.48,28.390000000000004,10:22:28,136.75,400,136.83,200,136.7748,140
6667,0.67,0.28,0.39,31.82,10:22:31,136.72,100,136.77,100,136.73,100
6674,0.7,0.24,0.46,36.21000000000001,10:22:36,136.72,200,136.77,100,136.745,100
6681,0.56,0.24,0.32,39.85000000000001,10:22:39,136.48,200,136.65,300,136.65,100
6684,0.38,0.08,0.3,41.45000000000001,10:22:41,136.48,200,136.65,300,136.565,100
6689,0.37,0.09,0.28,43.49,10:22:43,136.48,300,136.65,300,136.5,100
6695,0.32,0.07,0.25,45.66,10:22:45,136.48,300,136.65,200,136.5228,100
6709,0.46,0.2,0.26,51.85,10:22:51,136.48,400,136.65,200,136.57,100
6728,0.77,0.23,0.54,0.0,10:23:00,136.48,300,136.64,100,136.5601,105
6734,2.37,1.92,0.45,6.9,10:23:06,136.49,200,136.64,100,136.5032,120
6735,0.52,0.17,0.35,7.42,10:23:07,136.57,100,136.64,300,136.58,100
6737,4.74,4.41,0.33,12.77,10:23:12,136.56,100,136.62,200,136.5786,225
6742,0.53,0.24,0.29,15.039999999999997,10:23:15,136.61,100,136.67,100,136.66,100
6747,0.48,0.09,0.39,17.37,10:23:17,136.63,200,136.76,100,136.6716,128
6779,0.42,0.12,0.3,29.100000000000005,10:23:29,136.65,100,136.76,100,136.705,100
6789,0.66,0.22,0.44,33.35,10:23:33,136.66,100,136.76,100,136.691,300
6833,0.27,0.07,0.2,48.95000000000002,10:23:48,136.78,100,136.9,200,136.8297,100
6838,0.33,0.1,0.23,50.86000000000002,10:23:50,136.78,100,136.9,200,136.8999,100
6859,1.61,1.32,0.29,9.18,10:24:09,136.7,100,136.83,100,136.7212,3100
6873,0.51,0.24,0.27,18.150000000000002,10:24:18,136.7,300,136.83,100,136.7553,100
6879,0.57,0.21,0.36,22.370000000000005,10:24:22,136.7,300,136.83,100,136.72,100
6888,0.34,0.08,0.26,26.080000000000002,10:24:26,136.7,300,136.82,100,136.7594,100
6896,0.52,0.22,0.3,29.959999999999997,10:24:29,136.71,200,136.81,200,136.7441,100
6900,0.49,0.18,0.31,31.909999999999997,10:24:31,136.71,100,136.8,100,136.71,100
6905,0.5,0.18,0.32,33.91,10:24:33,136.67,200,136.72,100,136.67,200
6930,0.44999999999999996,0.21,0.24,44.010000000000005,10:24:44,136.69,200,136.77,100,136.69799999999998,400
6952,0.38,0.08,0.3,53.920000000000016,10:24:53,136.58,100,136.68,100,136.61,100
6968,0.37,0.07,0.3,0.0,10:25:00,136.59,100,136.67,200,136.6148,250
6975,1.27,1.01,0.26,9.049999999999999,10:25:09,136.59,100,136.67,200,136.6191,100
6978,0.39,0.12,0.27,10.12,10:25:10,136.59,200,136.67,200,136.6,100
6987,0.74,0.27,0.47,16.43,10:25:16,136.59,200,136.67,200,136.591,100
7009,0.37,0.08,0.29,26.35,10:25:26,136.65,100,136.69,100,136.6624,200
7048,0.48,0.12,0.36,44.27999999999999,10:25:44,136.51,700,136.67,100,136.595,100
7053,0.33,0.08,0.25,46.22999999999998,10:25:46,136.59,100,136.67,200,136.63,100
7058,0.43,0.18,0.25,48.369999999999976,10:25:48,136.58,100,136.67,300,136.59,100
7067,0.32,0.07,0.25,52.609999999999964,10:25:52,136.59,100,136.67,200,136.6226,800
7093,0.55,0.23,0.32,13.28,10:26:13,136.54,100,136.61,200,136.54,100
7116,0.32,0.07,0.25,25.850000000000005,10:26:25,136.51,100,136.58,300,136.511,150
7137,0.33,0.08,0.25,33.800000000000004,10:26:33,136.52,100,136.61,100,136.5626,198
7146,0.44,0.07,0.37,37.910000000000004,10:26:37,136.54,200,136.61,100,136.56799999999998,250
7151,0.61,0.19,0.42,40.51,10:26:40,136.54,300,136.61,100,136.5732,200
7188,0.36,0.19,0.17,0.91,10:27:00,136.68,200,136.75,400,136.715,100
7217,0.4,0.16,0.24,11.020000000000003,10:27:11,136.67,200,136.72,100,136.68,100
7233,0.45,0.23,0.22,17.25,10:27:17,136.59,100,136.7,200,136.64,100
7252,0.4,0.18,0.22,24.950000000000003,10:27:24,136.59,300,136.7,200,136.601,300
7291,0.38,0.21,0.17,17.95,10:28:17,136.61,300,136.67,200,136.62,200
7318,0.31,0.12,0.19,27.779999999999998,10:28:27,136.61,200,136.66,300,136.635,200
7378,0.4,0.21,0.19,49.050000000000004,10:28:49,136.59,400,136.66,300,136.6246,100
7381,0.38,0.17,0.21,50.10000000000001,10:28:50,136.59,400,136.66,500,136.593,400
7505,0.27,0.07,0.2,37.89000000000001,10:29:37,136.59,300,136.63,300,136.592,1000
7566,0.52,0.19,0.33,58.06000000000003,10:29:58,136.7,400,136.79,400,136.7,100
7575,0.41000000000000003,0.08,0.33,1.81,10:30:01,136.74,100,136.79,200,136.765,200
7767,0.43000000000000005,0.2,0.23,32.400000000000006,10:31:32,136.65,100,136.72,200,136.6501,500
7874,0.38,0.19,0.19,26.790000000000017,10:33:26,136.77,100,136.81,100,136.7888,500
7919,0.34,0.08,0.26,40.85000000000002,10:33:40,136.78,100,136.81,200,136.7932,100
7934,0.37,0.15,0.22,0.0,10:34:00,136.78,200,136.81,300,136.7801,297
7946,0.41000000000000003,0.21,0.2,4.04,10:34:04,136.77,300,136.8,100,136.7817,150
7969,0.38,0.14,0.24,18.069999999999997,10:34:18,136.7,100,136.75,300,136.725,100
8026,0.33,0.07,0.26,42.01,10:34:42,136.63,100,136.72,500,136.702,250
8052,0.31,0.09,0.22,52.25,10:34:52,136.56,100,136.66,300,136.56,100
8063,0.6000000000000001,0.07,0.53,58.17,10:34:58,136.56,200,136.65,200,136.6023,100
8124,0.98,0.22,0.76,38.89,10:35:38,136.57,100,136.61,400,136.5964,150
8140,0.7999999999999999,0.22,0.58,58.679999999999986,10:35:58,136.56,300,136.61,400,136.585,100
8158,0.81,0.49,0.32,14.0,10:36:14,136.6,200,136.65,700,136.6001,150
8167,0.5700000000000001,0.07,0.5,19.97,10:36:19,136.57,200,136.62,300,136.605,500
8210,0.8,0.07,0.73,46.63999999999997,10:36:46,136.55,300,136.6,1000,136.5999,107
8230,0.64,0.2,0.44,0.0,10:37:00,136.53,100,136.54,200,136.535,100
8236,0.6,0.17,0.43,3.97,10:37:03,136.47,100,136.5,300,136.47,100
8237,1.78,1.26,0.52,5.75,10:37:05,136.45,200,136.5,500,136.475,200
8241,0.5700000000000001,0.07,0.5,7.950000000000001,10:37:07,136.44,100,136.5,500,136.45,250
8244,0.6000000000000001,0.2,0.4,9.56,10:37:09,136.44,100,136.5,500,136.44,100
8248,0.59,0.09,0.5,14.950000000000001,10:37:14,136.41,100,136.48,400,136.445,100
8249,0.5800000000000001,0.07,0.51,15.530000000000001,10:37:15,136.4,1100,136.48,400,136.41,100
8266,0.6,0.17,0.43,25.70000000000001,10:37:25,136.4,300,136.46,200,136.39,100
8280,0.75,0.19,0.56,33.69000000000001,10:37:33,136.34,100,136.44,400,136.35,100
8283,0.59,0.08,0.51,35.710000000000015,10:37:35,136.34,100,136.44,400,136.34,100
8299,0.6,0.21,0.39,45.700000000000024,10:37:45,136.28,200,136.36,100,136.31,175
8313,0.63,0.19,0.44,53.73000000000003,10:37:53,136.28,300,136.39,100,136.355,100
8319,0.78,0.07,0.71,58.12000000000004,10:37:58,136.29,500,136.38,100,136.299,200
8338,0.61,0.14,0.47,9.609999999999998,10:38:09,136.34,200,136.4,300,136.37,115
8360,0.59,0.09,0.5,27.979999999999997,10:38:27,136.3,100,136.39,600,136.309,200
8363,0.59,0.09,0.5,29.959999999999997,10:38:29,136.3,100,136.39,600,136.345,400
8388,0.44,0.08,0.36,43.81999999999999,10:38:43,136.28,200,136.34,300,136.28,100
8401,0.62,0.18,0.44,52.01,10:38:52,136.25,300,136.3,300,136.25,300
8404,0.7899999999999999,0.08,0.71,54.169999999999995,10:38:54,136.26,200,136.33,200,136.3,100
8406,0.66,0.16,0.5,55.81999999999999,10:38:55,136.26,300,136.32,100,136.261,100
8413,0.9299999999999999,0.07,0.86,0.0,10:39:00,136.26,300,136.31,100,136.266,300
8416,0.83,0.13,0.7,2.47,10:39:02,136.26,300,136.31,100,136.3075,100
8419,1.44,0.86,0.58,6.640000000000001,10:39:06,136.27,200,136.31,200,136.275,200
8444,0.94,0.24,0.7,28.55,10:39:28,136.22,300,136.28,200,136.226,100
8464,0.6300000000000001,0.07,0.56,42.190000000000005,10:39:42,136.29,100,136.36,200,136.291,100
8477,0.78,0.18,0.6,51.76000000000001,10:39:51,136.2,300,136.28,100,136.24,100
8480,0.78,0.15,0.63,53.960000000000015,10:39:53,136.2,200,136.28,100,136.2,100
8485,0.64,0.14,0.5,0.0,10:40:00,136.2,100,136.28,200,136.2248,100
8490,0.81,0.14,0.67,4.01,10:40:04,136.16,100,136.25,100,136.17,500
8495,1.0,0.18,0.82,8.329999999999998,10:40:08,136.17,200,136.24,200,136.22,100
8496,0.86,0.22,0.64,9.189999999999998,10:40:09,136.17,200,136.24,200,136.23,100
8497,4.56,3.8,0.76,13.749999999999996,10:40:13,136.17,200,136.24,200,136.205,100
8511,0.7999999999999999,0.08,0.72,26.349999999999998,10:40:26,136.3,300,136.34,200,136.3176,100
8551,0.57,0.08,0.49,51.88000000000003,10:40:51,136.2,100,136.3,100,136.21,100
8554,0.77,0.38,0.39,53.680000000000035,10:40:53,136.19,100,136.28,200,136.19,100
8565,0.75,0.32,0.43,0.0,10:41:00,136.16,200,136.22,100,136.18,100
8575,0.77,0.27,0.5,6.379999999999999,10:41:06,136.16,100,136.22,200,136.16,100
8580,2.0,1.43,0.57,10.819999999999999,10:41:10,136.16,100,136.22,200,136.1601,200
8632,0.6,0.08,0.52,46.0,10:41:46,136.12,200,136.18,200,136.1438,100
8637,0.5700000000000001,0.07,0.5,48.79,10:41:48,136.11,100,136.18,200,136.12,100
8641,0.5900000000000001,0.07,0.52,50.99,10:41:50,136.1,100,136.17,200,136.1,100
8650,0.62,0.21,0.41,56.050000000000004,10:41:56,136.09,100,136.17,100,136.14,392
8653,0.44,0.07,0.37,57.660000000000004,10:41:57,136.09,100,136.16,100,136.1286,100
8671,0.43999999999999995,0.09,0.35,7.82,10:42:07,136.12,300,136.18,200,136.151,120
8678,0.62,0.27,0.35,12.03,10:42:12,136.14,100,136.2,200,136.14600000000002,200
8712,0.46,0.08,0.38,37.910000000000004,10:42:37,136.19,100,136.22,100,136.195,100
8777,0.65,0.13,0.52,21.63,10:43:21,136.23,100,136.28,100,136.255,200
8812,0.64,0.14,0.5,46.02000000000002,10:43:46,136.27,100,136.29,100,136.305,100
8860,0.59,0.08,0.51,20.019999999999996,10:44:20,136.27,100,136.31,200,136.2849,100
8898,0.61,0.25,0.36,43.62000000000002,10:44:43,136.3,200,136.33,400,136.33,100
8927,0.6499999999999999,0.24,0.41,0.0,10:45:00,136.44,300,136.5,500,136.46,100
8933,0.44,0.08,0.36,3.4,10:45:03,136.45,100,136.5,500,136.48,100
8941,0.5700000000000001,0.07,0.5,11.559999999999999,10:45:11,136.45,200,136.5,500,136.49,100
8996,0.58,0.08,0.5,49.559999999999995,10:45:49,136.57,100,136.62,100,136.58700000000002,600
9034,0.5900000000000001,0.26,0.33,12.02,10:46:12,136.57,200,136.62,500,136.5984,3000
9083,0.7799999999999999,0.09,0.69,44.42,10:46:44,136.62,100,136.68,300,136.6384,1000
9095,0.61,0.21,0.4,51.84000000000002,10:46:51,136.64,200,136.68,300,136.665,325
9117,1.5699999999999998,1.0,0.57,17.189999999999998,10:47:17,136.63,100,136.67,100,136.66899999999998,300
9154,0.61,0.21,0.4,38.22999999999998,10:47:38,136.68,200,136.72,200,136.6918,200
9221,0.43,0.07,0.36,27.47,10:48:27,136.7,100,136.74,100,136.7062,200
9271,0.57,0.09,0.48,55.599999999999994,10:48:55,136.68,100,136.72,200,136.7176,1000
9285,0.45,0.13,0.32,4.08,10:49:04,136.64,100,136.69,100,136.655,100
9312,0.43,0.07,0.36,22.270000000000007,10:49:22,136.45,100,136.58,300,136.53,100
9332,0.7699999999999999,0.08,0.69,34.210000000000015,10:49:34,136.48,100,136.54,300,136.5044,388
9350,0.62,0.17,0.45,46.88000000000001,10:49:46,136.4,100,136.48,800,136.43,200
9360,0.6,0.13,0.47,54.240000000000016,10:49:54,136.3,200,136.43,400,136.313,100
9371,0.83,0.21,0.62,2.44,10:50:02,136.32,200,136.42,100,136.322,200
9391,0.6000000000000001,0.2,0.4,21.800000000000004,10:50:21,136.17,200,136.24,500,136.1845,1000
9430,0.5800000000000001,0.26,0.32,43.750000000000014,10:50:43,136.2,100,136.24,200,136.2314,143
9494,0.77,0.21,0.56,30.360000000000007,10:51:30,136.02,100,136.13,600,136.05,200
9500,0.59,0.22,0.37,33.98000000000001,10:51:33,136.0,1200,136.08,400,136.01,100
9529,0.6000000000000001,0.07,0.53,52.36000000000003,10:51:52,135.97,500,136.01,200,135.9836,250
9545,0.45,0.07,0.38,2.39,10:52:02,135.97,100,136.02,300,136.011,500
9567,0.6200000000000001,0.07,0.55,24.570000000000007,10:52:24,136.06,100,136.09,100,136.09,100
9582,0.75,0.26,0.49,34.350000000000016,10:52:34,136.07,100,136.09,200,136.072,100
9590,0.79,0.2,0.59,40.15000000000001,10:52:40,136.06,200,136.09,100,136.063,200
9599,0.8099999999999999,0.21,0.6,46.350000000000016,10:52:46,136.07,2300,136.09,100,136.08,100
9635,0.62,0.2,0.42,7.829999999999999,10:53:07,136.06,100,136.08,100,136.065,100
9668,0.61,0.2,0.41,32.019999999999996,10:53:32,136.05,200,136.07,200,136.0567,200
9756,118.97,118.36,0.61,0.0,10:56:00,135.85,100,135.89,300,135.8687,300
9757,0.5900000000000001,0.07,0.52,0.5900000000000001,10:56:00,135.85,300,135.89,300,135.87,100
9766,0.46,0.07,0.39,6.6899999999999995,10:56:06,135.85,300,135.89,300,135.8694,100
9819,0.53,0.21,0.32,0.0,10:57:00,135.85,200,135.89,100,135.86,100
9820,5.77,5.27,0.5,5.77,10:57:05,135.82,300,135.9,200,135.84,100
9828,0.59,0.16,0.43,11.159999999999998,10:57:11,135.82,200,135.9,500,135.8695,1000
9832,0.43,0.08,0.35,15.799999999999997,10:57:15,135.82,300,135.9,500,135.8712,1000
9836,0.6,0.24,0.36,17.979999999999997,10:57:17,135.82,400,135.9,500,135.8552,250
9847,0.5599999999999999,0.08,0.48,24.16,10:57:24,135.82,300,135.9,500,135.83,100
9886,0.5700000000000001,0.07,0.5,46.12000000000002,10:57:46,135.84,100,135.9,300,135.852,100
9900,0.46,0.08,0.38,0.0,10:58:00,135.75,200,135.81,300,135.76,100
9904,0.66,0.2,0.46,2.62,10:58:02,135.72,100,135.76,100,135.75,200
9907,0.62,0.27,0.35,4.41,10:58:04,135.71,100,135.74,100,135.725,100
9910,0.62,0.23,0.39,6.21,10:58:06,135.7,400,135.73,100,135.72,100
9912,2.98,2.53,0.45,9.78,10:58:09,135.71,200,135.74,200,135.73,100
9921,1.3900000000000001,0.79,0.6,16.569999999999997,10:58:16,135.75,600,135.8,300,135.77,800
9936,0.61,0.18,0.43,27.4,10:58:27,135.73,200,135.79,200,135.74,100
9952,0.5800000000000001,0.2,0.38,36.0,10:58:36,135.73,200,135.78,100,135.755,100
9966,0.6,0.25,0.35,44.010000000000005,10:58:44,135.76,100,135.8,300,135.78,100
9975,0.5800000000000001,0.07,0.51,49.78000000000001,10:58:49,135.79,200,135.83,100,135.8174,400
10019,1.78,1.35,0.43,21.580000000000002,10:59:21,135.9,100,135.94,800,135.9219,200
10020,0.6100000000000001,0.28,0.33,22.19,10:59:22,135.9,100,135.94,800,135.9175,100
10031,0.5800000000000001,0.18,0.4,28.38000000000001,10:59:28,135.9,100,135.94,800,135.901,200
10034,0.5900000000000001,0.27,0.32,29.980000000000008,10:59:29,135.86,200,135.91,100,135.882,300
10159,0.5800000000000001,0.18,0.4,46.39000000000001,11:00:46,136.1,100,136.14,500,136.1356,300
10172,0.61,0.21,0.4,0.61,11:01:00,136.03,100,136.11,100,136.03799999999998,1000
10195,0.44,0.11,0.33,26.020000000000003,11:01:26,136.0,200,136.04,100,136.07399999999998,100
10221,0.5700000000000001,0.07,0.5,40.18000000000001,11:01:40,136.1,100,136.13,100,136.115,100
10228,0.61,0.2,0.41,43.99,11:01:43,136.1,200,136.13,500,136.1099,100
10290,0.6399999999999999,0.07,0.57,24.14,11:04:24,136.12,600,136.21,800,136.165,200
10359,0.56,0.22,0.34,27.77000000000001,11:05:27,136.21,200,136.26,600,136.235,100
10452,0.6,0.25,0.35,30.190000000000005,11:06:30,136.14,300,136.18,200,136.185,250
10473,0.44,0.13,0.31,41.779999999999994,11:06:41,136.14,100,136.19,200,136.1626,150
10531,2.38,1.79,0.59,21.98,11:07:21,136.2,200,136.25,400,136.2163,5000
10612,0.61,0.18,0.43,0.0,11:08:00,136.24,300,136.27,300,136.254,100
10649,1.37,0.82,0.55,30.250000000000007,11:08:30,136.21,500,136.26,200,136.2352,200
10656,0.64,0.18,0.46,35.28,11:08:35,136.21,500,136.26,200,136.259,1000
10682,0.6,0.09,0.51,51.490000000000016,11:08:51,136.21,600,136.26,200,136.2201,107
10748,0.56,0.06,0.5,33.80000000000001,11:09:33,136.21,900,136.26,500,136.2438,250
10901,0.5700000000000001,0.13,0.44,21.959999999999997,11:11:21,136.23,300,136.26,300,136.245,100
10984,2.54,2.04,0.5,21.56,11:12:21,136.39,300,136.44,100,136.415,100
11035,0.62,0.13,0.49,56.010000000000005,11:12:56,136.47,400,136.5,3400,136.4808,500
11050,0.62,0.08,0.54,2.0100000000000002,11:13:02,136.56,300,136.6,100,136.5831,100
11070,0.78,0.07,0.71,19.820000000000004,11:13:19,136.63,800,136.67,300,136.6434,800
11122,0.61,0.2,0.41,53.59000000000002,11:13:53,136.67,1000,136.7,100,136.6752,150
11158,0.44,0.08,0.36,25.41,11:14:25,136.69,200,136.73,600,136.7164,146
11312,0.6,0.17,0.43,49.59000000000001,11:17:49,136.88,500,136.91,100,136.9099,200
11319,0.62,0.19,0.43,53.400000000000006,11:17:53,136.88,500,136.91,100,136.9097,100
11340,2.6199999999999997,2.32,0.3,10.790000000000001,11:18:10,136.91,300,136.94,100,136.9145,300
11368,0.6,0.12,0.48,33.17000000000001,11:18:33,136.93,100,136.97,100,136.94899999999998,100
11391,0.62,0.08,0.54,48.55000000000001,11:18:48,136.9,300,136.93,100,136.9207,405
11397,0.6,0.13,0.47,52.320000000000014,11:18:52,136.9,300,136.93,200,136.9198,150
11446,0.6300000000000001,0.07,0.56,29.86,11:19:29,136.93,600,136.95,200,136.9409,100
11530,0.77,0.07,0.7,31.919999999999998,11:20:31,136.95,200,136.98,200,136.97,100
11606,0.8,0.24,0.56,29.980000000000008,11:21:29,136.93,300,136.97,300,136.9448,500
11674,0.59,0.09,0.5,22.179999999999996,11:22:22,136.93,800,136.96,200,136.9437,100
11785,0.59,0.22,0.37,38.21000000000001,11:23:38,136.65,300,136.69,200,136.6633,200
11791,0.6000000000000001,0.28,0.32,42.210000000000015,11:23:42,136.65,300,136.69,200,136.6772,300
11834,5.41,4.9,0.51,14.19,11:24:14,136.67,100,136.7,200,136.6802,175
11859,0.59,0.08,0.51,34.02000000000001,11:24:34,136.69,200,136.7,100,136.695,100
11994,0.65,0.21,0.44,12.069999999999999,11:26:12,136.79,100,136.83,800,136.795,100
12035,30.98,30.48,0.5,0.0,11:27:00,136.76,200,136.79,200,136.7718,2000
12059,0.73,0.08,0.65,1.34,11:28:01,136.53,200,136.55,300,136.52,100
12063,0.74,0.07,0.67,0.0,11:29:00,136.54,300,136.56,300,136.55,100
12074,0.61,0.3,0.31,8.06,11:29:08,136.55,400,136.56,300,136.5551,100
12084,0.5800000000000001,0.12,0.46,15.829999999999998,11:29:15,136.5,900,136.51,100,136.51,100
12087,0.5800000000000001,0.07,0.51,17.64,11:29:17,136.5,900,136.51,100,136.5034,120
12113,0.6499999999999999,0.18,0.47,41.83,11:29:41,136.62,300,136.67,800,136.6589,425
12123,0.62,0.12,0.5,48.4,11:29:48,136.63,300,136.67,800,136.653,150
12162,0.61,0.22,0.39,37.25999999999999,11:30:37,136.9,300,136.93,200,136.9132,109
12191,0.74,0.08,0.66,56.989999999999995,11:30:56,136.79,100,136.82,400,136.8125,200
12230,0.58,0.08,0.5,33.56999999999999,11:31:33,136.85,100,136.88,200,136.851,100
12241,0.5900000000000001,0.07,0.52,39.809999999999995,11:31:39,136.91,600,136.95,200,136.9101,100
12298,2.3899999999999997,1.91,0.48,16.79,11:32:16,136.9,600,136.93,200,136.915,100
12307,0.43,0.12,0.31,21.83,11:32:21,136.9,600,136.93,200,136.9129,200
12341,0.61,0.19,0.42,42.019999999999996,11:32:42,136.94,400,136.97,100,136.9649,100
12359,0.6,0.18,0.42,52.029999999999994,11:32:52,136.97,600,137.0,300,136.9898,150
12477,2.15,1.64,0.51,7.17,11:34:07,136.87,200,136.9,200,136.8997,200
12538,0.63,0.21,0.42,51.980000000000004,11:34:51,136.91,100,136.96,100,136.9526,150
12605,0.83,0.21,0.62,21.8,11:36:21,136.92,200,136.96,300,136.9233,100
12712,0.61,0.2,0.41,4.0200000000000005,11:38:04,136.7,1100,136.74,400,136.7226,150
12822,0.6200000000000001,0.07,0.55,28.03,11:41:28,136.51,100,136.56,300,136.52100000000002,100
12828,0.62,0.12,0.5,32.02,11:41:32,136.51,200,136.56,300,136.5382,100
12897,0.26,0.08,0.18,0.0,11:42:00,136.49,100,136.57,200,136.5274,150
13131,0.47,0.17,0.3,42.300000000000026,11:43:42,136.47,200,136.51,100,136.4976,150
13142,84.78,84.59,0.19,0.0,11:45:00,136.67,600,136.72,300,136.685,100
13272,0.41000000000000003,0.23,0.18,41.089999999999996,11:45:41,136.68,100,136.71,400,136.694,200
13322,0.29000000000000004,0.07,0.22,26.2,11:46:26,136.52,400,136.56,200,136.5366,280
13399,0.47000000000000003,0.27,0.2,52.45000000000001,11:46:52,136.55,500,136.59,200,136.58100000000002,100
13480,0.29000000000000004,0.07,0.22,25.98999999999999,11:47:25,136.49,100,136.53,100,136.4945,3173
13820,0.37,0.17,0.2,35.95999999999999,11:49:35,136.59,400,136.64,100,136.6055,200
13864,0.27,0.07,0.2,50.02999999999999,11:49:50,136.59,400,136.64,200,136.615,100
13875,0.35,0.16,0.19,53.90999999999999,11:49:53,136.59,400,136.64,200,136.6067,374
13902,2.61,2.31,0.3,0.0,11:50:00,136.61,300,136.64,200,136.625,100
13970,0.33,0.17,0.16,28.11,11:50:28,136.64,500,136.7,200,136.7099,250
14014,0.28,0.11,0.17,42.0,11:50:42,136.64,800,136.71,400,136.675,100
14146,0.27,0.08,0.19,34.15000000000001,11:51:34,136.73,200,136.77,400,136.731,125
14338,0.37,0.19,0.18,46.850000000000016,11:52:46,136.71,200,136.74,500,136.7269,100
14453,0.55,0.29,0.26,44.23000000000002,11:53:44,136.68,200,136.71,500,136.6961,100
14531,0.33999999999999997,0.15,0.19,16.589999999999996,11:54:16,136.69,200,136.71,300,136.6922,172
14580,0.38,0.2,0.18,32.49000000000001,11:54:32,136.69,200,136.71,300,136.704,1000
14743,0.33,0.08,0.25,42.28000000000001,11:55:42,136.66,100,136.69,300,136.6732,145
14895,0.37,0.2,0.17,40.120000000000026,11:56:40,136.68,200,136.7,2000,136.6938,249
14967,1.0,0.77,0.23,0.0,11:57:00,136.69,200,136.73,400,136.6901,1000
14997,0.36,0.17,0.19,17.22,11:57:17,136.69,100,136.73,500,136.6991,100
15061,0.26,0.07,0.19,39.43,11:57:39,136.68,200,136.72,200,136.681,100
15131,0.37,0.2,0.17,5.3500000000000005,11:58:05,136.68,400,136.73,500,136.70600000000002,250
15161,0.37,0.2,0.17,16.45,11:58:16,136.68,400,136.73,500,136.6906,740
15210,0.29,0.08,0.21,30.449999999999996,11:58:30,136.7,100,136.73,500,136.6811,1000
15600,0.35,0.18,0.17,13.289999999999997,12:01:13,136.77,200,136.8,300,136.7701,175
15605,0.26,0.07,0.19,14.949999999999998,12:01:14,136.77,400,136.8,200,136.7951,136
15747,1.7200000000000002,1.35,0.37,0.0,12:02:00,136.78,200,136.8,300,136.7883,100
15891,0.39,0.22,0.17,5.07,12:03:05,136.75,200,136.79,300,136.7899,180
15909,1.04,0.87,0.17,14.709999999999997,12:03:14,136.78,100,136.82,500,136.8199,1379
15922,0.28,0.09,0.19,22.21,12:03:22,136.78,100,136.82,300,136.8064,150
16145,0.37,0.17,0.2,32.92999999999999,12:04:32,136.8,200,136.82,300,136.8136,1000
16185,0.37,0.2,0.17,0.0,12:05:00,136.8,300,136.82,200,136.8001,100
16362,3.7199999999999998,3.4,0.32,15.170000000000005,12:06:15,136.73,100,136.75,400,136.7366,143
16364,1.23,0.92,0.31,16.780000000000005,12:06:16,136.73,100,136.75,400,136.7388,300
16370,0.33999999999999997,0.18,0.16,19.990000000000006,12:06:19,136.71,200,136.75,400,136.7368,184
16390,0.24000000000000002,0.07,0.17,25.979999999999997,12:06:25,136.71,100,136.74,400,136.7268,200
16673,0.32,0.14,0.18,19.919999999999998,12:08:19,136.33,200,136.42,700,136.382,110
16817,1.47,1.24,0.23,13.83,12:09:13,136.11,100,136.2,400,136.119,100
16848,0.27,0.09,0.18,25.650000000000006,12:09:25,136.1,100,136.19,200,136.134,130
16927,0.24000000000000002,0.07,0.17,49.690000000000005,12:09:49,136.07,700,136.15,500,136.1051,150
16976,2.94,2.63,0.31,13.06,12:10:13,136.08,300,136.13,700,136.085,120
17029,0.31,0.07,0.24,32.07999999999999,12:10:32,136.04,200,136.11,600,136.075,300
17205,0.24000000000000002,0.07,0.17,31.849999999999998,12:11:31,136.21,100,136.29,400,136.2431,140
17324,0.30000000000000004,0.13,0.17,13.89,12:12:13,136.27,300,136.3,400,136.2999,100
17360,0.32,0.12,0.2,29.950000000000003,12:12:29,136.28,200,136.3,400,136.2886,100
17372,0.25,0.07,0.18,33.79000000000001,12:12:33,136.3,200,136.32,200,136.315,100
17506,0.42000000000000004,0.26,0.16,32.04,12:13:32,136.16,400,136.19,400,136.175,100
17635,0.31,0.13,0.18,17.779999999999998,12:14:17,136.3,200,136.32,200,136.3178,1000
17688,0.49,0.19,0.3,36.400000000000006,12:14:36,136.27,200,136.32,300,136.295,100
17701,0.52,0.21,0.31,42.240000000000016,12:14:42,136.27,100,136.3,300,136.285,100
17764,0.39,0.2,0.19,11.8,12:15:11,136.34,300,136.38,300,136.3649,300
17767,0.42000000000000004,0.2,0.22,12.92,12:15:12,136.35,100,136.38,300,136.3675,1300
17777,1.45,1.17,0.28,20.18,12:15:20,136.38,100,136.41,300,136.3899,200
17916,1.17,0.87,0.3,0.0,12:16:00,136.29,300,136.33,300,136.326,100
17931,0.38,0.17,0.21,6.02,12:16:06,136.29,500,136.33,300,136.3114,272
17957,0.58,0.23,0.35,19.230000000000004,12:16:19,136.31,500,136.34,300,136.3208,500
17985,0.26,0.07,0.19,29.19000000000002,12:16:29,136.31,400,136.33,200,136.32399999999998,600
18064,0.23,0.07,0.16,1.9800000000000002,12:17:01,136.28,100,136.32,400,136.3014,150
18100,0.32,0.16,0.16,22.01,12:17:22,136.27,100,136.31,400,136.2976,300
18256,0.25,0.09,0.16,19.86,12:18:19,136.31,100,136.33,300,136.3207,300
18325,0.24000000000000002,0.07,0.17,39.96999999999998,12:18:39,136.34,100,136.36,300,136.3476,100
18338,0.33999999999999997,0.18,0.16,44.00999999999998,12:18:44,136.34,100,136.36,300,136.3567,430
18547,0.33,0.16,0.17,0.0,12:20:00,136.23,100,136.27,500,136.2531,2300
18587,1.26,1.04,0.22,21.909999999999993,12:20:21,136.25,100,136.3,700,136.27200000000002,300
18683,0.49,0.18,0.31,54.13999999999999,12:20:54,136.27,400,136.34,200,136.3026,200
18739,2.81,2.49,0.32,19.41,12:21:19,136.34,400,136.37,100,136.3699,200
18886,3.2800000000000002,3.1,0.18,0.0,12:22:00,136.4,200,136.42,400,136.406,1000
18978,0.27,0.07,0.2,31.45000000000001,12:22:31,136.5,200,136.58,300,136.5136,200
18983,0.28,0.09,0.19,33.55000000000001,12:22:33,136.5,200,136.58,300,136.532,232
19001,0.31,0.13,0.18,39.40000000000002,12:22:39,136.5,300,136.58,400,136.5254,140
19252,0.35,0.14,0.21,9.389999999999999,12:24:09,136.37,800,136.46,600,136.422,400
19458,1.44,1.15,0.29,18.779999999999998,12:26:18,136.45,100,136.48,300,136.465,100
19740,0.35,0.18,0.17,0.0,12:28:00,136.28,200,136.34,400,136.3199,180
20047,0.44999999999999996,0.21,0.24,2.19,12:30:02,136.32,100,136.33,400,136.3215,135
20051,0.4,0.18,0.22,3.9000000000000004,12:30:03,136.32,100,136.33,400,136.3201,100
20105,0.27,0.07,0.2,29.75,12:30:29,136.31,400,136.34,200,136.311,100
20147,0.37,0.17,0.2,43.900000000000006,12:30:43,136.3,200,136.32,400,136.3001,100
20512,2.8000000000000003,2.49,0.31,4.260000000000001,12:33:04,136.25,800,136.27,400,136.2699,700
20671,0.46,0.27,0.19,13.66,12:34:13,136.23,200,136.27,500,136.2331,100
20716,0.37,0.21,0.16,31.629999999999995,12:34:31,136.22,200,136.25,500,136.2499,1000
20763,0.42,0.24,0.18,46.01,12:34:46,136.23,100,136.25,200,136.246,100
20854,0.39,0.21,0.18,16.14,12:35:16,136.17,300,136.21,400,136.184,100
20860,0.33,0.16,0.17,17.969999999999995,12:35:17,136.17,300,136.21,500,136.1876,115
20978,0.39,0.22,0.17,3.97,12:36:03,136.18,200,136.2,700,136.181,500
20980,2.79,2.51,0.28,6.99,12:36:06,136.18,100,136.2,700,136.1831,125
20982,2.38,2.02,0.36,9.82,12:36:09,136.21,200,136.23,400,136.2188,100
21103,0.34,0.17,0.17,47.49,12:36:47,136.15,300,136.21,500,136.1878,433
21114,0.34,0.17,0.17,0.0,12:37:00,136.14,300,136.21,600,136.1706,100
21632,0.33,0.08,0.25,50.16,12:40:50,136.15,100,136.19,900,136.1628,100
21648,0.36,0.18,0.18,2.5500000000000003,12:41:02,136.14,400,136.19,900,136.173,100
21680,0.26,0.07,0.19,24.270000000000003,12:41:24,136.11,200,136.19,500,136.1381,160
21830,0.24000000000000002,0.07,0.17,14.580000000000004,12:44:14,136.05,1100,136.08,700,136.0501,300
22027,0.87,0.6,0.27,0.0,12:46:00,136.19,100,136.23,400,136.2024,300
22029,3.1500000000000004,2.89,0.26,3.5400000000000005,12:46:03,136.19,200,136.23,400,136.2167,300
22473,0.31000000000000005,0.14,0.17,41.90999999999999,12:48:41,136.23,300,136.25,700,136.2447,100
22502,0.29,0.08,0.21,15.470000000000002,12:49:15,136.21,100,136.24,600,136.2286,100
22608,0.46,0.23,0.23,57.79999999999998,12:49:57,136.27,900,136.29,300,136.2834,150
22620,0.29,0.08,0.21,2.15,12:50:02,136.34,400,136.37,200,136.343,1200
22658,0.44999999999999996,0.24,0.21,26.090000000000003,12:50:26,136.35,100,136.37,200,136.3527,178
22780,0.38,0.2,0.18,1.94,12:51:01,136.35,200,136.37,400,136.3576,2000
23316,0.28,0.07,0.21,33.900000000000006,12:54:33,136.06,100,136.11,100,136.0732,100
23430,0.29000000000000004,0.07,0.22,25.669999999999998,12:55:25,136.11,100,136.14,200,136.1232,100
23443,0.25,0.07,0.18,29.789999999999996,12:55:29,136.1,200,136.14,200,136.1174,100
23561,0.62,0.46,0.16,0.0,12:56:00,136.06,100,136.11,400,136.0764,100
23580,0.37,0.18,0.19,11.839999999999998,12:56:11,136.15,600,136.18,200,136.168,1800
23961,0.25,0.08,0.17,33.75999999999998,12:58:33,136.15,200,136.2,800,136.1732,1100
24258,0.36,0.18,0.18,53.84,13:01:53,135.99,700,136.04,900,136.0399,200
24435,0.25,0.07,0.18,1.79,13:03:01,135.8,4000,135.84,1000,135.8224,300
24450,2.21,2.02,0.19,13.440000000000001,13:03:13,135.83,100,135.86,900,135.8476,100
24473,0.23,0.07,0.16,24.9,13:03:24,135.93,200,135.96,400,135.945,100
24506,0.37,0.21,0.16,36.07000000000001,13:03:36,136.04,100,136.07,200,136.055,300
24753,0.27,0.07,0.2,2.1,13:05:02,135.97,300,136.0,300,135.9953,100
24845,0.24,0.08,0.16,42.89,13:05:42,135.94,300,135.98,200,135.9401,3769
24861,0.23,0.07,0.16,47.949999999999996,13:05:47,135.95,500,135.99,300,135.9559,200
24911,174.01,173.76,0.25,0.0,13:08:00,135.91,300,136.01,400,135.9616,200
25045,0.41000000000000003,0.18,0.23,35.55999999999999,13:09:35,135.91,100,135.99,500,135.918,240
25349,0.5900000000000001,0.27,0.32,8.59,13:12:08,136.01,200,136.04,100,136.0564,200
25384,0.28,0.08,0.2,28.220000000000006,13:12:28,136.02,400,136.05,400,136.0368,1000
25425,0.53,0.19,0.34,44.39000000000001,13:12:44,135.91,100,135.99,500,135.9614,200
25453,0.57,0.08,0.49,56.430000000000014,13:12:56,135.91,200,135.99,400,135.989,199
25702,0.5700000000000001,0.07,0.5,44.129999999999995,13:15:44,135.81,100,135.85,300,135.8248,100
25708,0.79,0.34,0.45,48.4,13:15:48,135.8,100,135.85,300,135.8262,270
25745,0.67,0.21,0.46,15.63,13:16:15,135.84,500,135.87,200,135.8551,100
25759,0.57,0.21,0.36,23.770000000000007,13:16:23,135.89,100,135.9,100,135.891,100
25798,0.44,0.07,0.37,47.73000000000001,13:16:47,135.97,200,135.99,200,135.9791,100
25816,0.5800000000000001,0.27,0.31,0.0,13:17:00,135.96,600,135.99,100,135.9693,275
25841,0.57,0.21,0.36,17.18,13:17:17,135.96,300,136.0,1000,135.9656,100
25874,0.5700000000000001,0.07,0.5,34.95000000000001,13:17:34,135.96,400,136.0,1000,135.9601,200
26062,0.5900000000000001,0.07,0.52,48.209999999999994,13:19:48,136.04,300,136.08,200,136.0504,100
26132,0.6,0.21,0.39,42.16000000000002,13:20:42,135.94,100,135.99,500,135.965,100
26199,0.65,0.2,0.45,32.08,13:21:32,136.13,200,136.17,600,136.1502,200
26222,0.45,0.07,0.38,45.47000000000001,13:21:45,136.14,400,136.17,400,136.1408,100
26247,0.42,0.07,0.35,0.0,13:22:00,136.23,300,136.27,400,136.265,100
26261,0.44,0.07,0.37,7.99,13:22:07,136.23,300,136.27,500,136.2632,3000
26324,0.6499999999999999,0.18,0.47,46.250000000000014,13:22:46,136.09,200,136.18,600,136.095,100
26366,0.82,0.24,0.58,12.040000000000001,13:23:12,136.12,500,136.17,500,136.1201,650
26409,0.59,0.24,0.35,44.230000000000025,13:23:44,136.27,100,136.31,100,136.2844,500
26415,0.5900000000000001,0.07,0.52,48.02000000000003,13:23:48,136.28,100,136.31,200,136.3002,1000
26425,0.6000000000000001,0.07,0.53,54.36000000000003,13:23:54,136.28,100,136.31,200,136.3003,1000
26453,0.76,0.07,0.69,8.370000000000001,13:24:08,136.21,100,136.27,100,136.2319,600
26465,0.74,0.12,0.62,16.93,13:24:16,136.21,100,136.25,200,136.2367,100
26511,2.37,1.09,1.28,15.79,13:25:15,136.26,300,136.29,300,136.2645,1000
26554,1.9700000000000002,0.88,1.09,0.0,13:26:00,136.3,200,136.33,300,136.3106,300
26569,1.1700000000000002,0.07,1.1,17.970000000000002,13:26:17,136.4,200,136.43,200,136.4147,161
26576,1.0,0.18,0.82,25.000000000000007,13:26:25,136.41,100,136.43,200,136.4207,100
26627,1.01,0.07,0.94,31.830000000000005,13:27:31,136.44,200,136.46,200,136.4487,300
26638,1.0,0.07,0.93,43.99000000000001,13:27:43,136.45,300,136.48,100,136.4593,117
26653,1.4100000000000001,0.13,1.28,0.0,13:28:00,136.48,200,136.5,200,136.4868,624
26655,1.21,0.18,1.03,2.6,13:28:02,136.48,400,136.5,200,136.4828,100
26661,1.18,0.19,0.99,10.17,13:28:10,136.48,400,136.51,200,136.4925,100
26765,1.01,0.14,0.87,28.369999999999997,13:30:28,136.43,800,136.47,400,136.464,100
26784,1.3699999999999999,0.15,1.22,0.0,13:31:00,136.44,400,136.47,500,136.455,100
26807,1.2,0.07,1.13,27.810000000000002,13:31:27,136.49,1000,136.51,400,136.491,100
26895,1.38,0.15,1.23,38.38,13:33:38,136.16,200,136.22,200,136.1934,110
26912,1.2200000000000002,0.14,1.08,0.0,13:34:00,136.06,200,136.13,200,136.0796,4986
26990,1.42,0.22,1.2,42.4,13:35:42,136.05,100,136.09,400,136.0836,100
27037,1.21,0.17,1.04,39.58999999999999,13:36:39,136.16,200,136.19,200,136.1704,100
27075,1.1900000000000002,0.08,1.11,22.41,13:37:22,136.17,100,136.2,200,136.1895,100
27076,1.01,0.07,0.94,23.42,13:37:23,136.17,200,136.2,300,136.1871,3000
27127,1.01,0.08,0.93,17.190000000000005,13:38:17,136.11,600,136.2,400,136.155,100
27157,3.77,2.93,0.84,3.77,13:39:03,136.14,300,136.2,300,136.1678,200
27163,3.2,2.2,1.0,12.2,13:39:12,136.14,300,136.2,300,136.1904,100
27243,1.4,0.2,1.2,37.17,13:41:37,136.03,200,136.1,700,136.0301,200
27302,1.3800000000000001,0.07,1.31,5.37,13:43:05,136.04,1000,136.09,600,136.071,2325
27313,1.1900000000000002,0.07,1.12,18.400000000000002,13:43:18,136.09,300,136.13,600,136.091,733
27439,1.01,0.07,0.94,43.22,13:45:43,136.16,600,136.19,200,136.1761,100
27473,1.3699999999999999,0.23,1.14,22.590000000000007,13:46:22,136.12,200,136.17,200,136.125,100
27501,1.4,0.18,1.22,2.8,13:47:02,136.11,100,136.16,500,136.145,100
27502,1.21,0.07,1.14,4.01,13:47:04,136.11,100,136.16,400,136.135,100
27542,1.03,0.08,0.95,55.609999999999985,13:47:55,136.18,300,136.21,300,136.187,300
27556,0.97,0.07,0.9,11.180000000000001,13:48:11,136.18,500,136.21,300,136.1881,160
27608,1.01,0.17,0.84,7.800000000000001,13:49:07,136.19,400,136.22,500,136.1921,205
27628,1.01,0.23,0.78,29.21,13:49:29,136.2,100,136.22,600,136.215,100
27630,1.19,0.14,1.05,31.6,13:49:31,136.2,200,136.22,600,136.2173,157
27671,2.18,1.09,1.09,17.21,13:50:17,136.19,300,136.23,500,136.2175,100
27705,1.02,0.07,0.95,53.82999999999999,13:50:53,136.25,100,136.28,800,136.2716,545
27716,1.23,0.29,0.94,8.01,13:51:08,136.25,100,136.26,500,136.2568,238
27723,2.3899999999999997,1.63,0.76,20.169999999999998,13:51:20,136.25,400,136.28,800,136.2704,153
27728,1.21,0.07,1.14,25.97,13:51:25,136.25,200,136.28,800,136.2578,121
27733,1.2000000000000002,0.09,1.11,31.99,13:51:31,136.25,200,136.28,800,136.27100000000002,1000
27853,0.81,0.07,0.74,45.040000000000006,13:53:45,136.27,100,136.3,500,136.2793,100
27920,1.22,0.07,1.15,54.41,13:54:54,136.35,300,136.38,500,136.3593,100
28006,0.82,0.13,0.69,39.98,13:56:39,136.45,300,136.46,300,136.459,154
28032,0.81,0.07,0.74,0.0,13:57:00,136.45,300,136.48,300,136.4628,100
28065,1.01,0.08,0.93,40.779999999999994,13:57:40,136.38,100,136.4,800,136.3808,100
28109,1.3900000000000001,0.08,1.31,33.58,13:58:33,136.41,100,136.44,700,136.425,100
28122,1.18,0.18,1.0,49.940000000000005,13:58:49,136.42,300,136.46,400,136.44799999999998,1000
28123,1.23,0.19,1.04,0.0,13:59:00,136.42,400,136.46,400,136.4384,200
28146,1.3800000000000001,0.08,1.3,28.990000000000006,13:59:28,136.39,100,136.43,500,136.4009,1000
28147,1.19,0.12,1.07,30.180000000000007,13:59:30,136.38,200,136.43,500,136.4029,353
28180,1.37,0.08,1.29,6.160000000000001,14:00:06,136.34,100,136.37,400,136.3644,113
28186,0.98,0.14,0.84,18.17,14:00:18,136.35,100,136.38,500,136.365,100
28258,1.02,0.17,0.85,40.59000000000001,14:01:40,136.32,300,136.35,500,136.3398,250
28279,1.17,0.24,0.93,1.17,14:02:01,136.4,400,136.42,300,136.4199,200
28331,0.99,0.26,0.73,12.0,14:03:12,136.42,200,136.43,500,136.4266,300
28337,1.18,0.21,0.97,19.18,14:03:19,136.39,100,136.41,400,136.3976,400
28359,1.21,0.24,0.97,45.22,14:03:45,136.39,400,136.42,400,136.417,150
28369,1.2,0.17,1.03,57.419999999999995,14:03:57,136.39,500,136.42,400,136.4086,100
28441,1.1800000000000002,0.07,1.11,26.959999999999997,14:05:26,136.45,600,136.47,300,136.4669,145
28442,1.02,0.13,0.89,27.979999999999997,14:05:27,136.45,600,136.47,300,136.4601,200
28463,1.1900000000000002,0.07,1.12,52.34,14:05:52,136.47,300,136.5,600,136.476,100
28474,1.2000000000000002,0.08,1.12,0.0,14:06:00,136.47,400,136.5,600,136.485,100
28515,0.8200000000000001,0.07,0.75,49.20000000000001,14:06:49,136.34,100,136.39,900,136.3674,101
28531,1.2000000000000002,0.08,1.12,18.2,14:07:18,136.33,200,136.36,500,136.3427,100
28537,1.21,0.08,1.13,28.009999999999998,14:07:28,136.33,100,136.36,600,136.338,100
28574,2.5700000000000003,1.24,1.33,11.38,14:08:11,136.33,500,136.37,600,136.3485,400
28641,1.1900000000000002,0.07,1.12,29.410000000000004,14:09:29,136.33,200,136.36,500,136.3301,100
28739,0.81,0.14,0.67,23.01,14:11:23,136.41,100,136.45,300,136.4101,159
28759,0.8200000000000001,0.17,0.65,41.18000000000001,14:11:41,136.41,200,136.45,300,136.41299999999998,1000
28847,2.79,1.98,0.81,0.0,14:13:00,136.47,600,136.5,900,136.4838,400
28870,0.98,0.07,0.91,21.01,14:13:21,136.47,400,136.5,900,136.483,300
28908,0.8099999999999999,0.08,0.73,22.409999999999997,14:14:22,136.41,300,136.47,700,136.4475,100
28914,1.0,0.23,0.77,27.98999999999999,14:14:27,136.41,300,136.46,1000,136.4425,500
28925,1.1900000000000002,0.08,1.11,38.59999999999999,14:14:38,136.41,300,136.46,900,136.435,100
28983,0.97,0.09,0.88,43.789999999999985,14:15:43,136.33,200,136.36,700,136.3507,250
29116,0.99,0.07,0.92,19.180000000000003,14:18:19,136.4,300,136.45,200,136.4276,139
29253,0.6,0.08,0.52,39.050000000000004,14:20:39,136.44,200,136.46,400,136.4492,300
29256,0.76,0.07,0.69,41.03,14:20:41,136.44,200,136.46,400,136.4599,136
29399,0.58,0.08,0.5,0.0,14:22:00,136.37,600,136.41,500,136.3701,100
29597,2.65,2.05,0.6,13.829999999999998,14:24:13,136.36,200,136.4,800,136.3806,100
29676,2.39,1.87,0.52,14.190000000000001,14:25:14,136.45,300,136.47,400,136.4588,100
29685,0.42,0.07,0.35,21.240000000000002,14:25:21,136.45,500,136.47,500,136.4528,100
29705,0.59,0.08,0.51,33.59000000000001,14:25:33,136.4,300,136.46,600,136.404,700
29729,0.78,0.07,0.71,49.390000000000015,14:25:49,136.41,200,136.46,600,136.454,220
29763,1.37,0.9,0.47,8.8,14:26:08,136.42,200,136.46,600,136.4478,100
29809,0.58,0.08,0.5,35.17999999999999,14:26:35,136.42,500,136.45,700,136.4338,299
29857,0.62,0.18,0.44,0.0,14:27:00,136.42,600,136.45,800,136.4326,151
29972,0.6100000000000001,0.07,0.54,19.2,14:28:19,136.37,600,136.4,1100,136.3796,173
30018,1.6099999999999999,0.94,0.67,10.569999999999999,14:29:10,136.4,100,136.43,500,136.4195,387
30250,0.5900000000000001,0.07,0.52,33.690000000000005,14:31:33,136.45,300,136.47,500,136.4568,350
30393,0.7699999999999999,0.08,0.69,29.59,14:33:29,136.39,500,136.41,700,136.3999,100
30396,0.6499999999999999,0.07,0.58,31.65,14:33:31,136.39,500,136.41,700,136.4026,1003
30493,0.6300000000000001,0.07,0.56,5.59,14:36:05,136.5,600,136.51,200,136.505,310
30498,0.82,0.23,0.59,9.76,14:36:09,136.52,200,136.53,100,136.515,300
30610,0.96,0.18,0.78,0.0,14:38:00,136.47,200,136.51,300,136.4944,100
30639,0.6,0.17,0.43,27.46,14:38:27,136.55,200,136.56,100,136.5599,142
30664,0.76,0.18,0.58,43.59000000000002,14:38:43,136.55,200,136.56,200,136.5592,100
30688,0.59,0.12,0.47,0.0,14:39:00,136.6,300,136.63,400,136.6299,100
30983,0.6,0.08,0.52,37.2,14:42:37,136.8,500,136.82,200,136.8101,100
31038,0.6,0.23,0.37,6.169999999999999,14:43:06,136.79,200,136.83,500,136.8225,100
31040,2.2,1.66,0.54,10.959999999999997,14:43:10,136.78,300,136.83,500,136.8042,100
31042,2.42,2.08,0.34,13.819999999999997,14:43:13,136.78,300,136.83,500,136.805,100
31050,0.6,0.22,0.38,18.389999999999997,14:43:18,136.78,500,136.82,300,136.814,100
31106,0.5900000000000001,0.13,0.46,0.0,14:44:00,136.7,300,136.76,600,136.7161,100
31219,0.7799999999999999,0.09,0.69,21.800000000000004,14:45:21,136.72,100,136.75,300,136.7363,100
31249,0.85,0.23,0.62,45.83000000000002,14:45:45,136.7,100,136.73,500,136.7251,100
31567,0.45,0.08,0.37,30.629999999999995,14:49:30,136.69,500,136.7,100,136.6965,455
31713,0.63,0.08,0.55,32.25,14:51:32,136.7,200,136.72,300,136.7112,288
31841,0.43,0.08,0.35,42.810000000000024,14:52:42,136.73,600,136.76,300,136.7399,700
31889,0.5800000000000001,0.07,0.51,31.78,14:53:31,136.69,200,136.74,700,136.7071,200
32036,0.81,0.14,0.67,21.769999999999996,14:55:21,136.73,600,136.76,400,136.7599,3349
32122,0.6100000000000001,0.07,0.54,0.0,14:57:00,136.69,200,136.72,900,136.719,107
32293,0.61,0.23,0.38,4.25,14:59:04,136.65,700,136.68,800,136.6678,232
32401,0.5700000000000001,0.2,0.37,21.82,15:00:21,136.67,300,136.69,300,136.6787,275
32601,0.9299999999999999,0.07,0.86,43.57999999999999,15:02:43,136.58,100,136.61,600,136.5903,100
32631,1.65,1.02,0.63,16.840000000000003,15:03:16,136.6,300,136.62,900,136.6199,300
32647,0.7899999999999999,0.08,0.71,30.45,15:03:30,136.62,300,136.64,600,136.6201,200
32817,0.8,0.24,0.56,32.160000000000004,15:05:32,136.6,1000,136.65,900,136.622,400
32860,3.77,3.29,0.48,0.0,15:06:00,136.62,300,136.65,1000,136.6368,100
32865,0.6,0.08,0.52,9.02,15:06:09,136.62,600,136.65,1000,136.6242,100
32885,0.6,0.13,0.47,23.220000000000002,15:06:23,136.66,500,136.69,600,136.6701,100
32935,0.8400000000000001,0.18,0.66,0.0,15:07:00,136.67,300,136.69,700,136.6764,104
32999,0.76,0.13,0.63,5.45,15:08:05,136.64,300,136.66,800,136.658,100
33079,2.56,1.98,0.58,5.59,15:09:05,136.52,100,136.58,800,136.5477,100
33114,0.75,0.22,0.53,31.98999999999999,15:09:31,136.51,400,136.55,800,136.5263,200
33163,0.64,0.26,0.38,2.6,15:10:02,136.56,500,136.59,300,136.575,100
33250,0.6,0.18,0.42,0.0,15:11:00,136.57,400,136.61,1200,136.577,406
33332,0.5800000000000001,0.07,0.51,5.41,15:12:05,136.52,400,136.54,700,136.5201,150
33344,2.0,1.44,0.56,17.04,15:12:17,136.54,200,136.56,900,136.5401,100
33452,0.43,0.07,0.36,30.22999999999999,15:13:30,136.56,200,136.59,400,136.5725,300
33537,0.59,0.21,0.38,27.990000000000006,15:14:27,136.56,100,136.59,500,136.5762,100
33619,0.6,0.13,0.47,19.64,15:15:19,136.48,200,136.52,500,136.4984,500
33648,0.59,0.16,0.43,35.57,15:15:35,136.46,100,136.49,700,136.4565,430
33699,1.02,0.48,0.54,0.0,15:16:00,136.45,100,136.48,600,136.4681,100
33702,3.4099999999999997,2.76,0.65,5.1899999999999995,15:16:05,136.47,100,136.49,700,136.4792,125
33703,0.6,0.08,0.52,5.789999999999999,15:16:05,136.5,100,136.51,500,136.5046,718
33809,0.57,0.22,0.35,12.03,15:17:12,136.5,400,136.53,600,136.5073,1600
33896,0.43,0.07,0.36,29.8,15:18:29,136.51,400,136.55,1400,136.5101,100
33905,0.62,0.17,0.45,35.41000000000001,15:18:35,136.51,400,136.55,1400,136.5116,500
33913,0.6,0.08,0.52,40.37000000000002,15:18:40,136.51,700,136.55,1600,136.514,1400
34070,0.59,0.1,0.49,22.629999999999995,15:20:22,136.47,100,136.51,400,136.4864,100
34150,0.5800000000000001,0.07,0.51,17.46,15:21:17,136.47,500,136.5,600,136.4805,100
34163,0.6200000000000001,0.07,0.55,25.89,15:21:25,136.48,300,136.51,600,136.495,100
34212,0.61,0.26,0.35,6.810000000000001,15:22:06,136.55,300,136.57,200,136.555,200
34296,0.43,0.07,0.36,17.65,15:23:17,136.49,400,136.51,300,136.4966,733
34318,0.59,0.17,0.42,29.839999999999996,15:23:29,136.5,200,136.52,300,136.5001,100
34439,0.76,0.08,0.68,56.59,15:24:56,136.46,200,136.48,400,136.4707,100
34504,0.5800000000000001,0.14,0.44,37.7,15:25:37,136.49,400,136.51,400,136.4901,2000
34541,0.59,0.21,0.38,4.41,15:26:04,136.52,500,136.55,400,136.5407,100
34624,0.59,0.12,0.47,1.8399999999999999,15:27:01,136.54,300,136.56,300,136.5538,100
34634,5.199999999999999,4.68,0.52,14.04,15:27:14,136.53,100,136.56,400,136.545,100
34766,0.61,0.08,0.53,30.190000000000005,15:28:30,136.5,100,136.54,600,136.5276,100
34778,0.6000000000000001,0.07,0.53,37.96000000000001,15:28:37,136.5,300,136.54,600,136.5126,150
34843,0.8099999999999999,0.09,0.72,38.269999999999996,15:29:38,136.5,800,136.53,600,136.5096,128
34872,2.22,1.55,0.67,8.8,15:30:08,136.5,200,136.53,1500,136.5207,100
34902,0.62,0.08,0.54,36.99999999999999,15:30:36,136.53,300,136.55,200,136.525,100
34911,0.65,0.2,0.45,42.989999999999995,15:30:42,136.55,200,136.58,300,136.5788,100
34943,0.6100000000000001,0.27,0.34,5.800000000000001,15:31:05,136.49,100,136.53,400,136.5124,475
34957,0.6,0.08,0.52,19.78,15:31:19,136.49,300,136.52,500,136.5107,100
35001,0.5900000000000001,0.27,0.32,47.55000000000001,15:31:47,136.56,800,136.57,400,136.5634,268
35121,3.0,2.47,0.53,6.5600000000000005,15:33:06,136.51,300,136.53,400,136.5208,100
35227,0.5800000000000001,0.07,0.51,21.990000000000002,15:34:21,136.53,900,136.55,500,136.5415,100
35344,0.6,0.08,0.52,35.68,15:35:35,136.5,300,136.52,400,136.5017,145
35369,0.44,0.07,0.37,49.71,15:35:49,136.51,300,136.52,400,136.5154,1224
35376,0.5700000000000001,0.07,0.5,53.65,15:35:53,136.51,400,136.52,500,136.5115,348
35445,0.63,0.24,0.39,43.940000000000005,15:36:43,136.51,1800,136.53,500,136.5192,100
35479,0.75,0.14,0.61,4.359999999999999,15:37:04,136.51,1800,136.53,200,136.5143,1400
35506,0.56,0.07,0.49,29.17,15:37:29,136.5,300,136.53,400,136.5162,100
35518,0.63,0.14,0.49,37.99,15:37:37,136.5,300,136.52,900,136.5168,150
35592,0.62,0.24,0.38,32.02,15:38:32,136.5,700,136.51,500,136.5002,250
35602,0.6,0.18,0.42,37.79000000000001,15:38:37,136.5,600,136.52,600,136.5138,425
35733,2.2,1.68,0.52,2.2,15:40:02,136.47,400,136.5,600,136.4955,200
35751,0.7899999999999999,0.09,0.7,19.17,15:40:19,136.49,300,136.5,700,136.4938,100
35820,0.43999999999999995,0.09,0.35,12.4,15:41:12,136.48,500,136.51,400,136.4932,300
35879,0.6300000000000001,0.07,0.56,48.030000000000015,15:41:48,136.47,900,136.5,300,136.4803,100
35887,0.6399999999999999,0.07,0.57,54.05000000000001,15:41:54,136.48,400,136.5,400,136.4892,125
35915,0.76,0.07,0.69,21.75,15:42:21,136.48,400,136.5,1400,136.4999,101
36115,0.63,0.21,0.42,23.020000000000003,15:44:23,136.45,300,136.47,600,136.4582,140
36289,0.5900000000000001,0.07,0.52,33.639999999999986,15:46:33,136.49,400,136.52,700,136.5125,200
36346,0.44,0.07,0.37,15.87,15:47:15,136.54,300,136.55,300,136.5426,200
36365,0.65,0.22,0.43,27.250000000000007,15:47:27,136.53,300,136.55,400,136.541,100
36435,0.5800000000000001,0.07,0.51,22.39,15:48:22,136.55,1300,136.57,500,136.5575,200
36490,0.6200000000000001,0.07,0.55,58.39999999999999,15:48:58,136.48,400,136.5,500,136.4891,116
36556,0.43,0.08,0.35,43.63000000000002,15:49:43,136.47,600,136.49,600,136.4861,108
36564,0.58,0.09,0.49,47.98000000000001,15:49:47,136.47,500,136.49,1000,136.4752,160
36635,0.81,0.2,0.61,40.36000000000002,15:50:40,136.4,200,136.43,900,136.4012,100
36716,0.95,0.07,0.88,46.769999999999996,15:51:46,136.45,600,136.47,300,136.4607,1661
36761,0.9299999999999999,0.31,0.62,27.74,15:52:27,136.41,200,136.44,800,136.4399,121
36775,0.45,0.07,0.38,37.81000000000001,15:52:37,136.42,1200,136.45,800,136.4439,730
36791,0.63,0.2,0.43,47.98000000000002,15:52:47,136.44,1400,136.45,700,136.4436,600
36847,0.6399999999999999,0.07,0.57,30.470000000000002,15:53:30,136.43,1000,136.47,200,136.4536,109
36855,0.98,0.07,0.91,36.65,15:53:36,136.46,500,136.48,300,136.4799,100
36860,0.6499999999999999,0.08,0.57,40.449999999999996,15:53:40,136.46,1200,136.47,100,136.4699,104
37189,0.63,0.14,0.49,12.410000000000002,15:59:12,136.42,100,136.45,1600,136.4398,100
37219,0.78,0.07,0.71,34.34,15:59:34,136.42,1100,136.44,300,136.4232,200
