,Total Delay,Request Delay,Saving Delay,Arrival Time,Time,Bid,Bid Size,Ask,Ask Size,Last Price,Last Size
0,0.6499999999999999,0.3,0.35,0.6499999999999999,09:30:00,72.12,800,72.63,900,72.37,468
22,0.3,0.08,0.22,8.47,09:30:08,72.44,300,72.62,100,72.49,100
32,0.43,0.21,0.22,12.59,09:30:12,72.54,100,72.63,700,72.59,100
37,0.44,0.21,0.23,14.589999999999998,09:30:14,72.62,100,72.8,100,72.705,100
46,0.35000000000000003,0.08,0.27,0.0,09:31:00,72.75,100,72.98,400,72.97,300
59,0.33,0.1,0.23,6.17,09:31:06,72.89,100,73.06,200,72.91,100
75,0.89,0.62,0.27,16.62,09:31:16,72.89,100,72.9,200,72.89,100
77,1.79,1.43,0.36,18.84,09:31:18,72.89,100,72.95,100,72.9,100
81,0.43000000000000005,0.17,0.26,22.060000000000002,09:31:22,72.84,100,72.95,100,72.87,100
88,0.39,0.2,0.19,24.270000000000007,09:31:24,72.84,100,72.95,100,72.84,100
105,0.41000000000000003,0.23,0.18,30.350000000000005,09:31:30,72.75,200,72.95,100,72.825,200
127,0.6000000000000001,0.27,0.33,38.210000000000015,09:31:38,72.75,100,72.95,100,72.94,100
200,2.27,2.05,0.22,0.0,09:32:00,72.76,300,72.95,100,72.93,100
201,4.77,4.56,0.21,4.77,09:32:04,72.76,300,72.95,100,72.8525,100
202,2.2199999999999998,2.03,0.19,6.989999999999999,09:32:06,72.76,300,72.95,100,72.855,100
315,0.3,0.08,0.22,44.57000000000002,09:32:44,72.86,300,72.95,400,72.95,100
332,0.25,0.07,0.18,50.510000000000026,09:32:50,72.86,300,72.95,400,72.905,100
354,2.19,1.96,0.23,3.38,09:33:03,72.97,200,73.04,100,73.0,100
356,2.15,1.91,0.24,5.789999999999999,09:33:05,73.01,100,73.05,100,73.01,200
359,0.35,0.18,0.17,6.649999999999999,09:33:06,73.01,100,73.08,100,73.05,100
387,0.42000000000000004,0.22,0.2,18.929999999999996,09:33:18,73.01,100,73.08,300,73.02,100
423,0.28,0.07,0.21,30.840000000000003,09:33:30,73.01,100,73.08,200,73.0706,277
426,0.61,0.24,0.37,32.400000000000006,09:33:32,73.01,100,73.08,200,73.0275,100
427,0.41000000000000003,0.17,0.24,32.81,09:33:32,72.99,200,73.08,200,73.035,100
492,0.34,0.14,0.2,0.0,09:34:00,73.02,200,73.08,100,73.08,100
513,2.17,1.87,0.3,12.600000000000001,09:34:12,73.04,300,73.08,100,73.04,100
522,0.33,0.07,0.26,20.459999999999997,09:34:20,73.04,200,73.11,200,73.06,100
556,0.47000000000000003,0.28,0.19,34.26999999999999,09:34:34,73.0,200,73.04,700,73.03,100
600,0.35000000000000003,0.08,0.27,50.37999999999999,09:34:50,72.96,100,73.04,700,72.96,100
607,0.52,0.21,0.31,53.58999999999999,09:34:53,72.92,100,73.04,700,72.975,300
615,0.54,0.21,0.33,0.0,09:35:00,72.92,100,73.04,700,72.98,200
617,3.8,3.55,0.25,4.29,09:35:04,72.88,100,73.02,300,72.92,100
618,0.34,0.07,0.27,4.63,09:35:04,72.87,100,73.02,300,72.88,100
628,0.45,0.22,0.23,16.080000000000002,09:35:16,72.87,100,73.02,700,72.8783,150
632,0.29000000000000004,0.07,0.22,18.14,09:35:18,72.87,200,73.02,300,72.945,100
657,0.54,0.28,0.26,28.21,09:35:28,72.87,300,73.0,300,72.935,100
662,0.56,0.29,0.27,30.209999999999997,09:35:30,72.9,100,72.99,900,72.9634,300
686,0.6200000000000001,0.28,0.34,38.78000000000001,09:35:38,72.96,300,73.02,100,72.99,100
689,0.28,0.07,0.21,40.12000000000001,09:35:40,72.96,300,73.02,100,73.0199,200
751,0.4,0.23,0.17,0.0,09:36:00,73.08,200,73.13,100,73.1,100
765,0.44000000000000006,0.17,0.27,4.380000000000001,09:36:04,73.08,200,73.18,400,73.11,100
774,2.31,2.11,0.2,14.610000000000001,09:36:14,73.12,200,73.17,100,73.17,100
778,0.39,0.21,0.18,16.39,09:36:16,73.1,200,73.16,100,73.14,272
795,0.33,0.1,0.23,26.310000000000006,09:36:26,73.1,300,73.16,100,73.16,100
800,0.44000000000000006,0.17,0.27,28.390000000000008,09:36:28,73.1,300,73.16,100,73.13,300
855,0.35000000000000003,0.07,0.28,52.44,09:36:52,73.16,100,73.2,200,73.1825,200
882,0.47000000000000003,0.08,0.39,0.0,09:37:00,73.16,300,73.2,200,73.19,100
922,0.43,0.08,0.35,23.94,09:37:23,73.15,200,73.2,600,73.18,200
926,0.53,0.1,0.43,25.900000000000006,09:37:25,73.14,300,73.17,100,73.15,100
1018,0.6000000000000001,0.27,0.33,0.0,09:38:00,73.13,100,73.18,500,73.155,100
1039,0.49,0.07,0.42,10.16,09:38:10,73.13,100,73.18,500,73.1452,400
1172,0.31,0.07,0.24,17.959999999999997,09:39:17,73.12,100,73.2,100,73.1301,200
1422,0.4,0.21,0.19,8.04,09:41:08,73.17,200,73.25,4400,73.23,100
1430,0.3,0.08,0.22,12.589999999999998,09:41:12,73.17,200,73.24,700,73.1777,900
1482,0.45999999999999996,0.24,0.22,34.279999999999994,09:41:34,73.18,200,73.22,100,73.21,100
1487,0.31,0.12,0.19,35.959999999999994,09:41:35,73.2,200,73.25,4500,73.25,100
1488,0.57,0.22,0.35,36.529999999999994,09:41:36,73.14,100,73.23,500,73.22,100
1565,2.37,2.09,0.28,4.380000000000001,09:42:04,73.26,100,73.29,200,73.26,100
1566,0.41000000000000003,0.09,0.32,4.790000000000001,09:42:04,73.27,300,73.31,100,73.29,100
1568,0.38,0.07,0.31,6.460000000000001,09:42:06,73.26,100,73.31,500,73.27,189
1581,0.4,0.16,0.24,12.140000000000004,09:42:12,73.28,200,73.31,100,73.31,100
1591,0.39,0.08,0.31,16.300000000000004,09:42:16,73.28,100,73.32,100,73.3,100
1610,0.42000000000000004,0.19,0.23,24.270000000000007,09:42:24,73.27,300,73.32,100,73.32,100
1648,0.5700000000000001,0.27,0.3,40.51999999999999,09:42:40,73.33,200,73.38,200,73.36,200
1654,0.45999999999999996,0.15,0.31,42.40999999999999,09:42:42,73.34,200,73.39,100,73.38,100
1658,0.76,0.29,0.47,44.62999999999999,09:42:44,73.29,100,73.34,100,73.365,100
1672,0.46,0.08,0.38,0.0,09:43:00,73.29,200,73.34,500,73.315,100
1694,0.38,0.12,0.26,11.47,09:43:11,73.32,200,73.4,300,73.33,100
1695,0.45999999999999996,0.21,0.25,11.93,09:43:11,73.37,200,73.4,100,73.4,100
1703,1.58,1.25,0.33,17.02,09:43:17,73.38,200,73.43,100,73.4025,100
1710,0.44,0.12,0.32,19.74,09:43:19,73.38,100,73.43,100,73.42,100
1715,0.32,0.08,0.24,21.599999999999994,09:43:21,73.42,200,73.49,500,73.45,100
1741,0.4,0.08,0.32,31.689999999999994,09:43:31,73.39,200,73.48,200,73.435,100
1767,0.37,0.18,0.19,41.730000000000004,09:43:41,73.39,200,73.47,300,73.47,100
1783,0.29,0.08,0.21,47.660000000000004,09:43:47,73.45,200,73.47,100,73.46,100
1815,0.33,0.07,0.26,0.0,09:44:00,73.4,100,73.47,400,73.4091,1000
1873,0.36,0.14,0.22,27.989999999999995,09:44:27,73.41,100,73.46,100,73.43,100
1909,0.31,0.11,0.2,41.7,09:44:41,73.49,200,73.55,100,73.53,100
1921,0.41000000000000003,0.17,0.24,45.980000000000004,09:44:45,73.5,200,73.54,100,73.52,400
1927,0.27,0.07,0.2,47.73000000000001,09:44:47,73.5,200,73.54,100,73.54,100
1956,0.43000000000000005,0.09,0.34,0.0,09:45:00,73.44,100,73.52,500,73.5,100
1962,0.38,0.08,0.3,2.25,09:45:02,73.45,100,73.52,500,73.51,100
2020,0.47,0.26,0.21,34.12000000000001,09:45:34,73.4,300,73.49,100,73.49,100
2046,0.41000000000000003,0.15,0.26,43.85000000000001,09:45:43,73.4,600,73.48,100,73.44,100
2076,0.34,0.07,0.27,55.92000000000001,09:45:55,73.37,300,73.43,100,73.41,100
2082,0.29000000000000004,0.07,0.22,0.0,09:46:00,73.37,100,73.42,100,73.39,100
2115,0.34,0.08,0.26,15.86,09:46:15,73.37,100,73.45,200,73.407,400
2145,0.32,0.14,0.18,31.740000000000006,09:46:31,73.37,100,73.4,100,73.37,100
2239,0.28,0.07,0.21,3.5999999999999996,09:47:03,73.21,900,73.28,100,73.28,100
2273,0.37,0.2,0.17,21.459999999999994,09:47:21,73.19,200,73.25,500,73.2,100
2304,0.44,0.18,0.26,33.80999999999998,09:47:33,73.24,200,73.28,100,73.245,300
2559,0.37,0.09,0.28,14.279999999999998,09:49:14,73.46,300,73.5,2100,73.48,100
2616,0.33,0.07,0.26,38.390000000000015,09:49:38,73.43,100,73.46,100,73.439,500
2670,3.5799999999999996,3.28,0.3,12.760000000000002,09:50:12,73.39,200,73.44,200,73.415,100
2716,0.67,0.22,0.45,34.120000000000005,09:50:34,73.35,100,73.41,100,73.405,100
2794,2.9,2.59,0.31,9.469999999999999,09:51:09,73.37,500,73.44,300,73.4225,100
2944,0.42000000000000004,0.2,0.22,13.920000000000002,09:52:13,73.41,100,73.46,200,73.4425,100
3227,0.39,0.22,0.17,0.0,09:54:00,73.52,300,73.56,100,73.55,100
3239,0.31,0.12,0.19,7.7299999999999995,09:54:07,73.54,300,73.57,100,73.56,100
3240,2.9800000000000004,2.74,0.24,10.71,09:54:10,73.55,300,73.59,100,73.57,100
3241,1.1800000000000002,0.92,0.26,11.89,09:54:11,73.55,400,73.6,200,73.6,400
3244,3.73,3.54,0.19,18.42,09:54:18,73.55,300,73.6,100,73.59,100
3261,0.45,0.27,0.18,24.060000000000006,09:54:24,73.61,200,73.64,100,73.6075,100
3384,0.4,0.1,0.3,4.3,09:55:04,73.6,200,73.63,100,73.62,100
3390,2.81,2.46,0.35,11.3,09:55:11,73.6,300,73.63,100,73.63,100
3429,0.43,0.18,0.25,28.109999999999992,09:55:28,73.57,300,73.62,200,73.605,100
3434,0.39,0.19,0.2,30.509999999999994,09:55:30,73.57,300,73.62,200,73.595,100
3548,0.27,0.07,0.2,11.799999999999999,09:56:11,73.58,300,73.61,100,73.61,100
3570,0.43,0.13,0.3,21.109999999999996,09:56:21,73.58,100,73.61,100,73.615,100
3586,0.36,0.09,0.27,27.969999999999995,09:56:27,73.56,200,73.58,200,73.58,100
3610,0.25,0.08,0.17,35.82,09:56:35,73.56,200,73.6,200,73.585,100
3753,0.28,0.1,0.18,37.099999999999994,09:57:37,73.61,200,73.65,100,73.65,100
3819,2.66,2.47,0.19,0.0,09:58:00,73.66,200,73.7,100,73.67,100
3820,2.8000000000000003,2.64,0.16,2.8000000000000003,09:58:02,73.66,200,73.72,100,73.7,100
3821,0.39,0.23,0.16,3.1900000000000004,09:58:03,73.66,400,73.72,100,73.678,100
3833,0.24000000000000002,0.07,0.17,7.08,09:58:07,73.68,400,73.75,400,73.74,100
3864,0.28,0.07,0.21,17.1,09:58:17,73.68,300,73.75,400,73.7127,100
3875,0.35,0.12,0.23,21.250000000000007,09:58:21,73.68,200,73.75,400,73.7499,400
3908,0.3,0.09,0.21,33.140000000000015,09:58:33,73.7,200,73.75,100,73.7206,100
3941,2.56,2.22,0.34,0.0,09:59:00,73.72,200,73.77,100,73.75,100
3950,0.25,0.08,0.17,4.630000000000001,09:59:04,73.7,200,73.73,100,73.73,100
3955,0.39,0.22,0.17,7.2,09:59:07,73.66,200,73.7,100,73.71,100
4039,0.32,0.09,0.23,36.63000000000001,09:59:36,73.66,200,73.72,100,73.665,400
4045,0.4,0.19,0.21,38.800000000000004,09:59:38,73.66,200,73.72,100,73.6796,200
4071,0.41000000000000003,0.18,0.23,48.76,09:59:48,73.67,200,73.73,600,73.718,900
4123,2.46,2.22,0.24,17.590000000000003,10:00:17,73.74,200,73.79,100,73.78,100
4125,0.73,0.27,0.46,18.670000000000005,10:00:18,73.75,300,73.79,100,73.79,100
4190,0.54,0.08,0.46,48.53999999999998,10:00:48,73.71,200,73.77,100,73.76,100
4199,0.48000000000000004,0.08,0.4,54.26999999999997,10:00:54,73.71,200,73.76,500,73.71600000000001,100
4202,1.21,0.77,0.44,0.0,10:01:00,73.66,200,73.72,100,73.69,100
4214,1.22,0.86,0.36,5.8999999999999995,10:01:05,73.67,200,73.72,100,73.695,200
4223,0.41000000000000003,0.18,0.23,13.82,10:01:13,73.67,200,73.72,300,73.72,100
4244,0.33999999999999997,0.12,0.22,23.370000000000005,10:01:23,73.7,200,73.77,100,73.77,100
4293,0.44000000000000006,0.27,0.17,39.51000000000002,10:01:39,73.66,200,73.7,600,73.68,100
4324,0.28,0.08,0.2,49.49000000000004,10:01:49,73.68,200,73.73,100,73.705,100
4639,0.4,0.2,0.2,51.97999999999999,10:03:51,73.64,300,73.69,100,73.685,100
4702,0.47000000000000003,0.13,0.34,14.510000000000002,10:04:14,73.64,200,73.66,100,73.66,100
4839,0.4,0.18,0.22,25.66999999999999,10:05:25,73.6,200,73.65,200,73.625,100
4844,0.44,0.22,0.22,27.72999999999999,10:05:27,73.6,200,73.65,200,73.64,100
4874,0.43000000000000005,0.17,0.26,37.27999999999999,10:05:37,73.55,100,73.62,100,73.5895,200
4952,2.39,2.14,0.25,16.67,10:06:16,73.56,200,73.6,300,73.5685,700
4999,0.37,0.17,0.2,33.91999999999999,10:06:33,73.51,400,73.56,100,73.535,100
5089,0.27,0.09,0.18,5.85,10:07:05,73.51,200,73.54,100,73.5188,105
5386,2.83,2.65,0.18,15.490000000000002,10:09:15,73.34,500,73.39,100,73.3653,300
5408,0.28,0.08,0.2,26.000000000000007,10:09:26,73.33,100,73.36,100,73.34,500
5444,0.26,0.07,0.19,37.76,10:09:37,73.32,200,73.36,100,73.345,100
5477,0.24000000000000002,0.07,0.17,4.23,10:12:04,73.4,100,73.43,100,73.429,300
5737,0.44000000000000006,0.27,0.17,12.140000000000002,10:14:12,73.44,300,73.5,100,73.4739,100
5843,0.35,0.17,0.18,0.0,10:15:00,73.48,300,73.53,100,73.505,100
5849,0.49,0.22,0.27,2.0300000000000002,10:15:02,73.48,300,73.53,100,73.5199,100
5873,1.99,1.65,0.34,21.729999999999997,10:15:21,73.52,200,73.57,200,73.5533,1000
6055,0.27,0.09,0.18,30.099999999999994,10:16:30,73.61,200,73.68,100,73.631,1000
6062,0.28,0.09,0.19,32.199999999999996,10:16:32,73.61,400,73.68,100,73.6355,308
6068,0.28,0.08,0.2,34.16,10:16:34,73.61,400,73.68,100,73.6467,500
6159,2.81,2.47,0.34,7.279999999999999,10:17:07,73.65,300,73.7,100,73.675,100
6225,0.28,0.08,0.2,35.94000000000002,10:17:35,73.61,400,73.66,200,73.6101,500
6237,0.4,0.21,0.19,39.88000000000002,10:17:39,73.57,100,73.62,100,73.571,100
6345,0.39,0.17,0.22,10.23,10:19:10,73.35,200,73.4,400,73.375,100
6363,0.38,0.17,0.21,16.619999999999997,10:19:16,73.36,100,73.4,300,73.3999,100
6536,34.309999999999995,34.08,0.23,0.0,10:21:00,73.32,600,73.36,800,73.35,100
6651,0.45,0.18,0.27,1.98,10:22:01,73.34,300,73.37,200,73.3568,100
6677,0.47000000000000003,0.08,0.39,16.17,10:22:16,73.33,300,73.37,300,73.3699,200
6968,0.37,0.07,0.3,0.0,10:25:00,73.38,500,73.4,800,73.3986,200
7001,0.4,0.08,0.32,22.369999999999997,10:25:22,73.38,400,73.4,1100,73.3903,232
7013,0.53,0.1,0.43,28.36,10:25:28,73.37,100,73.39,500,73.385,200
7388,0.39,0.2,0.19,50.4,10:28:50,73.51,400,73.6,500,73.555,3000
7522,0.26,0.07,0.19,43.840000000000025,10:29:43,73.49,200,73.53,100,73.502,100
7589,4.29,4.05,0.24,0.0,10:30:00,73.49,500,73.56,100,73.5229,1000
7616,0.67,0.27,0.4,14.7,10:30:14,73.49,600,73.56,100,73.525,100
7625,0.39,0.21,0.18,18.090000000000003,10:30:18,73.49,600,73.56,100,73.5166,100
7722,3.88,3.58,0.3,0.0,10:31:00,73.5,300,73.56,400,73.5499,100
7723,2.41,1.96,0.45,2.41,10:31:02,73.5,300,73.56,400,73.5282,500
7952,0.41000000000000003,0.21,0.2,0.0,10:34:00,73.56,100,73.6,1100,73.5601,200
8433,0.79,0.25,0.54,17.310000000000002,10:39:17,73.55,200,73.58,100,73.565,100
8455,0.8,0.3,0.5,33.739999999999995,10:39:33,73.55,200,73.58,200,73.5641,300
8458,0.76,0.14,0.62,35.69,10:39:35,73.55,200,73.58,200,73.5517,100
8687,0.5900000000000001,0.28,0.31,20.079999999999995,10:42:20,73.59,300,73.62,200,73.6083,100
8993,0.59,0.08,0.51,45.97,10:45:45,73.55,500,73.59,200,73.5899,300
9003,0.61,0.18,0.43,52.01,10:45:52,73.57,100,73.6,500,73.5999,200
9009,0.77,0.22,0.55,55.790000000000006,10:45:55,73.58,100,73.6,500,73.5997,200
9030,0.63,0.21,0.42,13.81,10:46:13,73.58,100,73.61,600,73.5893,136
9456,0.44,0.07,0.37,58.16,10:50:58,73.69,200,73.72,500,73.7004,100
9555,0.76,0.12,0.64,15.76,10:52:15,73.67,500,73.7,200,73.6905,800
9632,0.58,0.23,0.35,2.17,10:53:02,73.76,400,73.79,300,73.775,100
9756,118.97,118.36,0.61,0.0,10:55:00,73.79,300,73.82,800,73.82,100
9784,0.64,0.18,0.46,2.0300000000000002,10:56:02,73.81,100,73.82,300,73.81,100
9786,0.6000000000000001,0.14,0.46,3.4000000000000004,10:56:03,73.81,100,73.83,200,73.815,100
9805,0.59,0.12,0.47,15.629999999999999,10:56:15,73.82,100,73.84,400,73.83,100
9809,0.6100000000000001,0.07,0.54,0.0,10:57:00,73.83,100,73.85,900,73.84,384
9819,0.53,0.21,0.32,5.590000000000001,10:57:05,73.82,100,73.84,100,73.835,100
9836,0.6,0.24,0.36,23.57,10:57:23,73.82,100,73.84,100,73.8307,200
9930,0.43999999999999995,0.15,0.29,7.24,10:58:07,73.8,400,73.81,200,73.805,500
9934,0.5800000000000001,0.12,0.46,9.61,10:58:09,73.8,300,73.81,200,73.8,100
9941,0.44,0.07,0.37,13.449999999999998,10:58:13,73.78,100,73.81,100,73.795,100
9945,0.6000000000000001,0.27,0.33,15.619999999999997,10:58:15,73.78,100,73.81,300,73.8099,100
9948,0.6,0.17,0.43,17.42,10:58:17,73.78,100,73.8,100,73.7882,400
10081,0.5700000000000001,0.07,0.5,50.97000000000003,10:59:50,73.79,200,73.83,300,73.8017,239
10279,0.7799999999999999,0.08,0.7,16.12,11:04:16,73.84,200,73.86,400,73.85,100
10285,0.96,0.36,0.6,20.73,11:04:20,73.85,100,73.86,200,73.86,104
10579,0.44,0.07,0.37,45.81999999999999,11:07:45,73.66,500,73.71,300,73.6868,854
10798,2.79,2.25,0.54,3.8,11:10:03,73.67,400,73.69,400,73.676,2739
11250,0.63,0.18,0.45,0.0,11:17:00,73.71,300,73.75,400,73.7276,100
11272,0.61,0.18,0.43,12.96,11:17:12,73.72,100,73.75,400,73.7215,100
11283,0.5599999999999999,0.21,0.35,18.97,11:17:18,73.72,100,73.75,400,73.735,100
11364,0.63,0.08,0.55,24.209999999999997,11:18:24,73.73,200,73.76,200,73.7432,150
11955,0.6,0.09,0.51,4.0,11:25:04,73.81,100,73.85,600,73.825,100
12113,0.6499999999999999,0.18,0.47,35.59,11:29:35,73.81,200,73.83,100,73.82300000000001,100
12459,0.61,0.08,0.53,56.61000000000001,11:33:56,73.74,600,73.75,200,73.745,100
12655,0.58,0.22,0.36,9.95,11:37:09,73.74,100,73.76,400,73.7401,174
12773,0.5700000000000001,0.07,0.5,38.15000000000001,11:38:38,73.77,400,73.78,300,73.7799,100
12862,0.61,0.19,0.42,53.83000000000003,11:41:53,73.78,300,73.81,200,73.7968,100
13129,0.29000000000000004,0.1,0.19,0.0,11:43:00,73.8,300,73.83,300,73.814,200
13346,0.27,0.09,0.18,22.020000000000003,11:46:22,73.81,400,73.85,300,73.8399,100
13907,0.24000000000000002,0.07,0.17,0.0,11:50:00,73.81,700,73.84,500,73.811,121
14476,0.27,0.08,0.19,43.01000000000003,11:53:43,73.77,400,73.78,100,73.785,100
14504,4.07,3.9,0.17,0.0,11:54:00,73.78,200,73.79,100,73.781,100
14838,0.26,0.08,0.18,5.259999999999999,11:56:05,73.8,400,73.81,100,73.8075,100
15522,0.39,0.23,0.16,34.14999999999999,12:00:34,73.75,500,73.78,300,73.765,100
15658,0.35,0.18,0.17,39.99,12:01:39,73.75,1100,73.76,400,73.755,100
16160,0.25,0.08,0.17,52.01000000000001,12:04:52,73.73,200,73.75,400,73.733,800
16364,1.23,0.92,0.31,6.77,12:06:06,73.74,200,73.76,800,73.7461,250
16673,0.32,0.14,0.18,20.189999999999998,12:08:20,73.74,300,73.75,300,73.7486,100
17169,1.31,1.1,0.21,16.55,12:11:16,73.77,500,73.78,100,73.7741,250
17434,0.3,0.09,0.21,53.980000000000004,12:12:53,73.75,200,73.76,200,73.7589,166
17579,0.27,0.08,0.19,37.139999999999986,12:13:37,73.75,300,73.77,500,73.7564,100
17880,0.29000000000000004,0.09,0.2,48.22000000000001,12:15:48,73.75,900,73.78,200,73.7596,500
18051,0.25,0.08,0.17,27.509999999999998,12:16:27,73.75,1000,73.78,400,73.7575,100
18176,0.36,0.2,0.16,37.84999999999998,12:17:37,73.75,1100,73.78,300,73.771,119
19939,0.43000000000000005,0.23,0.2,21.97,12:29:21,73.8,100,73.82,200,73.8192,100
19960,0.37,0.18,0.19,29.830000000000002,12:29:29,73.8,100,73.82,200,73.8167,1530
20364,2.67,2.46,0.21,0.0,12:32:00,73.78,200,73.8,700,73.7952,2100
20573,0.33999999999999997,0.16,0.18,0.0,12:33:00,73.79,300,73.81,200,73.8007,400
20936,0.55,0.27,0.28,40.219999999999985,12:35:40,73.74,200,73.77,300,73.7552,100
21103,0.34,0.17,0.17,56.239999999999995,12:36:56,73.69,400,73.73,500,73.721,130
21230,0.42000000000000004,0.2,0.22,24.280000000000005,12:37:24,73.7,200,73.73,500,73.715,100
22946,0.23,0.07,0.16,0.0,12:52:00,73.72,200,73.73,100,73.725,5700
23475,0.38,0.22,0.16,3.9000000000000004,12:55:03,73.72,100,73.73,100,73.729,180
23632,0.42000000000000004,0.22,0.2,38.02000000000001,12:56:38,73.72,200,73.74,100,73.7201,302
24777,0.35,0.18,0.17,0.0,13:05:00,73.77,600,73.79,300,73.7714,100
25165,0.39,0.18,0.21,17.98,13:10:17,73.77,700,73.78,300,73.7757,218
25183,0.29000000000000004,0.07,0.22,23.790000000000003,13:10:23,73.77,800,73.78,300,73.7735,297
25502,0.5800000000000001,0.26,0.32,20.61,13:13:20,73.78,200,73.79,200,73.7854,100
25702,0.5700000000000001,0.07,0.5,39.41,13:15:39,73.77,800,73.79,200,73.7768,336
26007,2.67,2.03,0.64,5.82,13:19:05,73.76,100,73.77,300,73.76899999999999,100
26244,0.5800000000000001,0.07,0.51,0.0,13:21:00,73.76,400,73.78,500,73.7601,609
26270,0.42,0.07,0.35,8.2,13:22:08,73.76,500,73.78,500,73.7711,100
26765,1.01,0.14,0.87,0.0,13:30:00,73.77,600,73.81,600,73.7701,183
28226,1.0,0.14,0.86,0.0,14:01:00,73.71,600,73.73,900,73.7185,101
28548,1.01,0.07,0.94,24.219999999999995,14:07:24,73.71,300,73.72,200,73.7231,800
28791,0.99,0.26,0.73,3.59,14:12:03,73.66,600,73.67,200,73.6675,100
29019,1.22,0.23,0.99,21.830000000000002,14:16:21,73.61,400,73.63,300,73.6133,500
29124,1.2,0.24,0.96,15.999999999999998,14:18:15,73.65,200,73.66,100,73.655,100
29152,0.8200000000000001,0.17,0.65,43.23,14:18:43,73.65,500,73.66,100,73.6512,200
30885,0.8300000000000001,0.2,0.63,0.0,14:41:00,73.68,400,73.69,500,73.6848,800
31412,0.6,0.25,0.35,0.0,14:47:00,73.7,600,73.72,900,73.7109,240
31619,1.02,0.44,0.58,16.590000000000003,14:50:16,73.72,1000,73.73,300,73.7288,140
31621,1.2000000000000002,0.55,0.65,18.410000000000004,14:50:18,73.72,1000,73.73,300,73.7262,164
32015,0.8099999999999999,0.24,0.57,0.0,14:55:00,73.67,900,73.68,800,73.6742,474
32491,0.7799999999999999,0.08,0.7,2.62,15:01:02,73.7,800,73.71,100,73.7038,600
32860,3.77,3.29,0.48,0.0,15:06:00,73.7,600,73.71,300,73.7099,100
34378,0.45,0.07,0.38,8.01,15:24:08,73.73,800,73.74,700,73.73100000000001,100
34599,0.79,0.2,0.59,31.959999999999994,15:26:31,73.74,800,73.75,800,73.7454,200
34634,5.199999999999999,4.68,0.52,12.79,15:27:12,73.74,700,73.75,500,73.7431,300
34709,0.58,0.09,0.49,0.0,15:28:00,73.76,900,73.77,800,73.7643,250
35160,0.61,0.23,0.38,16.189999999999998,15:33:16,73.73,900,73.74,900,73.7301,312
35487,5.03,4.73,0.3,13.629999999999999,15:37:13,73.69,700,73.71,1000,73.704,700
35524,0.63,0.14,0.49,42.02,15:37:42,73.7,200,73.71,400,73.7031,420
35973,0.6100000000000001,0.28,0.33,8.02,15:43:08,73.67,700,73.68,1900,73.6756,100
36295,0.7699999999999999,0.08,0.69,25.780000000000005,15:46:25,73.63,500,73.64,300,73.639,100
36313,0.77,0.07,0.7,39.35,15:46:39,73.63,700,73.64,1000,73.635,100
36322,0.62,0.08,0.54,45.36,15:46:45,73.64,400,73.65,600,73.645,100
36368,0.6000000000000001,0.2,0.4,27.43000000000001,15:47:27,73.65,400,73.66,800,73.6546,150
36908,0.6,0.13,0.47,18.23,15:54:18,73.6,400,73.61,1100,73.609,100
36911,0.6,0.24,0.36,20.240000000000002,15:54:20,73.6,400,73.61,1100,73.6034,120
37129,0.5900000000000001,0.07,0.52,56.07000000000002,15:56:56,73.54,500,73.55,2800,73.545,100
