,Total Delay,Request Delay,Saving Delay,Arrival Time,Time,Bid,Bid Size,Ask,Ask Size,Last Price,Last Size
0,0.6499999999999999,0.3,0.35,0.6499999999999999,09:30:00,118.33,200,118.56,300,118.63,100
32,0.43,0.21,0.22,12.59,09:30:12,118.38,100,118.52,100,118.54,100
46,0.35000000000000003,0.08,0.27,0.0,09:31:00,118.33,600,118.57,200,118.56,100
156,0.48,0.21,0.27,50.20000000000002,09:31:50,118.38,100,118.56,200,118.51,100
193,0.41000000000000003,0.21,0.2,0.0,09:32:00,118.34,200,118.48,200,118.48,100
221,0.26,0.08,0.18,20.07,09:32:20,118.5,100,118.63,100,118.605,100
302,0.39,0.22,0.17,46.34,09:32:46,118.59,200,118.69,100,118.59,100
332,0.25,0.07,0.18,56.25000000000001,09:32:56,118.64,200,118.7,100,118.68,200
338,0.3,0.08,0.22,0.0,09:33:00,118.65,200,118.7,100,118.67,100
350,3.75,3.46,0.29,9.190000000000001,09:33:09,118.71,100,118.77,100,118.74,200
352,0.35,0.18,0.17,9.8,09:33:09,118.66,100,118.71,100,118.66,100
354,2.19,1.96,0.23,12.57,09:33:12,118.66,100,118.71,100,118.685,100
427,0.41000000000000003,0.17,0.24,42.00000000000001,09:33:42,118.55,100,118.61,100,118.61,100
444,0.43,0.22,0.21,47.430000000000014,09:33:47,118.6,100,118.71,200,118.65,200
458,0.27,0.09,0.18,52.11000000000001,09:33:52,118.5,100,118.66,100,118.6,100
475,0.32,0.09,0.23,58.21000000000001,09:33:58,118.84,200,118.93,100,118.89,478
480,0.28,0.11,0.17,0.0,09:34:00,118.55,100,118.88,100,118.85,100
561,0.26,0.08,0.18,40.00999999999999,09:34:40,118.58,200,118.84,100,118.84,100
577,0.43,0.14,0.29,46.29999999999999,09:34:46,118.58,200,118.81,200,118.695,1000
636,0.43,0.22,0.21,15.759999999999998,09:35:15,118.49,200,118.66,100,118.5,100
751,0.4,0.23,0.17,0.0,09:36:00,118.5,600,118.67,100,118.57,100
846,0.75,0.21,0.54,48.57999999999999,09:36:48,118.5,100,118.59,100,118.55,400
1016,4.37,4.13,0.24,4.37,09:38:04,118.33,100,118.53,100,118.53,100
1018,0.6000000000000001,0.27,0.33,5.359999999999999,09:38:05,118.33,100,118.59,100,118.425,100
1028,0.34,0.08,0.26,9.379999999999999,09:38:09,118.34,100,118.56,100,118.4,100
1043,0.49,0.08,0.41,17.65,09:38:17,118.37,100,118.55,100,118.42,100
1122,0.32999999999999996,0.09,0.24,0.0,09:39:00,118.4,100,118.53,100,118.495,800
1127,0.44,0.18,0.26,2.0300000000000002,09:39:02,118.38,100,118.47,300,118.46,100
1137,0.31,0.08,0.23,8.25,09:39:08,118.43,100,118.52,100,118.52,100
1156,0.27,0.07,0.2,17.92,09:39:17,118.44,100,118.57,100,118.505,100
1261,0.35,0.17,0.18,0.0,09:40:00,118.36,300,118.48,200,118.44,100
1266,0.52,0.28,0.24,2.3200000000000003,09:40:02,118.36,200,118.47,200,118.36,100
1273,0.31,0.09,0.22,6.52,09:40:06,118.36,200,118.47,100,118.463,167
1346,0.45,0.19,0.26,39.949999999999996,09:40:39,118.21,600,118.41,100,118.37,100
1347,0.38,0.17,0.21,40.33,09:40:40,118.1,600,118.39,200,118.22,200
1438,0.28,0.07,0.21,0.0,09:41:00,118.15,100,118.35,200,118.25,100
1519,0.38,0.08,0.3,32.42000000000001,09:41:32,118.15,600,118.35,200,118.3,100
1528,0.33,0.07,0.26,36.280000000000015,09:41:36,118.19,500,118.41,100,118.335,298
1618,0.43000000000000005,0.15,0.28,14.16,09:42:14,118.25,100,118.3,600,118.275,100
1658,0.76,0.29,0.47,30.439999999999998,09:42:30,118.26,400,118.29,100,118.28,100
1662,0.4,0.1,0.3,0.0,09:43:00,118.25,100,118.29,100,118.29,200
1969,5.109999999999999,4.93,0.18,9.59,09:45:09,118.25,200,118.36,300,118.34,100
1970,1.2,0.89,0.31,10.79,09:45:10,118.2,100,118.26,100,118.27,200
2191,0.27,0.08,0.19,32.04999999999999,09:46:32,118.29,200,118.4,200,118.345,100
2284,0.28,0.08,0.2,1.84,09:47:01,118.33,100,118.39,100,118.3875,100
2447,0.42000000000000004,0.23,0.19,0.0,09:48:00,118.34,200,118.39,300,118.365,100
2524,0.51,0.2,0.31,0.0,09:49:00,118.35,100,118.41,100,118.39,100
2538,0.37,0.08,0.29,5.840000000000001,09:49:05,118.35,200,118.41,100,118.38,100
2573,0.37,0.07,0.3,30.040000000000003,09:49:30,118.4,200,118.45,100,118.3975,100
2639,0.27,0.07,0.2,55.79000000000002,09:49:55,118.4,200,118.43,100,118.415,100
2667,0.5499999999999999,0.08,0.47,2.04,09:50:02,118.33,100,118.4,100,118.41,100
2700,0.27,0.07,0.2,21.990000000000002,09:50:21,118.31,100,118.4,700,118.32,100
2731,0.29000000000000004,0.12,0.17,33.839999999999996,09:50:33,118.25,100,118.36,100,118.33,100
3207,0.38,0.22,0.16,0.0,09:53:00,118.28,100,118.33,100,118.3078,1000
3312,0.43,0.24,0.19,32.37000000000001,09:54:32,118.25,200,118.3,100,118.285,100
3576,0.37,0.07,0.3,19.95,09:56:19,118.26,200,118.32,100,118.26,200
3603,0.31,0.13,0.18,29.92,09:56:29,118.27,100,118.32,100,118.295,162
3693,0.29000000000000004,0.07,0.22,0.0,09:57:00,118.28,200,118.34,100,118.31,200
4769,0.5,0.28,0.22,8.14,10:04:08,118.57,200,118.66,200,118.62,100
4922,0.39,0.22,0.17,41.65,10:05:41,118.32,200,118.48,400,118.395,100
4935,0.26,0.07,0.19,0.0,10:06:00,118.35,100,118.48,300,118.35,300
4952,2.39,2.14,0.25,16.67,10:06:16,118.32,200,118.39,400,118.355,100
5387,0.41000000000000003,0.24,0.17,0.0,10:09:00,118.43,100,118.51,100,118.47,100
5462,168.17,168.0,0.17,0.0,10:11:00,118.33,100,118.43,300,118.45,100
5635,0.39,0.18,0.21,30.100000000000005,10:13:30,118.44,300,118.48,100,118.49,100
5862,0.26,0.08,0.18,0.0,10:15:00,118.45,200,118.48,200,118.465,20300
6031,0.27,0.08,0.19,0.0,10:16:00,118.36,100,118.46,700,118.459,100
6068,0.28,0.08,0.2,11.999999999999998,10:16:11,118.37,100,118.46,100,118.4219,145
6088,0.4,0.18,0.22,18.199999999999996,10:16:18,118.46,100,118.51,100,118.4375,335
6384,0.39,0.17,0.22,24.249999999999996,10:19:24,118.63,100,118.72,100,118.7,100
6516,0.39,0.19,0.2,30.049999999999997,10:20:30,118.57,200,118.66,100,118.615,100
6559,0.6000000000000001,0.07,0.53,10.14,10:21:10,118.69,100,118.72,100,118.69,100
6671,0.5599999999999999,0.08,0.48,0.0,10:22:00,118.67,200,118.75,100,118.745,100
6849,0.46,0.23,0.23,0.0,10:24:00,118.6,200,118.71,200,118.6352,100
7171,0.44,0.13,0.31,26.040000000000006,10:26:26,118.68,100,118.76,100,118.72,200
7185,37.42,37.15,0.27,0.0,10:27:00,118.72,200,118.81,100,118.73,200
7413,0.27,0.07,0.2,0.0,10:29:00,118.75,100,118.8,100,118.79,100
7454,0.28,0.07,0.21,19.59,10:29:19,118.75,100,118.83,100,118.8,100
7522,0.26,0.07,0.19,43.57000000000002,10:29:43,118.75,100,118.84,100,118.8169,100
7554,0.26,0.08,0.18,53.520000000000024,10:29:53,118.75,100,118.84,100,118.83,100
7566,0.52,0.19,0.33,57.79000000000003,10:29:57,118.75,200,118.84,100,118.795,200
7649,0.37,0.14,0.23,0.0,10:30:00,118.77,100,118.84,100,118.8173,124
7654,0.33999999999999997,0.09,0.25,1.7799999999999998,10:30:01,118.77,100,118.84,100,118.805,312
7868,0.25,0.08,0.17,24.760000000000012,10:33:24,118.74,200,118.81,100,118.775,100
7880,0.26,0.07,0.19,28.700000000000017,10:33:28,118.74,200,118.83,200,118.785,100
7985,0.27,0.08,0.19,10.07,10:34:10,118.7,100,118.79,100,118.78,100
8022,0.42000000000000004,0.19,0.23,24.55,10:34:24,118.74,100,118.8,300,118.76,100
8075,0.63,0.17,0.46,0.0,10:35:00,118.62,200,118.66,100,118.64,100
8099,0.57,0.08,0.49,15.980000000000002,10:35:15,118.69,300,118.71,200,118.705,100
8105,0.8,0.26,0.54,19.980000000000004,10:35:19,118.69,300,118.71,200,118.71,100
8133,1.6199999999999999,0.19,1.43,42.41999999999999,10:35:42,118.71,200,118.72,100,118.7125,100
8156,2.7600000000000002,2.24,0.52,12.75,10:36:12,118.65,100,118.7,100,118.715,100
8472,0.7699999999999999,0.08,0.69,15.58,10:39:15,118.55,100,118.6,100,118.58,100
9285,0.45,0.13,0.32,1.46,10:49:01,118.27,200,118.37,100,118.3401,100
9308,0.44,0.08,0.36,17.45,10:49:17,118.28,100,118.37,100,118.325,100
9471,2.39,1.81,0.58,12.23,10:51:12,118.28,100,118.38,100,118.3033,300
9494,0.77,0.21,0.56,30.360000000000007,10:51:30,118.29,100,118.4,800,118.3475,100
9638,1.1400000000000001,0.54,0.6,0.0,10:53:00,118.43,100,118.48,100,118.43,100
9862,0.58,0.08,0.5,35.95000000000001,10:57:35,118.59,300,118.65,100,118.618,100
9868,0.5900000000000001,0.07,0.52,39.56000000000002,10:57:39,118.59,300,118.65,100,118.6229,100
11727,0.46,0.07,0.39,53.82999999999999,11:22:53,118.75,200,118.77,100,118.75,100
11741,0.81,0.25,0.56,4.0,11:23:04,118.78,200,118.85,100,118.81,100
11752,2.58,1.99,0.59,13.43,11:23:13,118.83,200,118.92,700,118.91,100
11758,1.54,0.8,0.74,18.59,11:23:18,118.85,400,118.95,100,118.95,100
11760,0.6100000000000001,0.07,0.54,22.81,11:23:22,118.86,200,118.94,500,118.94,300
11791,0.6000000000000001,0.28,0.32,42.210000000000015,11:23:42,118.87,200,118.95,200,118.96,100
11794,0.6100000000000001,0.07,0.54,44.16000000000002,11:23:44,118.95,100,119.0,1200,119.0,100
11815,0.65,0.11,0.54,57.79000000000001,11:23:57,118.9,100,118.93,100,118.93,100
11834,5.41,4.9,0.51,12.39,11:24:12,118.91,100,118.98,300,118.98,200
11980,0.5900000000000001,0.2,0.39,0.0,11:26:00,118.91,200,118.97,100,118.97,100
12035,30.98,30.48,0.5,0.0,11:27:00,119.04,200,119.13,100,119.13,100
12036,0.5599999999999999,0.21,0.35,0.5599999999999999,11:27:00,119.09,200,119.17,100,119.12200000000001,1000
12046,0.6,0.25,0.35,6.1899999999999995,11:27:06,119.11,200,119.19,100,119.17,100
12057,0.5700000000000001,0.13,0.44,0.0,11:28:00,119.12,200,119.2,300,119.2,100
12096,0.62,0.12,0.5,25.23,11:29:25,118.99,100,119.09,100,119.09,400
12102,0.61,0.14,0.47,29.439999999999998,11:29:29,118.99,100,119.09,100,119.04,100
12105,0.62,0.08,0.54,31.44,11:29:31,118.99,100,119.1,200,119.045,100
12117,0.75,0.07,0.68,39.58000000000001,11:29:39,119.0,100,119.1,100,119.05,100
12140,0.82,0.08,0.74,0.0,11:30:00,119.05,100,119.16,100,119.1,100
12289,0.44,0.07,0.37,8.81,11:32:08,118.97,100,119.02,100,119.01,200
12455,0.43,0.07,0.36,19.790000000000003,11:33:19,118.85,100,118.93,100,118.9,100
12478,0.64,0.27,0.37,0.0,11:34:00,118.79,100,118.89,100,118.82,100
12485,0.56,0.07,0.49,9.73,11:34:09,118.81,100,118.89,200,118.8596,340
12566,79.02,78.7,0.32,0.0,11:36:00,118.89,300,118.97,100,118.979,153
12705,0.5700000000000001,0.12,0.45,0.0,11:38:00,118.94,100,119.0,100,118.99,100
12811,0.6,0.08,0.52,0.0,11:41:00,118.86,300,118.93,100,118.895,100
13022,0.45,0.27,0.18,39.260000000000005,11:42:39,118.94,200,118.98,300,118.92299999999999,200
13142,84.78,84.59,0.19,0.0,11:44:00,118.87,200,118.93,300,118.915,200
13446,3.2800000000000002,2.99,0.29,0.0,11:47:00,118.9,100,118.96,100,118.935,100
13487,0.4,0.18,0.22,16.31,11:47:16,118.86,100,118.95,300,118.88,100
13820,0.37,0.17,0.2,0.0,11:49:00,118.91,100,118.96,200,118.92,100
14091,0.27,0.07,0.2,21.209999999999994,11:51:21,118.86,100,118.93,100,118.87,100
15038,0.33999999999999997,0.13,0.21,0.0,11:57:00,118.94,200,119.01,100,118.9629,100
15215,0.56,0.23,0.33,0.0,11:58:00,119.0,200,119.05,100,119.03,100
15365,0.29,0.08,0.21,42.97,11:59:42,119.01,100,119.09,100,119.06,100
15571,0.41000000000000003,0.2,0.21,0.0,12:01:00,118.96,200,119.0,100,118.9814,100
15631,0.26,0.1,0.16,31.91999999999999,12:01:31,118.96,100,119.01,200,118.985,100
16686,0.33999999999999997,0.12,0.22,0.0,12:08:00,118.96,100,119.02,100,119.02,100
17434,0.3,0.09,0.21,22.11000000000001,12:12:22,118.98,200,119.04,100,119.016,138
18226,2.69,2.48,0.21,5.26,12:18:05,118.98,200,119.01,100,119.0025,100
18269,0.36,0.19,0.17,25.869999999999994,12:18:25,118.96,100,119.02,200,118.9642,200
18570,3.2100000000000004,2.99,0.22,8.21,12:20:08,119.02,200,119.05,200,119.035,100
19326,0.59,0.23,0.36,3.4499999999999997,12:25:03,118.99,100,119.04,400,119.015,200
19433,0.27,0.07,0.2,0.0,12:26:00,119.03,100,119.07,200,119.07,100
20416,0.27,0.08,0.19,35.63,12:32:35,118.95,400,119.0,400,118.969,100
21280,0.41000000000000003,0.2,0.21,0.0,12:38:00,118.82,200,118.88,100,118.86,100
22027,0.87,0.6,0.27,0.0,12:46:00,118.94,200,118.99,100,118.9734,100
23206,0.27,0.07,0.2,29.82000000000002,12:53:29,118.97,500,119.02,100,119.0125,100
23398,0.44999999999999996,0.21,0.24,0.0,12:55:00,118.98,100,119.02,300,118.995,100
23482,0.30000000000000004,0.14,0.16,39.54000000000001,12:55:39,118.97,100,119.01,100,119.005,100
23747,0.44,0.23,0.21,0.0,12:57:00,118.96,100,119.02,300,118.9921,380
24765,1.44,1.26,0.18,2.27,13:05:02,119.01,200,119.03,100,119.0175,100
24911,174.01,173.76,0.25,0.0,13:08:00,119.01,200,119.05,700,119.0475,459
25473,0.42000000000000004,0.08,0.34,3.14,13:13:03,118.98,400,119.02,100,118.9929,300
25649,0.67,0.21,0.46,0.0,13:15:00,118.95,200,118.98,200,118.965,100
26132,0.6,0.21,0.39,20.820000000000007,13:20:20,118.96,400,118.99,300,118.975,171
26584,1.2,0.07,1.13,0.0,13:26:00,118.94,300,118.97,100,118.955,100
26817,1.1900000000000002,0.08,1.11,38.18,13:31:38,118.96,100,118.99,200,118.9714,100
27712,1.5799999999999998,0.43,1.15,2.8,13:51:02,118.92,100,118.95,100,118.9404,313
28188,0.81,0.07,0.74,21.0,14:00:21,118.97,300,118.99,100,118.9939,120
28358,1.1700000000000002,0.07,1.1,31.000000000000007,14:03:31,118.96,200,118.99,100,118.9762,200
28503,1.23,0.15,1.08,23.650000000000002,14:06:23,119.01,200,119.04,200,119.025,100
28557,1.02,0.08,0.94,25.409999999999997,14:07:25,119.03,100,119.05,200,119.0368,101
28677,1.02,0.09,0.93,11.63,14:10:11,119.04,100,119.06,300,119.042,107
29026,1.39,0.17,1.22,3.79,14:16:03,119.05,200,119.07,100,119.0624,105
29124,1.2,0.24,0.96,8.39,14:18:08,119.06,400,119.07,200,119.065,100
29673,3.62,3.02,0.6,0.0,14:25:00,118.97,100,119.02,400,119.0041,126
31617,1.7400000000000002,1.12,0.62,1.7400000000000002,14:50:01,119.0,200,119.02,200,119.0192,100
31763,0.62,0.23,0.39,6.0200000000000005,14:52:06,118.99,100,119.01,200,118.9962,200
31908,0.78,0.1,0.68,12.159999999999998,14:53:12,119.02,300,119.03,100,119.0275,100
32743,0.5700000000000001,0.14,0.43,41.77,15:04:41,119.0,200,119.03,200,119.0128,120
32971,0.76,0.08,0.68,45.790000000000006,15:07:45,119.01,100,119.02,200,119.0158,100
33344,2.0,1.44,0.56,0.0,15:12:00,118.92,300,118.97,500,118.945,100
33957,0.6499999999999999,0.18,0.47,14.02,15:19:14,118.99,200,119.0,100,118.9956,294
34406,0.5900000000000001,0.07,0.52,2.37,15:24:02,119.05,200,119.06,200,119.055,200
34452,0.82,0.24,0.58,2.1999999999999997,15:25:02,119.07,100,119.09,200,119.08,100
34545,3.98,3.37,0.61,7.359999999999999,15:26:07,119.11,200,119.13,200,119.12,100
35779,0.58,0.23,0.35,15.399999999999999,15:40:15,118.94,200,118.97,200,118.9573,120
36058,0.5900000000000001,0.14,0.45,50.16000000000001,15:43:50,118.93,200,118.94,500,118.9318,100
36246,0.79,0.18,0.61,0.0,15:46:00,118.91,300,118.94,400,118.925,250
36609,0.8,0.07,0.73,22.570000000000007,15:50:22,118.92,200,118.94,100,118.939,200
36874,0.45,0.07,0.38,53.82999999999999,15:53:53,119.09,100,119.12,100,119.115,300
36939,0.79,0.15,0.64,33.60999999999999,15:54:33,119.11,600,119.14,400,119.15899999999999,500
36958,0.6499999999999999,0.08,0.57,47.25999999999999,15:54:47,119.11,500,119.14,500,119.131,900
36972,0.77,0.18,0.59,0.0,15:55:00,119.13,100,119.15,100,119.14,100
36982,0.79,0.27,0.52,6.99,15:55:06,119.17,400,119.19,100,119.19,100
37017,0.6,0.08,0.52,37.37,15:55:37,119.15,100,119.16,100,119.15,100
37029,0.6000000000000001,0.2,0.4,45.589999999999996,15:55:45,119.15,400,119.17,100,119.164,243
37055,0.6,0.17,0.43,0.0,15:56:00,119.15,400,119.16,1400,119.16,186
37072,0.44,0.13,0.31,16.069999999999997,15:56:16,119.15,500,119.16,800,119.155,100
37106,0.61,0.23,0.38,36.24000000000001,15:56:36,119.16,300,119.18,100,119.18,100
