,Total Delay,Request Delay,Saving Delay,Arrival Time,Time,Bid,Bid Size,Ask,Ask Size,Last Price,Last Size
0,0.6499999999999999,0.3,0.35,0.6499999999999999,09:30:00,353.95,100,354.56,400,354.0,100
6,0.28,0.08,0.2,2.6000000000000005,09:30:02,353.95,100,354.56,300,353.955,100
22,0.3,0.08,0.22,8.47,09:30:08,353.95,100,354.56,400,353.97,100
59,0.33,0.1,0.23,0.0,09:31:00,353.97,100,354.56,500,353.99,100
71,0.37,0.18,0.19,8.6,09:31:08,353.6,300,353.95,500,353.75,200
80,1.4100000000000001,1.07,0.34,15.459999999999997,09:31:15,353.2,100,353.95,600,353.46,100
94,0.27,0.07,0.2,20.0,09:31:20,353.2,100,353.94,100,353.21,100
148,0.4,0.08,0.32,39.970000000000006,09:31:39,353.13,100,353.47,100,353.2754,1000
182,0.33,0.07,0.26,52.09,09:31:52,352.96,100,353.46,200,353.0401,100
193,0.41000000000000003,0.21,0.2,0.0,09:32:00,353.02,100,353.46,200,353.24,100
206,0.24000000000000002,0.07,0.17,13.850000000000001,09:32:13,352.9,200,353.45,200,353.08,100
214,0.33999999999999997,0.18,0.16,17.919999999999998,09:32:17,352.9,200,353.45,200,352.925,100
221,0.26,0.08,0.18,20.07,09:32:20,352.91,100,353.45,200,353.18,100
234,0.23,0.07,0.16,23.889999999999997,09:32:23,352.91,100,353.45,300,352.935,100
252,0.24000000000000002,0.07,0.17,30.059999999999988,09:32:30,352.72,100,353.44,300,352.9,100
258,0.39,0.22,0.17,32.28999999999999,09:32:32,352.6,100,353.13,300,352.77,100
264,0.24000000000000002,0.07,0.17,34.23999999999999,09:32:34,352.6,100,353.13,600,352.915,100
338,0.3,0.08,0.22,0.0,09:33:00,352.97,700,353.45,100,353.0,100
343,2.23,1.98,0.25,3.41,09:33:03,352.97,700,353.44,100,352.99,100
344,0.36,0.18,0.18,3.77,09:33:03,352.66,100,353.43,100,352.98,100
412,0.47000000000000003,0.27,0.2,35.970000000000006,09:33:35,352.68,100,353.39,100,353.36,100
440,0.45,0.25,0.2,46.19000000000002,09:33:46,352.73,100,353.33,300,352.74,100
446,0.25,0.07,0.18,48.070000000000014,09:33:48,352.73,100,353.29,100,353.2,100
470,0.41000000000000003,0.19,0.22,56.35000000000001,09:33:56,352.75,100,353.28,100,353.02,100
475,0.32,0.09,0.23,58.21000000000001,09:33:58,352.75,100,353.28,200,352.9853,100
552,0.5800000000000001,0.25,0.33,28.50999999999999,09:34:28,352.68,100,353.14,100,353.14,100
577,0.43,0.14,0.29,38.25999999999999,09:34:38,352.68,100,353.13,100,352.71,100
594,0.38,0.14,0.24,44.239999999999995,09:34:44,352.68,100,353.13,100,353.06,100
622,3.44,3.13,0.31,4.96,09:35:04,352.69,100,353.11,200,352.69,100
625,2.72,2.35,0.37,10.15,09:35:10,352.13,100,352.63,100,352.1301,100
641,0.4,0.18,0.22,17.7,09:35:17,352.0,1000,352.26,100,352.11,100
653,0.44,0.22,0.22,22.01,09:35:22,351.6,100,352.22,200,351.78,147
674,0.44999999999999996,0.21,0.24,29.919999999999995,09:35:29,351.6,100,352.17,100,351.68,100
701,0.26,0.08,0.18,39.96999999999999,09:35:39,351.68,100,352.14,200,352.05,100
714,0.44,0.26,0.18,44.089999999999996,09:35:44,351.52,600,352.13,200,352.13,100
748,0.4,0.22,0.18,53.910000000000004,09:35:53,351.68,100,352.12,100,352.12,200
759,0.38,0.21,0.17,0.0,09:36:00,351.68,100,351.97,200,352.0,100
779,3.7600000000000002,3.33,0.43,17.900000000000002,09:36:17,351.68,200,351.89,100,351.9,100
780,0.43,0.19,0.24,18.330000000000002,09:36:18,351.52,600,352.11,100,351.89,100
866,0.42,0.21,0.21,54.300000000000004,09:36:54,351.52,600,352.0,300,351.8017,192
874,0.45,0.2,0.25,0.0,09:37:00,351.52,600,352.0,300,351.76,600
880,0.46,0.07,0.39,3.2600000000000002,09:37:03,351.52,600,351.98,100,351.54,100
882,0.47000000000000003,0.08,0.39,4.37,09:37:04,351.13,100,351.87,200,351.52,134
885,0.46,0.08,0.38,6.05,09:37:06,351.13,100,351.48,100,351.13,450
922,0.43,0.08,0.35,28.31,09:37:28,350.62,100,351.13,100,350.63,100
926,0.53,0.1,0.43,30.270000000000003,09:37:30,350.57,100,351.11,100,350.62,100
934,0.35000000000000003,0.07,0.28,34.13000000000001,09:37:34,350.57,100,351.07,100,350.7895,100
939,0.47000000000000003,0.13,0.34,36.34000000000001,09:37:36,350.57,100,351.0,200,350.595,100
944,0.43,0.08,0.35,38.370000000000005,09:37:38,350.57,100,350.99,200,350.66,100
954,0.47,0.21,0.26,42.24999999999999,09:37:42,350.26,700,350.93,300,350.325,100
959,0.48,0.21,0.27,44.07999999999999,09:37:44,350.26,700,350.93,300,350.275,100
989,0.36,0.07,0.29,56.32999999999998,09:37:56,350.26,700,350.92,200,350.315,100
1011,0.56,0.27,0.29,0.0,09:38:00,350.02,300,350.46,400,350.44,100
1016,4.37,4.13,0.24,6.7,09:38:06,350.02,300,350.46,600,350.03,100
1018,0.6000000000000001,0.27,0.33,7.6899999999999995,09:38:07,349.24,100,349.74,200,349.465,100
1023,0.39,0.11,0.28,9.709999999999999,09:38:09,349.23,200,349.74,300,349.24,100
1033,0.42000000000000004,0.14,0.28,13.78,09:38:13,349.3,200,349.99,100,349.87,100
1035,0.55,0.19,0.36,16.09,09:38:16,349.9,100,350.53,200,350.11,100
1043,0.49,0.08,0.41,19.98,09:38:19,349.3,100,350.53,200,350.0,100
1055,0.55,0.24,0.31,25.96,09:38:25,349.48,200,350.52,200,349.85,100
1075,0.30000000000000004,0.07,0.23,33.59999999999999,09:38:33,349.23,200,349.98,200,349.76,100
1090,0.55,0.22,0.33,39.84999999999998,09:38:39,349.23,200,349.97,300,349.64,250
1132,0.47,0.23,0.24,0.0,09:39:00,349.34,100,349.97,300,349.5465,359
1142,0.37,0.18,0.19,5.859999999999999,09:39:05,349.34,100,349.9,200,349.86,100
1153,0.8200000000000001,0.52,0.3,12.63,09:39:12,349.67,200,350.51,200,350.055,100
1159,2.5700000000000003,2.24,0.33,17.37,09:39:17,350.0,800,350.5,100,350.02,600
1187,0.34,0.08,0.26,28.00000000000001,09:39:28,349.66,100,350.51,300,350.085,100
1226,0.27,0.08,0.19,43.95000000000002,09:39:43,350.0,100,350.5,200,350.37,100
1261,0.35,0.17,0.18,0.0,09:40:00,350.0,100,350.5,500,350.01,100
1269,2.0100000000000002,1.81,0.2,5.08,09:40:05,350.0,100,350.49,200,350.4899,500
1283,2.42,2.13,0.29,13.54,09:40:13,350.0,300,350.18,500,350.09,100
1291,0.36,0.17,0.19,16.189999999999998,09:40:16,349.89,100,350.29,100,350.1,200
1314,0.45999999999999996,0.21,0.25,28.31,09:40:28,349.9,100,350.47,200,350.185,133
1330,0.38,0.19,0.19,33.98,09:40:33,349.89,200,350.18,200,350.035,100
1368,0.32,0.07,0.25,48.05999999999998,09:40:48,349.43,200,350.0,100,349.89,100
1391,0.49,0.22,0.27,58.19999999999999,09:40:58,349.51,200,350.0,300,349.56,100
1434,0.97,0.67,0.3,0.0,09:41:00,349.51,200,350.0,400,349.755,100
1439,3.9699999999999998,3.65,0.32,5.24,09:41:05,349.33,100,349.93,500,349.52,100
1440,0.31,0.08,0.23,5.55,09:41:05,349.34,100,349.93,500,349.63,200
1463,0.27,0.07,0.2,13.239999999999997,09:41:13,349.23,100,349.93,500,349.58,100
1493,0.38,0.21,0.17,23.6,09:41:23,349.26,100,349.91,300,349.335,100
1497,0.69,0.5,0.19,25.240000000000002,09:41:25,349.26,100,349.91,200,349.585,200
1498,0.41000000000000003,0.22,0.19,25.650000000000002,09:41:25,349.51,200,349.93,100,349.965,100
1509,0.35,0.15,0.2,29.500000000000007,09:41:29,349.51,200,349.93,300,349.51,100
1514,0.49,0.2,0.29,31.71000000000001,09:41:31,349.51,100,349.93,300,349.72,200
1523,0.47,0.09,0.38,35.52000000000001,09:41:35,349.26,200,349.92,300,349.395,100
1538,0.59,0.29,0.3,41.460000000000015,09:41:41,349.32,100,349.92,300,349.82,100
1547,0.47,0.22,0.25,0.0,09:42:00,349.33,200,349.92,300,349.625,100
1566,0.41000000000000003,0.09,0.32,16.470000000000002,09:42:16,349.38,200,349.85,100,349.44,100
1577,0.48,0.17,0.31,22.11,09:42:22,349.39,200,349.85,100,349.62,100
1600,0.33,0.08,0.25,32.019999999999996,09:42:32,349.4,200,349.85,100,349.42,100
1632,0.33,0.07,0.26,45.849999999999994,09:42:45,349.41,200,349.83,100,349.43,100
1654,0.45999999999999996,0.15,0.31,54.08999999999998,09:42:54,349.85,100,350.0,100,349.93,100
1658,0.76,0.29,0.47,56.30999999999998,09:42:56,349.36,200,349.7,100,349.79,170
1662,0.4,0.1,0.3,0.0,09:43:00,349.36,200,349.7,100,349.53,100
1676,0.54,0.25,0.29,6.07,09:43:06,349.39,200,349.7,200,349.545,400
1700,0.31,0.1,0.21,17.930000000000003,09:43:17,349.39,200,349.69,300,349.66,131
1746,0.31,0.08,0.23,38.160000000000004,09:43:38,349.56,200,349.93,200,349.745,100
1794,0.33,0.14,0.19,56.18000000000001,09:43:56,349.56,200,349.9,200,349.74,200
1799,0.6,0.24,0.36,58.21,09:43:58,349.56,200,349.9,200,349.9,100
1837,1.29,1.03,0.26,12.77,09:44:12,349.7,100,350.22,100,350.0025,200
1847,0.46,0.18,0.28,17.919999999999998,09:44:17,349.7,300,349.93,200,349.815,100
1882,0.46,0.2,0.26,32.03999999999999,09:44:32,349.66,200,349.93,300,349.795,100
1904,0.4,0.2,0.2,40.0,09:44:40,349.66,200,349.93,300,349.67,100
1939,0.3,0.08,0.22,51.790000000000006,09:44:51,349.66,100,349.91,200,349.785,100
1956,0.43000000000000005,0.09,0.34,0.0,09:45:00,349.23,100,349.47,400,349.35,100
1966,0.42000000000000004,0.19,0.23,3.9000000000000004,09:45:03,349.08,100,349.31,100,349.21,100
1969,5.109999999999999,4.93,0.18,9.59,09:45:09,349.0,500,349.2,300,349.05,300
1970,1.2,0.89,0.31,10.79,09:45:10,348.28,200,349.07,200,348.76,600
1972,1.42,1.15,0.27,12.809999999999999,09:45:12,348.39,200,349.07,400,349.02,100
1973,1.24,0.86,0.38,14.049999999999999,09:45:14,348.4,300,349.07,400,349.0,100
1977,1.44,1.19,0.25,16.82,09:45:16,348.59,300,349.06,500,349.06,100
1985,0.5700000000000001,0.28,0.29,20.040000000000003,09:45:20,348.69,200,349.3,100,349.3,100
2009,0.43,0.21,0.22,29.87000000000001,09:45:29,348.84,100,349.3,400,349.28,100
2020,0.47,0.26,0.21,34.12000000000001,09:45:34,348.84,100,349.3,400,348.89,100
2025,0.35000000000000003,0.08,0.27,36.00000000000001,09:45:36,348.9,100,349.3,400,349.1,100
2041,0.5700000000000001,0.25,0.32,42.17000000000001,09:45:42,348.87,200,349.11,100,348.91,790
2046,0.41000000000000003,0.15,0.26,43.85000000000001,09:45:43,348.53,100,348.85,100,348.66,100
2056,0.51,0.28,0.23,47.91000000000001,09:45:47,348.53,100,348.85,200,348.7255,131
2061,0.44,0.2,0.24,49.92000000000001,09:45:49,348.39,100,348.85,300,348.53,100
2087,0.56,0.27,0.29,0.0,09:46:00,348.22,100,348.84,100,348.49,100
2115,0.34,0.08,0.26,13.95,09:46:13,348.42,100,348.84,200,348.595,113
2140,0.30000000000000004,0.07,0.23,28.130000000000003,09:46:28,348.35,100,348.83,100,348.59,100
2158,0.32999999999999996,0.09,0.24,34.14000000000001,09:46:34,348.22,100,348.82,200,348.3,108
2163,0.33,0.07,0.26,35.870000000000005,09:46:35,348.36,100,348.82,200,348.52,100
2174,0.43000000000000005,0.23,0.2,40.140000000000015,09:46:40,348.36,100,348.8,300,348.58,100
2203,0.33,0.14,0.19,49.90000000000003,09:46:49,348.22,100,348.67,100,348.27,100
2209,0.53,0.27,0.26,52.00000000000003,09:46:52,348.22,100,348.66,100,348.24,100
2221,0.44,0.22,0.22,56.23000000000003,09:46:56,348.22,100,348.66,100,348.23,100
2233,0.25,0.07,0.18,0.0,09:47:00,348.22,100,348.66,100,348.22,100
2245,0.37,0.08,0.29,4.339999999999999,09:47:04,348.0,100,348.66,300,348.11,100
2258,0.44,0.23,0.21,13.79,09:47:13,347.87,100,348.35,200,348.06,300
2289,0.31,0.08,0.23,25.97,09:47:25,348.0,100,348.35,200,348.175,100
2300,0.54,0.2,0.34,30.549999999999994,09:47:30,347.86,100,348.28,100,348.0,100
2347,0.42,0.21,0.21,48.040000000000006,09:47:48,347.86,100,348.26,100,347.87,100
2363,0.47,0.17,0.3,54.51999999999999,09:47:54,347.61,200,348.26,300,347.93,100
2373,0.39,0.2,0.19,0.0,09:48:00,347.69,100,348.26,100,347.71,100
2383,0.44,0.26,0.18,3.8000000000000003,09:48:03,347.58,100,348.23,400,347.64,100
2414,3.29,3.03,0.26,20.97,09:48:20,347.58,100,347.88,100,347.86,131
2423,0.37,0.14,0.23,23.729999999999997,09:48:23,348.01,100,348.23,100,348.12,100
2440,0.24000000000000002,0.07,0.17,29.699999999999992,09:48:29,348.01,100,348.22,100,348.115,900
2485,0.34,0.07,0.27,45.93,09:48:45,347.62,300,348.2,300,347.9219,842
2496,0.41000000000000003,0.21,0.2,49.73,09:48:49,347.63,100,348.2,200,347.92,100
2508,0.30000000000000004,0.07,0.23,53.71000000000001,09:48:53,347.64,100,348.19,100,348.19800000000004,500
2550,2.28,1.94,0.34,0.0,09:49:00,347.7,100,348.15,300,348.13,100
2581,0.44,0.2,0.24,13.290000000000003,09:49:13,347.76,100,348.05,200,348.05,184
2594,0.37,0.07,0.3,19.26000000000001,09:49:19,347.87,100,348.19,100,348.035,100
2599,0.44,0.2,0.24,21.34000000000001,09:49:21,347.87,200,348.19,100,348.03,100
2633,0.32,0.08,0.24,33.30000000000002,09:49:33,347.93,100,348.19,400,348.055,100
2649,0.45999999999999996,0.22,0.24,0.0,09:50:00,347.93,100,348.19,100,348.28,100
2663,0.4,0.07,0.33,6.07,09:50:06,347.93,100,348.19,100,348.18,100
2667,0.5499999999999999,0.08,0.47,8.110000000000001,09:50:08,348.01,100,348.19,100,348.19,100
2673,0.45,0.12,0.33,14.040000000000001,09:50:14,347.83,100,348.18,300,347.96,100
2700,0.27,0.07,0.2,28.060000000000002,09:50:28,347.71,100,348.02,100,347.83,100
2716,0.67,0.22,0.45,34.120000000000005,09:50:34,347.71,200,348.04,200,348.02,100
2742,0.39,0.21,0.18,43.98000000000001,09:50:43,347.74,100,348.04,300,347.89,100
2748,0.25,0.07,0.18,46.000000000000014,09:50:46,347.58,200,347.81,200,347.81,100
2751,5.26,5.09,0.17,52.030000000000015,09:50:52,347.58,200,347.81,100,347.74,100
2767,0.33,0.08,0.25,58.02000000000001,09:50:58,347.57,200,347.8,100,347.58,100
2773,0.29,0.08,0.21,0.0,09:51:00,347.61,100,347.8,300,347.61,100
2804,0.38,0.16,0.22,16.029999999999998,09:51:16,347.61,300,347.8,100,347.79,100
2807,1.46,1.23,0.23,18.13,09:51:18,347.64,100,347.95,300,347.95,100
2858,0.29,0.08,0.21,37.96999999999999,09:51:37,348.02,100,348.19,100,348.17,100
2870,0.29000000000000004,0.07,0.22,41.98999999999999,09:51:41,348.0,200,348.19,100,348.095,100
2896,0.30000000000000004,0.07,0.23,51.829999999999984,09:51:51,348.0,200,348.19,100,348.15,100
2928,0.42000000000000004,0.19,0.23,0.0,09:52:00,347.84,100,348.18,200,347.97,100
2936,0.42,0.21,0.21,3.83,09:52:03,347.84,100,348.18,300,348.01,500
2953,0.25,0.07,0.18,15.7,09:52:15,347.66,100,347.83,100,347.66,100
2966,0.25,0.08,0.17,19.81,09:52:19,347.67,100,348.17,200,347.91,100
3036,0.37,0.17,0.2,43.76000000000001,09:52:43,347.66,100,348.0,300,347.72,200
3087,3.0,2.81,0.19,7.33,09:53:07,347.73,100,348.12,100,347.925,300
3098,0.28,0.07,0.21,13.589999999999998,09:53:13,347.85,100,348.16,200,348.04,100
3102,1.28,1.0,0.28,16.52,09:53:16,347.85,100,348.16,200,348.16,100
3237,2.25,2.07,0.18,3.0300000000000002,09:54:03,347.66,100,348.13,500,347.895,100
3241,1.1800000000000002,0.92,0.26,9.74,09:54:09,347.61,100,347.92,100,347.875,100
3254,0.35,0.18,0.17,19.770000000000003,09:54:19,347.62,100,347.91,100,347.88,100
3261,0.45,0.27,0.18,21.910000000000004,09:54:21,347.62,100,347.91,100,347.9,100
3295,0.27,0.08,0.19,31.87,09:54:31,347.63,100,347.91,300,347.765,100
3312,0.43,0.24,0.19,37.95,09:54:37,347.65,100,347.91,300,347.78,100
3336,0.38,0.21,0.17,45.72000000000002,09:54:45,347.53,100,347.75,100,347.6,100
3342,0.33,0.17,0.16,47.60000000000002,09:54:47,347.53,100,347.75,200,347.73,100
3349,0.39,0.2,0.19,49.68000000000003,09:54:49,347.53,200,347.74,200,347.645,100
3354,0.44999999999999996,0.21,0.24,51.75000000000003,09:54:51,347.54,100,347.74,200,347.635,100
3367,0.36,0.18,0.18,55.900000000000034,09:54:55,347.53,200,347.73,100,347.54,100
3378,0.35,0.12,0.23,0.0,09:55:00,347.53,200,347.83,300,347.68,100
3387,1.64,1.43,0.21,4.53,09:55:04,347.81,100,347.97,100,347.965,100
3459,0.33,0.08,0.25,38.15,09:55:38,348.0,100,348.15,200,348.075,100
3494,0.3,0.09,0.21,51.76000000000001,09:55:51,348.01,100,348.15,300,348.1465,100
3522,0.33,0.07,0.26,5.89,09:56:05,348.04,400,348.3,100,348.14,100
3586,0.36,0.09,0.27,38.03999999999999,09:56:38,348.47,300,348.75,100,348.61,200
3592,0.36,0.19,0.17,39.999999999999986,09:56:39,348.47,300,348.75,100,348.6436,258
3628,0.32,0.07,0.25,51.93999999999999,09:56:51,348.6,100,348.75,100,348.675,100
3652,0.27,0.07,0.2,0.0,09:57:00,348.8,100,349.17,200,348.84,199
3663,0.28,0.07,0.21,4.12,09:57:04,348.8,100,349.17,200,348.82,100
3667,3.57,3.32,0.25,8.85,09:57:08,348.8,100,349.17,100,348.825,100
3670,0.3,0.08,0.22,9.870000000000001,09:57:09,348.8,100,349.17,200,348.83,100
3718,0.37,0.17,0.2,34.21,09:57:34,348.98,100,349.16,100,349.07,146
3735,0.42000000000000004,0.23,0.19,40.230000000000004,09:57:40,348.98,200,349.2,200,349.16,100
3747,0.29000000000000004,0.07,0.22,44.13,09:57:44,349.07,100,349.26,200,349.165,200
3766,0.28,0.08,0.2,50.12,09:57:50,349.07,100,349.26,100,349.26,500
3772,0.26,0.07,0.19,51.830000000000005,09:57:51,349.16,200,349.58,100,349.49,100
3784,0.37,0.19,0.18,56.059999999999995,09:57:56,349.11,100,349.58,200,349.345,100
3795,0.33999999999999997,0.12,0.22,0.0,09:58:00,349.2,100,349.58,200,349.39,100
3816,2.62,2.27,0.35,15.73,09:58:15,349.2,200,349.58,100,349.205,100
3990,0.25,0.07,0.18,20.370000000000008,09:59:20,349.22,300,349.56,200,349.23,100
4014,0.34,0.17,0.17,28.51000000000001,09:59:28,349.22,300,349.55,100,349.235,100
4034,0.4,0.23,0.17,34.46000000000001,09:59:34,349.22,300,349.55,100,349.225,100
4089,0.28,0.07,0.21,0.0,10:00:00,349.22,300,349.55,300,349.27,100
4099,0.39,0.07,0.32,3.85,10:00:03,349.38,200,350.0,1100,349.5175,100
4116,1.8800000000000001,1.59,0.29,15.6,10:00:15,349.39,300,349.99,1000,349.425,100
4179,0.56,0.25,0.31,46.20999999999999,10:00:46,349.83,200,349.98,100,349.98,100
4183,0.42,0.07,0.35,48.11999999999998,10:00:48,349.83,200,350.0,1100,349.915,100
4202,1.21,0.77,0.44,0.0,10:01:00,349.91,400,350.17,200,349.92,100
4210,0.35000000000000003,0.07,0.28,3.5100000000000002,10:01:03,350.05,200,350.61,100,350.53,300
4214,1.22,0.86,0.36,5.8999999999999995,10:01:05,350.06,200,350.61,100,350.6,100
4293,0.44000000000000006,0.27,0.17,39.51000000000002,10:01:39,349.82,200,350.53,300,350.16,100
4324,0.28,0.08,0.2,49.49000000000004,10:01:49,349.82,200,350.41,100,349.825,100
4381,0.76,0.5,0.26,20.900000000000002,10:02:20,349.66,100,350.15,300,349.8658,1000
4399,0.25,0.07,0.18,26.199999999999996,10:02:26,349.66,200,350.15,300,349.665,100
4478,0.34,0.08,0.26,54.06000000000003,10:02:54,349.66,100,350.05,200,349.8549,100
4569,0.28,0.07,0.21,31.81000000000001,10:03:31,349.38,100,349.65,200,349.515,100
4595,0.27,0.1,0.17,39.790000000000006,10:03:39,349.22,100,349.65,300,349.33,100
4671,1.4,1.13,0.27,0.0,10:04:00,349.22,100,349.61,100,349.32,100
4673,0.38,0.14,0.24,4.23,10:04:04,349.22,100,349.6,100,349.41,100
4697,0.26,0.07,0.19,16.330000000000002,10:04:16,349.61,100,350.0,200,349.6,100
4742,0.5700000000000001,0.27,0.3,34.400000000000006,10:04:34,349.51,100,349.99,200,349.75,100
4818,0.37,0.17,0.2,16.070000000000004,10:05:16,349.51,100,349.96,200,349.68,200
4857,0.4,0.22,0.18,34.0,10:05:34,349.51,100,349.95,300,349.73,100
4982,0.5,0.2,0.3,0.0,10:06:00,349.64,100,349.95,200,349.65,100
5044,0.24000000000000002,0.07,0.17,21.790000000000006,10:06:21,349.66,100,349.95,300,349.805,200
5120,0.26,0.07,0.19,17.640000000000004,10:07:17,349.66,100,349.88,400,349.77,200
5141,0.39,0.17,0.22,25.549999999999997,10:07:25,349.67,300,350.51,300,349.855,100
5147,0.28,0.07,0.21,27.81,10:07:27,349.67,300,350.23,200,349.96,100
5158,0.41000000000000003,0.19,0.22,31.92,10:07:31,349.67,300,350.12,100,350.07,100
5168,0.37,0.18,0.19,35.61,10:07:35,349.67,200,350.12,200,349.895,100
5181,0.27,0.08,0.19,39.680000000000014,10:07:39,349.67,300,350.12,200,349.675,100
5187,0.31,0.12,0.19,41.54000000000002,10:07:41,349.69,300,350.16,100,350.14,100
5220,0.28,0.07,0.21,0.0,10:08:00,350.07,400,350.45,300,350.18,100
5227,0.23,0.07,0.16,2.1799999999999997,10:08:02,350.07,400,350.45,100,350.08,100
5245,3.9699999999999998,3.65,0.32,11.75,10:08:11,350.16,300,350.76,200,350.67,100
5249,2.8200000000000003,2.62,0.2,15.55,10:08:15,350.16,400,350.76,400,350.195,100
5250,0.43000000000000005,0.23,0.2,15.98,10:08:15,350.17,300,350.65,100,350.54,244
5262,0.30000000000000004,0.13,0.17,20.07,10:08:20,350.2,100,350.65,100,350.22,100
5310,0.31,0.07,0.24,38.290000000000006,10:08:38,350.56,200,350.9,100,350.64,100
5326,0.33,0.08,0.25,44.09000000000001,10:08:44,350.51,100,350.88,200,350.55,100
5355,0.32,0.08,0.24,53.97000000000001,10:08:53,350.48,200,350.87,100,350.5,100
5378,4.11,3.81,0.3,0.0,10:09:00,350.86,300,351.15,100,350.845,100
5379,0.32,0.09,0.23,0.32,10:09:00,350.87,100,351.14,100,351.0,11200
5381,3.4,3.07,0.33,4.79,10:09:04,350.86,200,351.14,200,350.88,100
5386,2.83,2.65,0.18,9.4,10:09:09,350.56,100,351.12,200,350.59,100
5407,0.33,0.07,0.26,19.630000000000003,10:09:19,350.57,200,351.06,100,350.57,100
5462,168.17,168.0,0.17,0.0,10:12:00,350.75,200,350.98,400,350.86,100
5477,0.24000000000000002,0.07,0.17,4.23,10:12:04,350.75,200,350.98,300,350.865,100
5484,0.23,0.07,0.16,6.210000000000001,10:12:06,351.12,100,351.3,200,351.23,100
5529,0.42,0.18,0.24,22.64000000000001,10:12:22,351.23,300,351.63,100,351.4,100
5534,0.44,0.24,0.2,24.31000000000001,10:12:24,351.23,200,351.62,200,351.425,100
5552,0.32,0.08,0.24,0.0,10:13:00,351.23,200,351.62,200,351.29,100
5630,0.28,0.08,0.2,38.090000000000025,10:13:38,351.37,100,351.62,100,351.61,100
5635,0.39,0.18,0.21,40.020000000000024,10:13:40,351.37,200,351.61,100,351.49,100
5683,0.27,0.1,0.17,55.93000000000004,10:13:55,350.9,300,351.34,300,350.945,100
5697,0.35,0.18,0.17,0.0,10:14:00,350.9,300,351.32,200,350.97,100
5703,0.31000000000000005,0.14,0.17,1.7400000000000002,10:14:01,350.9,300,351.32,200,350.96,100
5715,0.36,0.17,0.19,5.750000000000001,10:14:05,350.91,200,351.3,100,350.94,100
5717,1.59,1.33,0.26,11.55,10:14:11,350.91,200,351.28,200,351.095,100
5725,0.39,0.22,0.17,19.76,10:14:19,350.91,100,351.24,100,351.085,200
5743,0.4,0.21,0.19,25.9,10:14:25,351.05,100,351.38,200,351.22,100
5772,0.23,0.07,0.16,35.7,10:14:35,351.05,200,351.7,200,351.67,100
5805,0.24000000000000002,0.07,0.17,45.770000000000024,10:14:45,351.05,200,351.66,200,351.57,100
5819,0.39,0.21,0.18,50.060000000000024,10:14:50,351.05,200,351.64,200,351.345,100
5843,0.35,0.17,0.18,0.0,10:15:00,351.05,200,351.59,200,351.32,100
5861,3.37,3.02,0.35,10.75,10:15:10,351.05,200,351.59,200,351.185,100
5863,1.73,1.47,0.26,12.74,10:15:12,351.05,200,351.59,200,351.15,100
5865,3.1599999999999997,2.82,0.34,16.54,10:15:16,351.05,200,351.55,100,351.3,500
5866,0.30000000000000004,0.07,0.23,16.84,10:15:16,351.05,200,351.58,2000,351.55,100
5873,1.99,1.65,0.34,21.729999999999997,10:15:21,351.29,200,351.6,100,351.56,100
5874,0.44999999999999996,0.21,0.24,22.179999999999996,10:15:22,351.29,100,351.59,100,351.445,200
5902,0.41000000000000003,0.23,0.18,32.08999999999999,10:15:32,351.29,100,351.59,200,351.365,100
5907,0.37,0.18,0.19,33.849999999999994,10:15:33,351.29,200,351.59,200,351.44,100
5939,0.24000000000000002,0.07,0.17,43.71000000000001,10:15:43,351.4,100,351.83,100,351.6,100
6001,0.26,0.08,0.18,0.0,10:16:00,351.33,100,351.78,300,351.555,100
6013,0.42000000000000004,0.22,0.2,8.07,10:16:08,351.33,100,351.76,100,351.545,100
6151,0.29000000000000004,0.07,0.22,0.0,10:17:00,351.37,200,351.62,200,351.495,100
6158,4.47,4.22,0.25,6.49,10:17:06,351.35,100,351.49,200,351.36,100
6159,2.81,2.47,0.34,9.3,10:17:09,351.32,300,351.4,200,351.34,100
6160,1.41,1.18,0.23,10.71,10:17:10,351.03,100,351.38,300,351.035,100
6171,2.12,1.85,0.27,18.020000000000003,10:17:18,351.02,100,351.34,100,351.02,100
6176,0.26,0.07,0.19,19.83000000000001,10:17:19,351.02,100,351.32,100,351.17,100
6248,0.33,0.08,0.25,45.86000000000003,10:17:45,351.0,500,351.31,200,351.1225,100
6291,4.31,3.94,0.37,11.419999999999998,10:18:11,351.07,100,351.32,100,351.28,100
6318,52.14,51.78,0.36,0.0,10:19:00,350.82,100,351.12,200,350.85,100
6319,0.42000000000000004,0.23,0.19,0.42000000000000004,10:19:00,350.61,300,351.12,200,350.75,100
6323,0.42,0.21,0.21,2.3400000000000003,10:19:02,350.5,100,350.89,100,350.61,100
6394,0.42000000000000004,0.23,0.19,28.37,10:19:28,350.47,100,351.07,100,350.78,100
6489,0.30000000000000004,0.07,0.23,20.82,10:20:20,350.56,100,350.96,200,350.8,100
6526,0.31,0.09,0.22,34.71000000000001,10:20:34,350.6,200,350.94,400,350.77,100
6536,34.309999999999995,34.08,0.23,0.0,10:21:00,351.01,200,351.59,300,351.31,100
6542,0.32,0.08,0.24,2.07,10:21:02,351.02,100,351.55,200,351.01,100
6547,0.34,0.07,0.27,4.069999999999999,10:21:04,351.02,200,351.49,100,351.25,100
6559,0.6000000000000001,0.07,0.53,10.14,10:21:10,351.2,100,351.52,200,351.41,100
6573,0.47,0.1,0.37,18.409999999999993,10:21:18,351.03,100,351.43,100,351.245,100
6600,0.5499999999999999,0.08,0.47,32.60999999999999,10:21:32,350.67,200,351.3,300,351.16,100
6603,0.75,0.23,0.52,34.80999999999999,10:21:34,350.67,200,351.11,100,351.12,100
6626,0.79,0.29,0.5,0.0,10:22:00,350.7,100,351.11,200,350.905,100
6638,0.34,0.07,0.27,9.46,10:22:09,350.7,100,351.11,200,351.11,100
6665,0.49,0.07,0.42,22.389999999999997,10:22:22,350.71,100,351.11,200,350.91,100
6667,0.67,0.28,0.39,23.709999999999997,10:22:23,350.71,100,351.09,200,350.88599999999997,300
6695,0.32,0.07,0.25,37.549999999999976,10:22:37,350.71,100,351.06,200,350.74,100
6699,0.49,0.22,0.27,39.359999999999985,10:22:39,350.71,100,351.06,200,350.885,100
6738,0.53,0.24,0.29,0.0,10:23:00,350.75,200,351.06,400,350.84,100
6808,0.33,0.13,0.2,27.64,10:23:27,350.91,100,351.03,200,350.9125,100
6856,4.62,4.28,0.34,6.8100000000000005,10:24:06,350.84,100,351.02,300,350.93,100
6883,0.43000000000000005,0.2,0.23,24.060000000000002,10:24:24,350.32,100,350.8,100,350.33,100
6914,0.43000000000000005,0.2,0.23,37.93999999999999,10:24:37,350.34,100,350.76,400,350.35,100
6930,0.44999999999999996,0.21,0.24,44.010000000000005,10:24:44,350.35,200,350.74,100,350.555,100
6965,0.91,0.27,0.64,0.0,10:25:00,350.37,100,350.7,300,350.38,100
6997,0.43,0.14,0.29,21.909999999999997,10:25:21,350.39,100,350.68,200,350.545,100
7009,0.37,0.08,0.29,27.849999999999998,10:25:27,350.39,100,350.68,300,350.535,100
7013,0.53,0.1,0.43,29.859999999999996,10:25:29,350.39,200,350.68,300,350.4,100
7017,0.48000000000000004,0.2,0.28,31.889999999999997,10:25:31,350.39,200,350.66,100,350.39,100
7020,0.44,0.18,0.26,33.53999999999999,10:25:33,350.4,100,350.64,100,350.52,180
7025,0.35000000000000003,0.07,0.28,35.61999999999999,10:25:35,350.3,100,350.62,300,350.46,100
7089,0.4,0.08,0.32,0.0,10:26:00,350.3,100,350.6,400,350.3,100
7116,0.32,0.07,0.25,17.980000000000004,10:26:17,350.25,100,350.57,300,350.41,100
7122,0.42000000000000004,0.15,0.27,20.360000000000007,10:26:20,350.22,100,350.57,300,350.25,100
7133,0.46,0.2,0.26,24.210000000000004,10:26:24,350.12,100,350.55,300,350.21,100
7137,0.33,0.08,0.25,25.930000000000003,10:26:25,350.17,100,350.55,300,350.335,200
7174,0.48,0.18,0.3,44.06,10:26:44,350.27,100,350.44,200,350.27,100
7185,37.42,37.15,0.27,0.0,10:27:00,350.91,100,351.06,100,351.025,100
7257,0.45999999999999996,0.24,0.22,0.0,10:28:00,351.04,100,351.32,200,351.07,100
7271,0.44,0.25,0.19,6.130000000000002,10:28:06,350.53,100,351.12,200,350.89,100
7306,0.26,0.08,0.18,23.86,10:28:23,350.54,100,350.97,100,350.76,100
7348,0.35000000000000003,0.07,0.28,38.2,10:28:38,350.54,100,350.86,100,350.7,100
7422,0.42000000000000004,0.2,0.22,0.0,10:29:00,350.53,100,350.86,200,350.695,100
7554,0.26,0.08,0.18,49.75000000000003,10:29:49,350.53,100,350.86,300,350.79,100
7571,0.55,0.24,0.31,0.0,10:30:00,350.53,100,350.84,200,350.69,100
7589,4.29,4.05,0.24,11.18,10:30:11,350.53,200,350.82,200,350.675,100
7631,0.43,0.22,0.21,31.29,10:30:31,350.53,100,350.8,300,350.665,100
7725,2.15,1.77,0.38,11.860000000000001,10:31:11,350.63,200,351.02,300,350.825,100
7772,0.44,0.23,0.21,30.26,10:31:30,350.53,100,350.84,200,350.685,100
7804,0.4,0.23,0.17,0.0,10:33:00,350.2,100,350.54,700,350.365,100
7829,0.41000000000000003,0.24,0.17,10.810000000000004,10:33:10,350.21,100,350.54,700,350.375,100
7846,0.42000000000000004,0.2,0.22,17.04000000000001,10:33:17,350.21,100,350.52,500,350.36,100
7851,0.41000000000000003,0.23,0.18,18.940000000000012,10:33:18,350.22,100,350.52,500,350.28,100
7868,0.25,0.08,0.17,24.760000000000012,10:33:24,350.33,100,350.51,700,350.51,100
7880,0.26,0.07,0.19,28.700000000000017,10:33:28,350.33,100,350.49,300,350.49,100
7906,0.48,0.22,0.26,36.95000000000002,10:33:36,350.33,100,350.49,300,350.415,200
7913,0.34,0.17,0.17,38.85000000000002,10:33:38,350.19,100,350.37,200,350.19,100
7985,0.27,0.08,0.19,25.919999999999995,10:34:25,349.91,100,350.2,400,349.91,100
8063,0.6000000000000001,0.07,0.53,58.17,10:34:58,349.68,400,349.93,300,349.81,100
8092,0.59,0.24,0.35,7.9799999999999995,10:35:07,349.83,100,350.33,200,349.83,100
8105,0.8,0.26,0.54,16.009999999999998,10:35:16,349.83,100,350.33,200,350.32,100
8147,0.78,0.17,0.61,0.0,10:36:00,350.07,100,350.34,100,350.31,100
8289,0.5900000000000001,0.07,0.52,7.8,10:37:07,350.59,100,350.88,100,350.68,100
8302,0.5700000000000001,0.07,0.5,15.759999999999998,10:37:15,350.59,100,350.87,100,350.735,100
8325,0.5800000000000001,0.07,0.51,0.0,10:38:00,350.58,100,350.85,100,350.715,100
8338,0.61,0.14,0.47,7.819999999999999,10:38:07,350.59,200,351.25,300,350.92,100
8431,0.79,0.18,0.61,15.900000000000002,10:39:15,350.56,100,350.99,200,350.56,100
8440,0.76,0.27,0.49,22.52,10:39:22,350.83,200,351.34,300,351.33,100
8466,0.6499999999999999,0.07,0.58,41.14000000000001,10:39:41,350.96,200,351.44,300,351.19,100
8485,0.64,0.14,0.5,0.0,10:40:00,350.98,200,351.37,100,350.985,100
8495,1.0,0.18,0.82,8.329999999999998,10:40:08,350.98,200,351.35,100,351.065,100
8498,1.2,0.5,0.7,14.949999999999996,10:40:14,351.26,200,351.62,100,351.35,100
8503,0.63,0.12,0.51,19.769999999999996,10:40:19,351.26,500,351.62,100,351.26,100
8586,2.21,1.61,0.6,10.989999999999998,10:41:10,351.31,300,351.61,100,351.5,100
8650,0.62,0.21,0.41,48.42,10:41:48,351.36,400,351.61,200,351.37,100
8660,0.5900000000000001,0.26,0.33,1.62,10:42:01,351.61,300,351.93,100,351.62,100
8667,0.56,0.07,0.49,5.58,10:42:05,351.62,300,351.93,100,351.784,100
8674,0.5800000000000001,0.2,0.38,9.600000000000001,10:42:09,351.62,300,351.93,100,351.63,100
8687,0.5900000000000001,0.28,0.31,21.7,10:42:21,351.64,200,351.92,100,351.91,100
8699,0.79,0.19,0.6,30.06,10:42:30,351.64,100,351.92,100,351.65,100
8705,0.61,0.29,0.32,33.720000000000006,10:42:33,351.78,100,352.29,800,351.93,100
8708,0.5800000000000001,0.07,0.51,35.5,10:42:35,351.78,1200,352.28,100,351.95,100
8718,0.5700000000000001,0.07,0.5,41.460000000000015,10:42:41,351.96,200,352.23,100,351.96,100
8733,0.5800000000000001,0.14,0.44,49.850000000000016,10:42:49,351.96,200,352.09,100,351.965,100
8737,0.63,0.2,0.43,52.08000000000001,10:42:52,351.96,100,352.21,100,352.08,100
8761,2.0,1.5,0.5,0.0,10:43:00,351.96,100,352.14,200,352.09,100
8791,0.6399999999999999,0.07,0.57,22.85,10:43:22,351.92,300,352.14,200,352.03,100
8848,1.4,0.92,0.48,0.0,10:44:00,352.13,100,352.27,100,352.14,100
8874,0.6100000000000001,0.07,0.54,19.209999999999997,10:44:19,351.91,300,352.24,300,352.07,100
8888,0.6000000000000001,0.07,0.53,27.609999999999996,10:44:27,351.91,300,352.23,200,352.07099999999997,100
8902,0.45,0.14,0.31,35.4,10:44:35,351.91,400,352.24,300,351.99,100
8919,0.44,0.07,0.37,45.199999999999996,10:44:45,352.08,100,352.38,100,352.31,100
8928,0.6,0.12,0.48,0.0,10:45:00,351.92,200,352.37,100,352.35,100
8930,0.61,0.24,0.37,1.1800000000000002,10:45:01,351.91,400,352.53,100,352.44,115
8937,0.5900000000000001,0.07,0.52,8.76,10:45:08,351.91,500,352.43,100,351.94,100
8943,1.17,0.63,0.54,13.549999999999999,10:45:13,351.91,500,352.42,100,352.37,100
8952,0.5900000000000001,0.2,0.39,20.779999999999998,10:45:20,351.91,500,352.4,200,351.98,300
8975,0.74,0.09,0.65,35.15,10:45:35,351.93,200,352.37,1800,352.15,100
8990,0.65,0.21,0.44,45.00999999999999,10:45:45,351.93,200,352.35,100,351.955,100
8993,0.59,0.08,0.51,47.15,10:45:47,351.93,300,352.39,100,352.34,100
9006,0.5800000000000001,0.07,0.51,54.96,10:45:54,351.94,500,352.37,100,352.32,100
9029,3.6,2.99,0.61,9.19,10:46:09,351.98,300,352.69,100,352.29,100
9034,0.5900000000000001,0.26,0.33,12.02,10:46:12,351.99,500,352.45,100,352.43,100
9041,0.43000000000000005,0.09,0.34,15.829999999999998,10:46:15,352.03,200,352.45,100,352.045,100
9044,0.5599999999999999,0.21,0.35,17.599999999999998,10:46:17,352.05,200,352.45,100,352.25,100
9045,0.5800000000000001,0.07,0.51,18.18,10:46:18,352.05,200,352.45,100,352.26,100
9049,0.6100000000000001,0.07,0.54,20.81,10:46:20,352.05,200,352.45,100,352.06,100
9051,0.6200000000000001,0.07,0.55,22.24,10:46:22,352.05,600,352.44,100,352.1,100
9065,0.5900000000000001,0.07,0.52,31.83,10:46:31,352.11,300,352.43,100,352.11199999999997,500
9066,0.6100000000000001,0.07,0.54,32.44,10:46:32,352.11,300,352.43,100,352.27,100
9083,0.7799999999999999,0.09,0.69,44.42,10:46:44,352.11,100,352.44,200,352.275,100
9092,0.59,0.18,0.41,50.04000000000001,10:46:50,352.13,300,352.44,200,352.16,100
9108,0.62,0.19,0.43,0.0,10:47:00,352.17,100,352.44,200,352.305,100
9109,0.6100000000000001,0.28,0.33,0.6100000000000001,10:47:00,352.43,600,352.6,200,352.47,100
9115,2.97,2.47,0.5,9.790000000000001,10:47:09,352.41,300,352.66,100,352.6,100
9119,0.63,0.19,0.44,13.000000000000002,10:47:13,352.43,100,352.66,100,352.66,100
9143,0.58,0.08,0.5,26.79999999999999,10:47:26,352.47,100,352.8,100,352.79,100
9145,0.56,0.2,0.36,27.829999999999988,10:47:27,352.47,100,352.8,100,352.6902,100
9147,0.44,0.07,0.37,28.849999999999987,10:47:28,352.49,200,352.79,100,352.645,100
9151,0.6,0.12,0.48,31.029999999999987,10:47:31,352.49,500,352.8,100,352.64,100
9157,0.65,0.17,0.48,34.65999999999999,10:47:34,352.53,100,352.8,100,352.8,100
9172,0.7999999999999999,0.23,0.57,44.81999999999999,10:47:44,352.65,200,352.8,100,352.78,100
9186,0.61,0.18,0.43,53.260000000000005,10:47:53,352.65,200,352.88,100,352.81,100
9188,0.59,0.08,0.51,0.0,10:48:00,352.65,200,352.88,100,352.765,100
9189,0.57,0.08,0.49,0.57,10:48:00,352.66,100,353.0,100,352.92,100
9195,0.5700000000000001,0.13,0.44,3.9800000000000004,10:48:03,352.73,200,353.0,100,352.855,110
9203,4.82,4.37,0.45,15.2,10:48:15,352.78,100,353.02,100,353.0199,100
9214,0.6,0.15,0.45,24.209999999999997,10:48:24,352.84,100,353.13,100,353.0295,100
9221,0.43,0.07,0.36,28.04,10:48:28,352.83,200,353.13,100,353.12,100
9268,0.5700000000000001,0.07,0.5,54.38999999999999,10:48:54,352.83,300,353.13,200,353.05,100
9278,0.5700000000000001,0.14,0.43,0.0,10:49:00,352.85,100,353.14,300,353.13,100
9282,0.99,0.55,0.44,2.62,10:49:02,352.95,100,353.33,100,353.07,100
9292,0.43,0.08,0.35,8.08,10:49:08,353.17,100,353.34,100,353.31,100
9315,0.62,0.23,0.39,24.050000000000008,10:49:24,353.16,300,353.48,200,353.35,100
9322,0.56,0.19,0.37,28.03000000000001,10:49:28,353.16,300,353.48,200,353.47,100
9338,0.64,0.09,0.55,38.66000000000001,10:49:38,353.18,300,353.48,200,353.42,100
9363,0.98,0.18,0.8,56.430000000000014,10:49:56,353.3,200,353.58,200,353.48,100
9368,0.6100000000000001,0.07,0.54,0.0,10:50:00,353.5,100,353.77,300,353.73,100
9376,0.61,0.09,0.52,6.22,10:50:06,353.62,100,353.87,100,353.65,131
9381,3.3899999999999997,2.88,0.51,11.989999999999998,10:50:11,353.61,100,353.87,100,353.85,100
9388,2.7600000000000002,2.18,0.58,19.98,10:50:19,353.67,200,353.87,200,353.87,100
9398,0.5900000000000001,0.07,0.52,25.960000000000004,10:50:25,353.99,100,354.93,100,354.89,100
9402,0.5700000000000001,0.14,0.43,28.17000000000001,10:50:28,354.0,200,354.93,100,354.2,100
9413,0.5900000000000001,0.07,0.52,33.97000000000001,10:50:33,354.23,200,354.9,100,354.44,135
9424,0.44,0.07,0.37,40.180000000000014,10:50:40,354.23,1500,354.84,600,354.78,100
9434,0.5900000000000001,0.07,0.52,45.930000000000014,10:50:45,354.26,200,354.79,100,354.73,100
9441,0.5800000000000001,0.13,0.45,49.91000000000001,10:50:49,354.26,200,354.79,2500,354.79,100
9456,0.44,0.07,0.37,58.16,10:50:58,354.27,100,354.78,100,354.36,100
9465,2.38,1.88,0.5,0.0,10:51:00,354.26,100,354.49,200,354.49,100
9471,2.39,1.81,0.58,7.040000000000001,10:51:07,354.29,300,354.88,100,354.87,100
9477,0.64,0.18,0.46,13.03,10:51:13,354.31,100,354.83,100,354.575,100
9487,0.6000000000000001,0.07,0.53,20.810000000000002,10:51:20,354.31,100,354.74,100,354.31,100
9516,0.63,0.18,0.45,38.960000000000015,10:51:38,354.31,100,354.66,100,354.66,100
9519,0.6,0.19,0.41,40.78000000000002,10:51:40,354.31,100,354.66,200,354.485,100
9538,0.6000000000000001,0.07,0.53,52.96000000000002,10:51:52,354.27,100,354.59,300,354.58,109
9541,0.5900000000000001,0.25,0.34,0.0,10:52:00,354.27,100,354.58,100,354.4325,100
9554,3.45,2.83,0.62,15.0,10:52:15,354.27,100,354.9,300,354.585,100
9567,0.6200000000000001,0.07,0.55,24.570000000000007,10:52:24,354.27,100,354.73,100,354.35,100
9579,0.6300000000000001,0.07,0.56,32.38000000000001,10:52:32,354.27,100,354.65,100,354.475,100
9588,0.64,0.17,0.47,38.610000000000014,10:52:38,354.27,100,354.63,300,354.28,100
9602,0.64,0.19,0.45,48.20000000000002,10:52:48,354.37,200,354.63,300,354.37,100
9628,0.44,0.14,0.3,3.8299999999999996,10:53:03,354.32,200,354.61,2200,354.61,100
9661,0.58,0.08,0.5,28.01999999999999,10:53:28,354.32,200,354.58,100,354.38,100
9665,0.44,0.07,0.37,30.23999999999999,10:53:30,354.32,300,354.56,100,354.42,100
9668,0.61,0.2,0.41,32.019999999999996,10:53:32,354.32,200,354.56,100,354.33,150
9717,0.59,0.17,0.42,0.0,10:54:00,354.01,100,354.46,300,354.09,100
9721,0.56,0.07,0.49,2.18,10:54:02,353.96,100,354.23,100,354.02,100
9724,0.43999999999999995,0.09,0.35,3.8400000000000003,10:54:03,353.87,100,354.23,200,353.973,100
9732,0.5700000000000001,0.12,0.45,8.17,10:54:08,353.93,100,354.19,100,353.96,100
9760,0.76,0.27,0.49,2.62,10:56:02,353.82,200,354.17,100,353.995,100
9786,0.6000000000000001,0.14,0.46,20.240000000000002,10:56:20,353.82,200,354.16,100,354.15,100
9790,0.77,0.07,0.7,23.040000000000003,10:56:23,353.82,200,354.16,100,353.82,500
9808,0.5800000000000001,0.07,0.51,0.0,10:57:00,353.92,600,354.09,100,353.9225,250
9821,1.79,1.23,0.56,13.760000000000002,10:57:13,353.88,100,354.08,200,353.881,200
9826,0.44,0.07,0.37,16.200000000000003,10:57:16,353.88,200,354.08,200,353.89,100
9858,0.42,0.07,0.35,35.97000000000001,10:57:35,353.88,200,354.08,200,353.98,100
9886,0.5700000000000001,0.07,0.5,52.320000000000036,10:57:52,353.83,100,354.05,300,353.83,100
9927,0.59,0.16,0.43,0.0,10:58:00,353.55,100,354.02,300,353.76,100
9934,0.5800000000000001,0.12,0.46,3.8200000000000003,10:58:03,353.55,100,354.0,100,353.77,100
9963,0.5700000000000001,0.17,0.4,19.830000000000002,10:58:19,353.5,100,353.73,200,353.58,100
9993,0.59,0.21,0.38,0.0,10:59:00,353.32,100,353.68,100,353.32,100
10002,0.61,0.17,0.44,6.590000000000002,10:59:06,353.32,100,353.68,100,353.41,100
10007,2.17,1.58,0.59,11.190000000000001,10:59:11,353.32,100,353.67,100,353.5009,100
10018,2.77,2.34,0.43,19.8,10:59:19,353.32,100,353.67,100,353.39,100
10034,0.5900000000000001,0.27,0.32,29.980000000000008,10:59:29,353.32,100,353.66,100,353.38,100
10038,0.5800000000000001,0.07,0.51,32.16000000000001,10:59:32,353.32,100,353.66,200,353.49,100
10093,0.77,0.17,0.6,0.0,11:00:00,353.32,100,353.6,100,353.4037,167
10100,1.19,0.61,0.58,9.61,11:00:09,353.32,100,353.6,200,353.33,100
10148,0.6100000000000001,0.27,0.34,39.60000000000001,11:00:39,353.27,100,353.59,400,353.27,100
10162,0.6100000000000001,0.07,0.54,47.640000000000015,11:00:47,353.27,100,353.56,100,353.55,100
10175,0.58,0.08,0.5,0.0,11:01:00,353.27,100,353.55,300,353.285,100
10188,0.6000000000000001,0.2,0.4,19.790000000000003,11:01:19,353.29,100,353.5,100,353.29,100
10225,0.5700000000000001,0.07,0.5,39.970000000000006,11:01:39,353.28,100,353.46,300,353.395,100
10246,0.5800000000000001,0.14,0.44,51.77,11:01:51,353.19,100,353.34,300,353.265,100
10254,0.5800000000000001,0.27,0.31,55.98,11:01:55,353.19,100,353.34,300,353.19,100
10257,0.76,0.07,0.69,0.0,11:04:00,353.04,100,353.47,200,353.37,100
10318,0.77,0.23,0.54,41.72000000000001,11:04:41,353.06,100,353.37,100,353.215,100
10332,0.6200000000000001,0.28,0.34,4.42,11:05:04,353.04,300,353.37,300,353.205,100
10334,0.8099999999999999,0.23,0.58,6.02,11:05:06,353.05,100,353.36,100,353.065,100
10340,1.56,0.89,0.67,12.98,11:05:12,353.01,400,353.25,100,353.04,100
10342,0.5800000000000001,0.07,0.51,14.190000000000001,11:05:14,353.01,400,353.25,100,353.01,100
10349,0.6,0.08,0.52,22.180000000000007,11:05:22,352.94,200,353.24,300,352.94,100
10407,0.44,0.08,0.36,54.080000000000005,11:05:54,352.94,100,353.23,200,352.95,100
10422,0.59,0.18,0.41,0.0,11:06:00,352.89,100,353.23,300,352.89,100
10452,0.6,0.25,0.35,22.39,11:06:22,352.84,100,353.09,100,352.87,100
10463,0.5700000000000001,0.07,0.5,28.349999999999998,11:06:28,352.63,100,352.75,100,352.75,100
10506,0.6000000000000001,0.2,0.4,0.0,11:07:00,352.63,100,352.99,300,352.88,100
10520,0.59,0.17,0.42,8.18,11:07:08,352.65,100,352.97,200,352.61,100
10529,1.39,0.94,0.45,18.98,11:07:18,352.73,100,352.99,200,352.86,100
10535,0.56,0.12,0.44,24.38,11:07:24,352.73,100,352.98,100,352.73,100
10553,0.56,0.14,0.42,34.20000000000001,11:07:34,352.53,100,352.73,200,352.68,100
10557,0.43000000000000005,0.09,0.34,36.21000000000001,11:07:36,352.53,100,352.73,100,352.63,100
10598,0.5900000000000001,0.19,0.4,58.2,11:07:58,352.56,100,352.88,100,352.655,100
10672,0.44,0.07,0.37,49.68000000000001,11:08:49,352.95,100,353.18,100,353.17,100
10685,0.58,0.08,0.5,0.0,11:09:00,352.95,100,353.18,100,353.1,186
10717,0.59,0.17,0.42,21.830000000000002,11:09:21,352.99,300,353.53,200,353.45,100
10728,0.61,0.21,0.4,28.22000000000001,11:09:28,353.0,100,353.5,200,353.255,100
10771,0.44999999999999996,0.09,0.36,52.210000000000015,11:09:52,353.19,200,353.48,100,353.2531,111
10797,0.5800000000000001,0.07,0.51,0.0,11:10:00,353.52,400,353.8,100,353.44,200
10805,0.5700000000000001,0.07,0.5,10.19,11:10:10,353.54,100,354.2,200,353.565,100
10809,0.61,0.18,0.43,12.399999999999999,11:10:12,353.64,300,354.2,100,354.1,100
10820,0.43,0.07,0.36,18.219999999999995,11:10:18,353.98,100,354.18,100,354.17,100
10830,0.64,0.18,0.46,24.029999999999994,11:10:24,353.91,200,354.15,200,353.92,100
10882,0.43,0.07,0.36,3.62,11:11:03,353.88,100,354.18,100,354.11,100
10889,0.5700000000000001,0.25,0.32,7.800000000000002,11:11:07,353.87,200,354.18,100,354.0769,250
10946,0.64,0.08,0.56,46.05000000000002,11:11:46,353.87,100,354.15,200,353.9932,200
10978,0.56,0.07,0.49,0.0,11:12:00,353.87,100,354.15,200,353.875,100
11005,0.6300000000000001,0.07,0.56,24.25,11:12:24,353.98,200,354.31,100,354.18,100
11028,0.8099999999999999,0.24,0.57,40.66,11:12:40,354.03,100,354.31,500,354.03,100
11073,0.78,0.17,0.61,18.0,11:13:18,353.93,200,354.2,700,353.935,200
11076,0.81,0.2,0.61,20.37,11:13:20,353.93,200,354.34,100,354.16,300
11105,0.59,0.17,0.42,39.59,11:13:39,353.87,100,354.18,300,354.025,100
11162,0.5900000000000001,0.27,0.32,22.209999999999994,11:14:22,353.87,100,354.19,300,354.035,100
11197,0.45,0.08,0.37,42.25999999999999,11:14:42,353.88,100,354.19,200,354.12,100
11201,108.41,107.97,0.44,0.0,11:16:00,354.49,200,354.93,600,354.92,100
11202,0.44999999999999996,0.09,0.36,0.44999999999999996,11:16:00,354.49,100,354.93,700,354.5,100
11208,0.55,0.07,0.48,3.6000000000000005,11:16:03,354.48,200,354.92,1100,354.56,100
11211,0.6599999999999999,0.18,0.48,5.670000000000001,11:16:05,354.49,100,354.9,100,354.91,100
11246,2.5799999999999996,2.01,0.57,0.0,11:17:00,354.47,100,354.76,200,354.615,100
11275,0.59,0.18,0.41,21.799999999999994,11:17:21,354.47,100,354.76,200,354.75,100
11312,0.6,0.17,0.43,42.199999999999996,11:17:42,354.47,100,354.68,100,354.64,100
11339,1.77,1.34,0.43,1.77,11:18:01,354.58,400,355.0,200,354.67,100
11340,2.6199999999999997,2.32,0.3,4.39,11:18:04,354.58,400,354.99,600,354.6,100
11344,0.75,0.07,0.68,7.369999999999999,11:18:07,354.58,1500,354.97,200,354.775,100
11361,0.6100000000000001,0.07,0.54,22.169999999999998,11:18:22,354.59,100,354.87,100,354.76,100
11367,0.61,0.14,0.47,26.169999999999998,11:18:26,354.58,1500,354.89,200,354.88,100
11370,0.6100000000000001,0.07,0.54,27.98,11:18:27,354.58,1500,354.88,100,354.735,100
11382,0.6000000000000001,0.07,0.53,36.190000000000005,11:18:36,354.58,1500,354.83,100,354.705,100
11385,0.6,0.11,0.49,38.35000000000001,11:18:38,354.58,1500,354.84,200,354.84,100
11407,0.59,0.18,0.41,52.15000000000003,11:18:52,354.53,100,354.66,100,354.605,100
11410,0.74,0.07,0.67,0.0,11:19:00,354.53,100,354.66,100,354.595,100
11431,0.78,0.16,0.62,18.420000000000005,11:19:18,354.06,100,354.58,300,354.48,100
11434,0.83,0.23,0.6,20.840000000000003,11:19:20,354.06,100,354.51,100,354.285,100
11496,0.76,0.08,0.68,0.0,11:20:00,354.06,100,354.35,300,354.06,100
11513,4.16,3.7,0.46,18.209999999999997,11:20:18,354.05,100,354.32,200,354.34,100
11606,0.8,0.24,0.56,18.809999999999995,11:21:18,354.12,200,354.45,100,354.29,100
11621,0.79,0.15,0.64,30.839999999999996,11:21:30,354.14,200,354.41,100,354.275,100
11630,0.5800000000000001,0.13,0.45,36.61,11:21:36,354.29,100,354.72,100,354.45,100
11633,0.45,0.12,0.33,38.43000000000001,11:21:38,354.29,200,354.72,300,354.72,100
11636,0.5900000000000001,0.2,0.39,40.42000000000001,11:21:40,354.3,100,354.71,200,354.505,100
11660,0.7899999999999999,0.22,0.57,0.0,11:22:00,354.32,200,354.55,100,354.435,100
11687,0.6599999999999999,0.25,0.41,21.849999999999998,11:22:21,354.5,200,354.76,100,354.74,100
11693,0.6,0.21,0.39,25.64,11:22:25,354.6,200,355.0,300,354.725,100
11704,0.44999999999999996,0.15,0.3,31.649999999999995,11:22:31,354.62,300,354.94,200,354.94,100
11707,0.6,0.23,0.37,33.60999999999999,11:22:33,354.62,300,354.92,100,354.77,100
11718,0.61,0.24,0.37,39.84999999999999,11:22:39,354.73,700,354.96,1200,354.845,100
11727,0.46,0.07,0.39,45.45999999999999,11:22:45,354.73,800,354.87,100,354.8,200
11734,0.82,0.24,0.58,50.23,11:22:50,354.74,200,354.83,100,354.81,100
11736,0.6100000000000001,0.07,0.54,0.0,11:23:00,354.68,100,354.86,200,354.68,100
11756,0.82,0.23,0.59,16.43,11:23:16,354.63,200,354.79,100,354.71,100
11772,0.75,0.2,0.55,30.36,11:23:30,354.61,100,354.78,600,354.695,100
11785,0.59,0.22,0.37,38.21000000000001,11:23:38,354.53,100,354.69,100,354.65,100
11813,0.81,0.28,0.53,56.38000000000002,11:23:56,354.3,100,354.69,100,354.495,100
11835,0.61,0.21,0.4,0.61,11:24:00,354.3,100,354.59,300,354.5399,100
11843,0.5800000000000001,0.27,0.31,9.61,11:24:09,354.58,100,355.0,400,354.59,100
11850,0.6000000000000001,0.07,0.53,13.979999999999999,11:24:13,354.55,100,354.94,300,354.93,100
11889,0.5900000000000001,0.07,0.52,37.42000000000001,11:24:37,354.63,100,354.99,300,354.63,100
11934,0.96,0.18,0.78,24.22,11:25:24,354.62,600,354.78,100,354.7,100
11943,0.64,0.21,0.43,30.069999999999997,11:25:30,354.57,100,354.78,300,354.57,100
11986,0.77,0.07,0.7,4.1899999999999995,11:26:04,354.36,300,354.68,200,354.41,100
12023,0.6,0.08,0.52,34.02,11:26:34,354.4,100,354.62,300,354.4,100
12029,0.59,0.1,0.49,37.980000000000004,11:26:37,354.4,100,354.62,100,354.62,100
12036,0.5599999999999999,0.21,0.35,0.5599999999999999,11:27:00,353.79,100,353.96,400,353.9201,100
12059,0.73,0.08,0.65,1.34,11:28:01,353.94,200,354.16,100,354.05,100
12071,0.78,0.22,0.56,6.24,11:29:06,353.94,100,354.16,400,353.94,100
12123,0.62,0.12,0.5,48.4,11:29:48,353.89,100,354.14,200,353.93,100
12148,18.869999999999997,18.13,0.74,0.0,11:30:00,353.89,200,354.03,200,353.91,100
12171,0.6,0.08,0.52,16.36,11:30:16,353.89,200,354.14,300,354.015,100
12227,0.59,0.08,0.51,0.0,11:31:00,353.89,300,354.1,200,353.8901,100
12233,0.5700000000000001,0.12,0.45,3.5599999999999996,11:31:03,353.98,100,354.11,100,354.04,100
12237,0.58,0.08,0.5,5.59,11:31:05,353.99,100,354.16,100,354.065,100
12267,0.64,0.2,0.44,23.970000000000006,11:31:23,353.84,200,353.95,100,353.895,100
12274,0.5700000000000001,0.07,0.5,0.0,11:32:00,353.84,200,353.95,300,353.84,100
12320,0.5800000000000001,0.07,0.51,32.239999999999995,11:32:32,353.76,100,353.82,100,353.815,100
12337,0.61,0.22,0.39,41.839999999999996,11:32:41,353.7,100,353.82,300,353.74,100
12345,0.43,0.07,0.36,46.05999999999999,11:32:46,353.69,100,353.82,300,353.7,100
12352,0.59,0.15,0.44,50.02999999999999,11:32:50,353.69,200,353.82,300,353.6901,100
12366,0.61,0.18,0.43,58.06999999999999,11:32:58,353.69,200,353.82,300,353.755,100
12383,0.76,0.07,0.69,0.0,11:33:00,353.69,200,353.82,300,353.69,100
12462,0.65,0.21,0.44,48.02000000000001,11:33:48,353.65,100,353.87,300,353.68,100
12478,0.64,0.27,0.37,7.81,11:34:07,353.65,100,353.87,300,353.7424,1000
12597,0.56,0.12,0.44,17.15,11:36:17,353.78,200,353.99,300,353.885,100
12636,0.64,0.28,0.36,10.04,11:37:10,353.89,400,354.44,100,354.08,100
12694,0.58,0.21,0.37,43.619999999999976,11:37:43,353.91,200,354.21,100,354.24,100
12698,0.44,0.08,0.36,45.85999999999998,11:37:45,353.91,200,354.21,100,353.925,100
12722,1.6,1.07,0.53,12.81,11:38:12,353.91,200,354.19,100,354.19,100
12728,0.62,0.12,0.5,19.790000000000003,11:38:19,353.91,200,354.08,300,354.07,100
12753,0.6200000000000001,0.07,0.55,36.22,11:38:36,353.92,100,354.4,100,354.155,200
12759,0.58,0.09,0.49,39.81,11:38:39,353.92,200,354.37,200,354.32,100
12769,0.59,0.08,0.51,45.81000000000002,11:38:45,353.92,100,354.27,100,354.27,100
12797,0.76,0.21,0.55,4.2,11:41:04,354.53,200,354.73,100,354.54,200
12825,0.75,0.07,0.68,28.17,11:41:28,354.65,300,354.91,100,354.9,100
12840,0.6000000000000001,0.07,0.53,38.00000000000001,11:41:38,354.65,300,354.88,200,354.83,100
12852,0.59,0.16,0.43,45.81000000000002,11:41:45,354.65,300,354.85,100,354.85,100
12897,0.26,0.08,0.18,9.780000000000001,11:42:09,354.75,300,354.9,100,354.825,100
12944,0.45999999999999996,0.21,0.25,31.81,11:42:31,354.71,200,354.86,200,354.785,100
13118,0.4,0.18,0.22,36.10000000000001,11:43:36,354.33,200,354.61,300,354.47,100
13141,0.41000000000000003,0.22,0.19,44.38000000000002,11:43:44,354.52,100,354.59,100,354.51,100
13339,0.25,0.07,0.18,31.89,11:46:31,354.48,100,354.65,100,354.565,100
13382,0.58,0.23,0.35,46.41000000000002,11:46:46,354.48,100,354.63,200,354.555,100
13547,0.38,0.17,0.21,48.180000000000014,11:47:48,354.48,100,354.56,200,354.55,100
13565,0.3,0.09,0.21,54.010000000000005,11:47:54,354.48,100,354.55,100,354.515,100
13571,0.39,0.2,0.19,56.230000000000004,11:47:56,354.46,100,354.51,200,354.46,100
13584,0.39,0.22,0.17,0.0,11:48:00,354.46,100,354.58,100,354.52,100
13832,0.26,0.07,0.19,34.43999999999999,11:49:34,354.24,100,354.44,400,354.25,100
13907,0.24000000000000002,0.07,0.17,0.0,11:50:00,354.16,200,354.33,200,354.245,100
14057,4.28,3.99,0.29,7.890000000000001,11:51:07,354.17,100,354.33,300,354.235,100
14071,3.9400000000000004,3.66,0.28,17.499999999999996,11:51:17,354.17,100,354.27,100,354.22,100
14215,0.29000000000000004,0.07,0.22,4.94,11:52:04,354.59,200,354.72,100,354.655,100
14238,0.55,0.21,0.34,15.020000000000003,11:52:15,354.59,200,354.67,100,354.645,100
14308,0.25,0.07,0.18,38.04000000000001,11:52:38,354.38,100,354.55,300,354.43,299
14354,0.41000000000000003,0.21,0.2,0.0,11:53:00,354.23,300,354.48,300,354.3686,100
14442,0.36,0.2,0.16,38.19,11:53:38,354.31,100,354.46,100,354.345,100
14509,3.63,3.31,0.32,5.59,11:54:05,354.24,100,354.29,200,354.26,100
14558,0.41000000000000003,0.21,0.2,24.730000000000008,11:54:24,354.16,200,354.26,300,354.21,100
14638,0.24000000000000002,0.07,0.17,50.39000000000003,11:54:50,354.11,200,354.26,300,354.14,100
14674,0.61,0.35,0.26,12.85,11:55:12,354.11,200,354.26,300,354.185,100
14732,0.35,0.14,0.21,38.19000000000001,11:55:38,354.11,100,354.26,300,354.125,100
14753,0.45,0.26,0.19,46.27000000000002,11:55:46,354.13,100,354.53,300,354.335,100
14806,4.1499999999999995,3.84,0.31,0.0,11:56:00,354.14,100,354.4,200,354.39,100
14812,0.28,0.07,0.21,2.01,11:56:02,354.14,200,354.39,200,354.265,200
15511,0.39,0.22,0.17,0.0,12:00:00,354.29,100,354.64,100,354.465,200
15571,0.41000000000000003,0.2,0.21,0.0,12:01:00,354.34,100,354.53,100,354.53,100
15584,3.4099999999999997,3.09,0.32,8.87,12:01:08,354.35,200,354.53,100,354.445,100
15600,0.35,0.18,0.17,22.160000000000004,12:01:22,354.35,200,354.5,200,354.425,100
16259,0.25,0.08,0.17,18.11000000000001,12:05:18,354.07,100,354.34,700,354.205,100
16393,0.23,0.07,0.16,0.0,12:06:00,354.03,100,354.24,300,354.135,100
16580,0.25,0.07,0.18,24.310000000000002,12:07:24,354.09,100,354.34,100,354.23,100
16592,0.4,0.2,0.2,28.430000000000007,12:07:28,354.1,100,354.34,400,354.215,100
16646,0.43000000000000005,0.23,0.2,2.0,12:08:02,354.08,100,354.27,400,354.175,100
16831,0.36,0.17,0.19,0.0,12:09:00,354.11,200,354.18,300,354.145,100
17129,0.41000000000000003,0.24,0.17,0.0,12:11:00,354.0,100,354.16,100,354.13,100
17169,1.31,1.1,0.21,18.73,12:11:18,354.09,100,354.24,100,354.165,100
17309,0.55,0.22,0.33,6.64,12:12:06,354.1,100,354.2,100,354.1001,100
17615,0.39,0.21,0.18,5.999999999999998,12:14:05,353.78,300,353.93,100,353.79,100
17658,0.26,0.07,0.19,25.960000000000004,12:14:25,353.73,600,354.08,100,353.905,100
17734,0.39,0.17,0.22,54.03000000000002,12:14:54,353.94,300,354.08,100,354.01,200
17771,2.9,2.54,0.36,9.05,12:15:09,353.94,300,354.05,200,353.95,100
17972,0.27,0.07,0.2,13.520000000000003,12:16:13,354.02,100,354.29,100,354.3,100
18045,0.26,0.07,0.19,37.490000000000016,12:16:37,354.17,100,354.42,100,354.3524,1000
18070,0.23,0.07,0.16,3.920000000000001,12:17:03,354.21,100,354.43,100,354.315,100
18163,0.23,0.07,0.16,42.00999999999999,12:17:42,354.34,200,354.49,100,354.3921,500
18190,0.35,0.19,0.16,50.00999999999999,12:17:50,354.31,300,354.46,300,354.405,300
18226,2.69,2.48,0.21,5.26,12:18:05,354.1,100,354.41,200,354.255,400
18400,0.30000000000000004,0.13,0.17,0.0,12:19:00,353.81,100,354.07,200,353.845,100
18716,2.56,2.35,0.21,5.35,12:21:05,353.98,200,354.07,300,353.9801,100
18808,0.25,0.07,0.18,44.13,12:21:44,353.98,200,354.07,300,354.0381,100
19223,0.31,0.08,0.23,18.109999999999996,12:24:18,353.9,300,354.06,100,353.9,100
19389,0.37,0.17,0.2,39.47,12:25:39,353.9,100,353.98,100,353.915,100
19587,1.59,1.29,0.3,12.740000000000002,12:27:12,354.1,100,354.35,100,354.1005,100
19796,0.55,0.21,0.34,10.580000000000002,12:28:10,353.97,100,354.13,100,354.075,200
19833,0.24000000000000002,0.07,0.17,22.54000000000001,12:28:22,353.97,100,354.17,200,353.98800000000006,100
20178,0.33,0.07,0.26,53.640000000000015,12:30:53,354.26,300,354.38,100,354.325,100
20371,0.35,0.17,0.18,13.739999999999998,12:32:13,354.45,200,354.64,100,354.545,100
20394,0.34,0.14,0.2,23.15000000000001,12:32:23,354.45,200,354.6,200,354.525,100
20526,0.37,0.19,0.18,20.06000000000001,12:33:20,354.52,200,354.72,100,354.625,100
20545,0.33999999999999997,0.13,0.21,26.20000000000001,12:33:26,354.69,200,354.74,100,354.69,129
20675,4.39,4.21,0.18,10.919999999999998,12:34:10,354.84,300,354.96,100,354.95,100
20716,0.37,0.21,0.16,23.689999999999994,12:34:23,354.9,100,355.01,100,354.96,100
20743,0.54,0.27,0.27,32.10999999999999,12:34:32,354.97,100,355.2,100,355.01,100
20746,0.27,0.1,0.17,32.87,12:34:32,354.97,100,355.2,500,355.14,100
20749,0.25,0.08,0.17,33.73,12:34:33,354.97,200,355.2,400,355.1678,205
20794,0.28,0.08,0.2,47.74000000000002,12:34:47,354.97,200,355.17,100,355.16,100
20801,0.34,0.17,0.17,0.0,12:35:00,354.97,100,355.17,200,354.97,100
20834,1.12,0.77,0.35,16.860000000000003,12:35:16,354.92,300,355.14,200,355.03,100
20840,0.27,0.07,0.2,21.760000000000005,12:35:21,354.92,300,355.13,300,355.0,100
20973,0.25,0.08,0.17,0.0,12:36:00,354.99,300,355.08,400,355.06,100
20978,0.39,0.22,0.17,8.77,12:36:08,354.99,300,355.08,400,354.9901,300
20980,2.79,2.51,0.28,11.79,12:36:11,355.0,100,355.16,100,355.095,100
21095,0.24,0.08,0.16,49.93000000000001,12:36:49,354.95,100,355.06,100,355.005,300
21127,0.26,0.08,0.18,4.07,12:37:04,354.95,100,355.17,200,355.07,100
21150,0.39,0.21,0.18,16.03,12:37:16,355.01,200,355.17,200,355.1,100
21314,0.29,0.08,0.21,0.0,12:38:00,355.03,100,355.15,100,355.0301,100
21338,0.39,0.17,0.22,8.19,12:38:08,355.03,100,355.15,100,355.09,100
21450,0.41000000000000003,0.24,0.17,13.140000000000004,12:39:13,355.02,100,355.15,300,355.085,100
21475,0.33,0.17,0.16,20.52,12:39:20,355.02,100,355.15,300,355.18,100
21476,0.39,0.23,0.16,20.91,12:39:20,355.09,100,355.51,100,355.15,100
21509,3.1900000000000004,2.97,0.22,12.010000000000002,12:40:12,355.1,100,355.34,100,355.11,100
21620,0.38,0.18,0.2,51.21999999999999,12:40:51,355.1,200,355.22,200,355.13,100
21655,3.78,3.59,0.19,0.0,12:41:00,355.1,200,355.22,200,355.1003,100
21713,0.43,0.25,0.18,24.78999999999999,12:41:24,355.1,200,355.21,100,355.155,100
21722,0.28,0.08,0.2,27.779999999999987,12:41:27,355.15,300,355.22,200,355.21,100
21731,0.35,0.14,0.21,30.77999999999999,12:41:30,355.22,500,355.3,200,355.24,100
21736,0.47,0.24,0.23,32.499999999999986,12:41:32,355.22,500,355.3,200,355.22,250
21748,0.27,0.08,0.19,36.55999999999998,12:41:36,355.29,400,355.53,100,355.3,100
21784,0.26,0.07,0.19,0.0,12:42:00,355.29,500,355.48,100,355.29,100
21786,149.10999999999999,148.89,0.22,0.0,12:44:00,355.74,400,355.99,100,355.97,100
21794,0.25,0.08,0.17,2.72,12:44:02,355.74,400,355.99,100,355.75,100
21811,0.39,0.22,0.17,8.7,12:44:08,355.74,500,355.99,100,355.98,100
21830,0.24000000000000002,0.07,0.17,14.580000000000004,12:44:14,355.9,100,356.1,100,355.99,100
21837,0.26,0.08,0.18,16.710000000000008,12:44:16,355.9,100,356.08,100,356.0,100
21856,0.31,0.13,0.18,22.80000000000001,12:44:22,355.98,100,356.2,100,356.11,100
21863,0.36,0.18,0.18,24.900000000000013,12:44:24,355.98,400,356.28,100,356.26,100
21869,0.30000000000000004,0.07,0.23,26.890000000000015,12:44:26,356.2,100,356.43,100,356.28,100
21881,0.30000000000000004,0.1,0.2,0.0,12:45:00,356.2,100,356.35,100,356.2,100
21885,0.48,0.27,0.21,1.78,12:45:01,356.15,200,356.35,100,356.18,200
21886,0.28,0.08,0.2,2.06,12:45:02,356.15,200,356.35,100,356.15,100
21890,2.8,2.46,0.34,5.84,12:45:05,356.15,300,356.35,100,356.3,100
21961,0.55,0.21,0.34,39.970000000000006,12:45:39,356.15,100,356.28,100,356.16,100
22019,0.36000000000000004,0.08,0.28,0.0,12:46:00,356.15,100,356.28,200,356.25,100
22097,0.26,0.07,0.19,39.910000000000004,12:46:39,356.1,300,356.25,300,356.175,100
22167,0.42000000000000004,0.22,0.2,0.0,12:47:00,356.21,300,356.35,100,356.21,100
22170,0.38,0.2,0.18,0.9400000000000001,12:47:00,356.21,500,356.55,400,356.215,100
22248,0.38,0.18,0.2,34.62,12:47:34,356.24,300,356.5,100,356.48,100
22254,0.41000000000000003,0.2,0.21,36.64000000000001,12:47:36,356.24,200,356.5,100,356.37,100
22323,0.49,0.27,0.22,2.05,12:48:02,356.19,100,356.43,100,356.19,100
22414,0.33,0.17,0.16,37.70000000000001,12:48:37,356.05,200,356.27,300,356.1,100
22451,0.39,0.2,0.19,48.990000000000016,12:48:48,356.05,200,356.27,400,356.12,100
22479,0.26,0.08,0.18,0.0,12:49:00,355.85,100,356.16,300,356.05,100
22491,0.44000000000000006,0.27,0.17,4.000000000000001,12:49:04,355.85,100,356.15,300,355.85,124
22509,2.99,2.72,0.27,21.979999999999997,12:49:21,355.85,100,356.13,300,355.86,100
22575,0.37,0.17,0.2,45.87,12:49:45,355.86,300,355.94,100,355.9,100
22646,0.37,0.18,0.19,0.0,12:50:00,355.97,300,356.13,100,356.07,100
22658,0.44999999999999996,0.24,0.21,3.84,12:50:03,356.12,200,356.3,300,356.13,100
22749,0.25,0.08,0.17,33.73,12:50:33,356.29,200,356.45,100,356.43,100
22768,0.41000000000000003,0.21,0.2,0.0,12:51:00,356.29,100,356.54,100,356.45,100
22794,1.99,1.66,0.33,11.87,12:51:11,356.29,200,356.53,200,356.52,100
22800,0.46,0.27,0.19,13.77,12:51:13,356.29,200,356.53,200,356.41,100
22825,0.23,0.07,0.16,21.730000000000004,12:51:21,356.29,200,356.52,100,356.5199,250
22839,0.24000000000000002,0.07,0.17,25.729999999999997,12:51:25,356.29,200,356.52,100,356.51,100
22872,0.31000000000000005,0.14,0.17,35.86000000000001,12:51:35,356.35,300,356.63,100,356.355,100
22875,0.25,0.08,0.17,36.71,12:51:36,356.35,300,356.63,100,356.5499,100
22973,0.24,0.08,0.16,0.0,12:52:00,356.4,600,356.59,200,356.4,100
23011,0.38,0.19,0.19,13.960000000000003,12:52:13,356.35,100,356.51,100,356.35,100
23194,0.39,0.17,0.22,0.0,12:53:00,356.35,100,356.48,500,356.415,100
23266,2.0,1.76,0.24,0.0,12:54:00,356.39,200,356.48,500,356.39,100
23335,0.27,0.07,0.2,28.79000000000001,12:54:28,356.44,100,356.63,300,356.6299,200
23397,0.32,0.08,0.24,0.0,12:55:00,356.46,100,356.71,300,356.64,100
23398,0.44999999999999996,0.21,0.24,0.44999999999999996,12:55:00,356.7,700,356.96,100,356.71,100
23419,0.41000000000000003,0.24,0.17,20.4,12:55:20,356.94,500,357.29,100,357.07,100
23468,0.33,0.14,0.19,36.000000000000014,12:55:36,357.16,200,357.27,100,357.26,100
23475,0.38,0.22,0.16,38.05000000000001,12:55:38,356.95,100,357.27,100,357.11,100
23501,0.36,0.19,0.17,46.260000000000026,12:55:46,357.02,100,357.27,300,357.16,100
23561,0.62,0.46,0.16,0.0,12:56:00,357.02,100,357.2,100,357.02,100
23566,2.3899999999999997,2.15,0.24,6.409999999999999,12:56:06,357.02,100,357.21,200,357.19,200
23626,0.5900000000000001,0.27,0.32,28.03999999999999,12:56:28,357.03,200,357.2,100,357.05,200
23632,0.42000000000000004,0.22,0.2,29.88999999999999,12:56:29,357.03,200,357.2,100,357.03,100
23658,0.24000000000000002,0.07,0.17,37.829999999999984,12:56:37,357.03,200,357.19,100,357.15,100
23678,0.25,0.07,0.18,43.73999999999997,12:56:43,357.03,100,357.2,100,357.04,100
23708,0.25,0.07,0.18,0.0,12:57:00,357.91,3100,358.15,200,357.9,200
23714,3.21,2.87,0.34,4.89,12:57:04,357.52,300,357.98,2100,357.85,119
23717,0.47000000000000003,0.2,0.27,7.989999999999999,12:57:07,357.52,300,357.92,200,357.535,100
23753,0.28,0.08,0.2,25.769999999999996,12:57:25,357.52,300,357.78,400,357.65,100
23784,0.24,0.08,0.16,35.76,12:57:35,357.52,400,357.75,400,357.6,100
23790,0.36,0.2,0.16,37.83999999999999,12:57:37,357.32,100,357.48,300,357.44,100
23797,0.24,0.08,0.16,39.78999999999999,12:57:39,357.32,100,357.53,100,357.47,100
23804,0.33999999999999997,0.18,0.16,41.82999999999999,12:57:41,357.32,100,357.53,100,357.37,100
23810,0.24000000000000002,0.07,0.17,43.71999999999999,12:57:43,357.32,100,357.52,200,357.42,100
23817,0.23,0.07,0.16,45.76999999999999,12:57:45,357.03,100,357.31,100,357.21,100
23867,0.24,0.08,0.16,0.0,12:58:00,356.73,100,357.28,300,357.005,100
23878,2.7800000000000002,2.47,0.31,5.750000000000001,12:58:05,356.72,100,357.02,100,356.73,100
23944,0.45000000000000007,0.28,0.17,27.739999999999984,12:58:27,356.77,100,356.99,200,356.7475,100
23949,0.24000000000000002,0.07,0.17,29.00999999999998,12:58:29,356.72,100,356.99,200,356.83,100
24019,0.42000000000000004,0.22,0.2,0.0,13:00:00,356.42,300,356.64,200,356.4201,100
24101,0.25,0.07,0.18,27.349999999999998,13:00:27,356.47,100,356.84,100,356.76,100
24179,0.23,0.07,0.16,0.0,13:01:00,356.48,100,356.82,500,356.65,100
24185,0.38,0.22,0.16,2.31,13:01:02,356.49,100,356.82,200,356.82,100
24192,0.4,0.24,0.16,4.25,13:01:04,356.49,100,356.82,200,356.55,100
24204,0.37,0.21,0.16,8.010000000000002,13:01:08,356.49,100,356.82,300,356.67,100
24363,0.35,0.17,0.18,26.87999999999998,13:02:26,356.53,100,356.82,300,356.675,100
24442,0.25,0.08,0.17,2.2199999999999998,13:03:02,356.53,100,356.8,200,356.75,100
24469,0.35,0.18,0.17,22.179999999999996,13:03:22,356.54,100,356.79,300,356.665,100
24575,0.25,0.08,0.17,56.169999999999995,13:03:56,356.54,100,356.78,300,356.66,100
24609,0.44,0.25,0.19,0.0,13:04:00,356.54,100,356.76,200,356.5401,100
24649,0.41000000000000003,0.24,0.17,16.340000000000003,13:04:16,356.54,100,356.62,100,356.54,100
24875,0.41000000000000003,0.18,0.23,43.720000000000006,13:05:43,356.56,100,356.68,100,356.61,100
24878,0.39,0.18,0.21,44.99000000000001,13:05:44,356.61,600,356.8,100,356.68,100
24961,0.26,0.07,0.19,7.400000000000001,13:09:07,356.67,200,356.83,300,356.81,100
24974,0.48,0.26,0.22,11.610000000000001,13:09:11,356.76,300,357.16,200,356.9,100
24986,0.25,0.07,0.18,15.569999999999999,13:09:15,356.76,300,357.13,100,356.87,100
25017,0.25,0.07,0.18,25.370000000000005,13:09:25,356.77,100,357.09,100,356.925,100
25045,0.41000000000000003,0.18,0.23,35.55999999999999,13:09:35,356.77,100,357.07,100,356.92,100
25086,3.5900000000000003,3.37,0.22,4.94,13:10:04,356.77,200,357.08,100,356.825,100
25098,0.31,0.07,0.24,13.58,13:10:13,357.0,100,357.2,100,357.09,100
25133,0.33,0.16,0.17,25.430000000000007,13:10:25,357.0,200,357.2,100,357.1,100
25206,0.27,0.07,0.2,49.52000000000001,13:10:49,357.0,300,357.45,100,357.225,100
25229,0.37,0.07,0.3,0.0,13:11:00,357.08,100,357.43,200,357.31,100
25234,0.36,0.14,0.22,2.17,13:11:02,357.39,100,357.72,100,357.495,100
25235,3.9499999999999997,3.57,0.38,6.119999999999999,13:11:06,357.57,100,357.89,300,357.71,292
25236,0.47,0.21,0.26,6.589999999999999,13:11:06,357.57,200,357.89,300,357.575,100
25240,0.36000000000000004,0.08,0.28,9.849999999999998,13:11:09,357.57,200,357.88,100,357.57,132
25342,1.9000000000000001,1.37,0.53,0.0,13:12:00,357.52,200,357.7,200,357.53,100
25349,0.5900000000000001,0.27,0.32,3.51,13:12:03,357.5,100,357.69,300,357.5,100
25394,0.47,0.23,0.24,26.91000000000001,13:12:26,357.6,100,357.8,100,357.67,168
25410,0.32,0.08,0.24,33.16000000000001,13:12:33,357.58,100,357.78,100,357.69,100
25449,0.58,0.09,0.49,49.17000000000002,13:12:49,357.57,100,357.75,100,357.73,100
25480,0.56,0.23,0.33,0.0,13:13:00,357.55,100,357.71,100,357.63,100
25532,0.44,0.08,0.36,32.24,13:13:32,357.6,100,357.78,100,357.645,100
25618,0.5900000000000001,0.14,0.45,0.0,13:14:00,357.67,100,357.89,100,357.8,100
25641,0.74,0.11,0.63,2.34,13:15:02,357.62,200,357.86,100,357.78,100
25651,3.1500000000000004,2.64,0.51,11.93,13:15:11,357.62,200,357.86,200,357.625,100
25695,0.43,0.08,0.35,40.19,13:15:40,357.62,200,357.83,200,357.725,100
25725,0.6599999999999999,0.08,0.58,0.0,13:16:00,357.57,100,357.76,200,357.62,100
25791,0.55,0.07,0.48,51.88000000000002,13:16:51,357.6,100,357.75,200,357.615,100
25864,0.61,0.26,0.35,38.46000000000001,13:17:38,357.55,200,357.75,300,357.55,100
25878,0.6100000000000001,0.07,0.54,46.22000000000001,13:17:46,357.5,100,357.72,100,357.56,100
25889,0.61,0.19,0.42,52.44000000000002,13:17:52,357.54,100,357.64,100,357.66,100
25890,0.42,0.07,0.35,52.86000000000002,13:17:52,357.54,100,357.72,100,357.64,100
25898,0.6000000000000001,0.07,0.53,0.0,13:18:00,357.54,200,357.72,100,357.545,100
25904,3.24,2.6,0.64,11.02,13:18:11,357.54,200,357.72,100,357.54,100
25909,0.55,0.24,0.31,17.19,13:18:17,357.5,100,357.7,500,357.52,100
25923,0.41000000000000003,0.07,0.34,25.810000000000006,13:18:25,357.5,100,357.69,300,357.6217,300
25955,0.5900000000000001,0.27,0.32,42.41000000000002,13:18:42,357.5,200,357.69,300,357.595,100
25989,0.41000000000000003,0.09,0.32,0.0,13:19:00,357.5,100,357.69,300,357.59,100
26000,3.8499999999999996,3.51,0.34,9.61,13:19:09,357.5,100,357.69,200,357.51,100
26046,0.43,0.07,0.36,41.64,13:19:41,357.25,100,357.54,100,357.49,100
26156,0.61,0.22,0.39,0.0,13:20:00,357.33,100,357.52,300,357.4,100
26254,0.57,0.08,0.49,0.0,13:22:00,357.53,100,357.86,300,357.68,400
26257,0.59,0.21,0.38,1.9900000000000002,13:22:01,357.69,500,358.0,100,357.86,100
26342,0.6000000000000001,0.2,0.4,52.08000000000002,13:22:52,357.7,300,357.97,300,357.835,100
26369,1.56,1.02,0.54,0.0,13:23:00,357.7,400,357.84,300,357.72,100
26370,0.5900000000000001,0.07,0.52,0.5900000000000001,13:23:00,357.7,400,357.84,300,357.7,100
26428,0.46,0.08,0.38,41.00999999999999,13:23:41,357.65,600,357.82,300,357.74,100
26446,4.06,3.4,0.66,0.0,13:24:00,357.75,100,357.99,300,357.84,174
26447,0.75,0.23,0.52,0.75,13:24:00,357.75,400,357.99,300,357.87,100
26474,0.76,0.1,0.66,23.140000000000004,13:24:23,357.75,400,357.9,300,357.88,100
26483,0.5900000000000001,0.19,0.4,28.770000000000007,13:24:28,357.76,300,357.9,300,357.77,100
26503,1.5699999999999998,0.16,1.41,2.77,13:25:02,357.81,200,357.99,200,357.82,100
26529,1.02,0.13,0.89,39.800000000000004,13:25:39,357.81,500,357.99,300,357.93,100
26540,1.19,0.25,0.94,52.18000000000001,13:25:52,357.81,500,357.98,100,357.895,100
26545,1.21,0.14,1.07,58.20000000000001,13:25:58,357.76,500,357.98,100,357.81,100
26547,1.1900000000000002,0.09,1.1,0.0,13:26:00,357.76,500,357.98,400,357.76,100
26569,1.1700000000000002,0.07,1.1,26.150000000000006,13:26:26,357.76,300,357.95,100,357.94,100
26574,1.01,0.07,0.94,31.180000000000007,13:26:31,357.85,100,358.34,200,358.0,100
26600,1.22,0.23,0.99,0.0,13:27:00,357.95,3900,358.12,200,357.95,799
26604,1.39,0.2,1.19,5.39,13:27:05,358.27,6100,358.34,100,358.24,100
26605,1.4,0.14,1.26,6.789999999999999,13:27:06,358.66,100,359.09,100,358.67,100
26607,1.2,0.32,0.88,9.209999999999999,13:27:09,358.66,300,359.09,100,358.875,100
26612,1.18,0.36,0.82,18.8,13:27:18,358.66,100,358.82,200,358.845,100
26613,1.2,0.18,1.02,20.0,13:27:20,358.65,700,358.82,300,358.735,100
26619,1.2,0.15,1.05,26.42,13:27:26,358.61,300,358.81,100,358.62,100
26621,1.21,0.07,1.14,28.820000000000004,13:27:28,358.55,1900,358.65,200,358.55,100
26622,1.42,0.26,1.16,30.240000000000002,13:27:30,358.24,100,358.65,200,358.5,100
26629,1.0,0.13,0.87,38.02,13:27:38,358.26,100,358.54,300,358.49,100
26647,1.4200000000000002,0.09,1.33,59.240000000000016,13:27:59,358.3,100,358.65,200,358.54,100
26655,1.21,0.18,1.03,4.01,13:28:04,358.3,100,358.52,100,358.52,300
26657,1.3599999999999999,0.38,0.98,6.969999999999999,13:28:06,358.69,1000,358.85,400,358.6925,400
26659,1.1700000000000002,0.08,1.09,9.37,13:28:09,358.69,300,358.85,300,358.69,169
26666,1.37,0.1,1.27,17.18,13:28:17,358.64,400,358.85,300,358.64,100
26673,1.02,0.13,0.89,25.21,13:28:25,358.59,300,358.85,400,358.745,100
26682,1.1800000000000002,0.07,1.11,35.61000000000001,13:28:35,358.6,200,358.85,400,358.65,100
26696,1.2,0.23,0.97,0.0,13:29:00,358.6,200,358.84,100,358.75,100
26699,1.4100000000000001,0.07,1.34,8.21,13:29:08,358.6,200,358.84,100,358.725,100
26701,4.220000000000001,2.99,1.23,13.8,13:29:13,358.6,200,358.84,100,358.66,100
26717,1.19,0.21,0.98,36.0,13:29:36,358.6,200,358.83,300,358.61,100
26722,1.3800000000000001,0.08,1.3,42.56,13:29:42,358.61,100,358.81,100,358.7325,100
26728,1.3800000000000001,0.08,1.3,50.160000000000004,13:29:50,358.61,200,358.8,100,358.81,100
26740,1.03,0.09,0.94,0.0,13:30:00,358.79,100,359.09,200,358.8,100
26767,1.22,0.23,0.99,34.77,13:30:34,359.0,100,359.26,100,359.01,100
26775,1.21,0.19,1.02,45.150000000000006,13:30:45,359.0,200,359.26,100,359.23,100
26786,1.2,0.21,0.99,0.0,13:31:00,359.0,200,359.24,100,359.12,100
26787,1.1800000000000002,0.07,1.11,1.1800000000000002,13:31:01,359.0,100,359.2,300,359.0,300
26789,1.2,0.16,1.04,3.3900000000000006,13:31:03,358.95,100,359.18,300,358.95,100
26793,1.1800000000000002,0.07,1.11,8.17,13:31:08,358.9,100,359.09,300,358.9,100
26842,1.22,0.09,1.13,0.0,13:32:00,358.79,100,358.99,200,358.89,300
26854,1.6099999999999999,0.19,1.42,16.6,13:32:16,358.79,100,358.97,100,358.88,300
26860,1.4,0.18,1.22,24.81,13:32:24,358.5,100,358.96,300,358.58,100
26868,1.61,0.24,1.37,37.209999999999994,13:32:37,358.24,100,358.45,100,358.35,100
26873,1.3800000000000001,0.07,1.31,0.0,13:33:00,358.19,100,358.45,100,358.32,100
26876,1.21,0.08,1.13,8.620000000000001,13:33:08,357.87,100,358.4,400,358.14,100
26890,1.3699999999999999,0.17,1.2,27.410000000000004,13:33:27,357.83,300,358.27,2100,357.89,100
26917,1.2000000000000002,0.14,1.06,0.0,13:34:00,357.44,100,357.64,100,357.43,100
26988,1.37,0.08,1.29,17.580000000000005,13:35:17,357.55,100,357.78,200,357.665,100
27006,1.21,0.07,1.14,0.0,13:36:00,357.57,100,357.77,300,357.675,100
27019,1.0,0.09,0.91,17.779999999999998,13:36:17,357.67,100,357.76,200,357.715,100
27021,1.3800000000000001,0.08,1.3,20.379999999999995,13:36:20,357.56,200,357.68,100,357.58,100
27091,1.21,0.07,1.14,38.199999999999996,13:37:38,357.38,100,357.55,100,357.5401,100
27094,1.18,0.22,0.96,41.79,13:37:41,357.34,100,357.55,200,357.38,100
27096,1.3900000000000001,0.08,1.31,44.38,13:37:44,357.29,100,357.55,200,357.34,100
27102,1.04,0.14,0.9,51.63,13:37:51,357.27,300,357.51,100,357.3,100
27107,1.21,0.08,1.13,0.0,13:38:00,357.27,300,357.51,300,357.3201,100
27109,1.37,0.07,1.3,2.7800000000000002,13:38:02,357.22,100,357.5,100,357.27,100
27111,3.2199999999999998,1.97,1.25,7.22,13:38:07,357.22,100,357.5,200,357.36,100
27114,2.5999999999999996,1.63,0.97,12.42,13:38:12,357.23,100,357.48,100,357.23,300
27115,1.1900000000000002,0.07,1.12,13.61,13:38:13,357.18,100,357.48,100,357.22,100
27117,1.19,0.24,0.95,15.809999999999999,13:38:15,357.18,100,357.48,200,357.18,200
27141,1.21,0.19,1.02,45.97999999999999,13:38:45,357.05,100,357.29,100,357.06,100
27143,1.38,0.18,1.2,48.57999999999999,13:38:48,357.05,100,357.29,100,357.17,100
27155,3.42,2.38,1.04,6.4399999999999995,13:39:06,357.08,100,357.29,100,357.185,100
27158,1.02,0.22,0.8,12.419999999999998,13:39:12,357.24,100,357.55,100,357.24,100
27168,1.1900000000000002,0.08,1.11,25.619999999999997,13:39:25,357.24,100,357.54,300,357.28,100
27240,1.2,0.07,1.13,0.0,13:41:00,357.44,200,357.91,3100,357.48,100
27262,3.59,2.35,1.24,10.379999999999999,13:42:10,357.5,200,357.77,100,357.635,100
27346,1.21,0.08,1.13,8.6,13:43:08,357.6,100,357.87,200,357.735,100
27364,4.77,3.8,0.97,12.6,13:44:12,357.6,100,357.74,100,357.61,100
27438,1.1800000000000002,0.1,1.08,45.02,13:45:45,357.61,100,357.92,200,357.655,100
27513,1.4,0.18,1.22,16.589999999999996,13:47:16,357.59,100,357.76,100,357.75,100
27667,2.6,1.37,1.23,0.0,13:50:00,357.78,100,357.96,300,357.79,100
27698,1.01,0.08,0.93,34.429999999999986,13:50:34,357.78,100,357.94,100,357.8888,100
27713,1.22,0.07,1.15,0.0,13:51:00,357.78,100,357.94,100,357.83,100
27751,1.21,0.08,1.13,49.78000000000001,13:51:49,357.91,600,358.21,300,357.97,200
27762,0.98,0.15,0.83,0.0,13:52:00,358.17,100,358.37,100,358.25,100
27791,1.17,0.42,0.75,32.01,13:52:32,358.35,400,358.58,100,358.37,100
27813,1.02,0.24,0.78,0.0,13:53:00,358.31,300,358.52,200,358.33,100
27818,0.83,0.08,0.75,5.0,13:53:05,358.37,100,358.74,100,358.555,100
27825,0.99,0.2,0.79,13.780000000000003,13:53:13,358.76,200,358.96,100,358.73,100
27827,2.59,1.86,0.73,17.790000000000003,13:53:17,358.77,200,359.1,100,358.935,100
27830,1.01,0.07,0.94,20.590000000000003,13:53:20,358.77,100,359.09,1000,358.93,100
27838,1.03,0.22,0.81,29.220000000000006,13:53:29,358.72,500,359.07,100,358.895,100
27863,0.81,0.16,0.65,51.790000000000006,13:53:51,358.72,500,359.08,800,358.91,100
27865,1.01,0.27,0.74,53.77,13:53:53,358.72,500,359.08,900,359.05,100
27868,1.16,0.18,0.98,0.0,13:54:00,358.72,500,359.08,900,358.96,100
27878,1.0,0.14,0.86,13.61,13:54:13,358.72,500,359.06,500,358.99,100
27883,3.41,2.69,0.72,20.63,13:54:20,358.72,500,359.05,100,358.92,100
27885,0.81,0.07,0.74,22.419999999999998,13:54:22,358.72,500,359.05,100,358.885,100
27912,0.8200000000000001,0.07,0.75,50.24,13:54:50,358.88,100,359.34,100,358.87,100
27921,1.2200000000000002,0.14,1.08,0.0,13:55:00,358.88,100,359.29,100,359.105,100
27929,1.23,0.18,1.05,10.4,13:55:10,358.88,100,359.25,200,359.065,100
27937,1.4,0.18,1.22,22.799999999999994,13:55:22,358.88,300,359.24,1300,359.06,100
27943,1.38,0.22,1.16,30.77999999999999,13:55:30,358.88,300,359.23,100,359.055,100
27946,1.02,0.17,0.85,34.21999999999999,13:55:34,358.88,300,359.23,100,358.94,100
27951,1.3800000000000001,0.07,1.31,40.39,13:55:40,358.88,300,359.2,100,359.17,100
27956,1.18,0.2,0.98,46.4,13:55:46,358.88,300,359.2,100,359.04,100
27964,1.22,0.07,1.15,56.02,13:55:56,358.88,300,359.17,100,359.16,100
27966,1.1800000000000002,0.09,1.09,58.2,13:55:58,358.88,300,359.17,100,359.025,100
27976,1.39,0.24,1.15,0.0,13:56:00,358.88,300,359.11,100,359.09,100
27979,1.18,0.22,0.96,3.79,13:56:03,358.88,200,359.12,200,359.11,100
28013,0.97,0.24,0.73,37.18999999999999,13:56:37,358.89,100,359.24,200,359.2,100
28021,0.98,0.07,0.91,44.57999999999999,13:56:44,358.88,400,359.22,300,359.03,100
28028,0.98,0.34,0.64,0.0,13:57:00,359.91,2900,360.22,100,359.94,200
28030,0.98,0.24,0.74,1.79,13:57:01,359.91,1100,360.0,100,359.91,100
28032,0.81,0.07,0.74,3.5900000000000003,13:57:03,359.51,100,359.92,100,359.56,100
28033,4.21,3.56,0.65,7.800000000000001,13:57:07,359.51,200,359.92,100,359.9,100
28036,0.8099999999999999,0.08,0.73,13.600000000000003,13:57:13,359.52,100,359.86,500,359.86,100
28038,2.0,0.83,1.17,17.17,13:57:17,359.51,100,359.86,500,359.52,100
28043,1.38,0.37,1.01,22.970000000000006,13:57:22,359.77,2900,359.82,100,359.665,100
28044,1.0,0.07,0.93,23.970000000000006,13:57:23,360.0,3200,360.22,100,360.0,100
28046,0.98,0.14,0.84,25.970000000000006,13:57:25,360.0,3200,360.21,100,360.21,100
28048,0.81,0.17,0.64,27.770000000000003,13:57:27,360.0,2400,360.21,100,360.015,100
28050,0.82,0.08,0.74,29.570000000000004,13:57:29,360.0,2300,360.21,200,360.02,100
28053,0.8200000000000001,0.07,0.75,32.18,13:57:32,359.77,100,359.95,400,359.82,100
28055,0.8099999999999999,0.08,0.73,33.97,13:57:33,359.46,100,359.95,300,359.77,100
28057,0.82,0.13,0.69,35.769999999999996,13:57:35,359.47,100,359.94,100,359.59,100
28063,0.99,0.07,0.92,42.37,13:57:42,359.29,100,359.91,100,359.47,100
28073,0.8099999999999999,0.11,0.7,51.97,13:57:51,359.5,300,359.64,100,359.58,100
28075,0.81,0.07,0.74,53.76,13:57:53,359.5,300,359.64,100,359.64,100
28078,0.82,0.09,0.73,56.37,13:57:56,359.5,300,359.64,100,359.57,100
28088,1.01,0.17,0.84,0.0,13:58:00,359.45,100,359.59,200,359.5,269
28090,2.0,1.04,0.96,3.38,13:58:03,359.02,100,359.58,100,359.45,100
28111,1.2,0.07,1.13,31.359999999999996,13:58:31,359.04,200,359.51,100,359.275,100
28115,1.3900000000000001,0.07,1.32,36.959999999999994,13:58:36,359.07,100,359.52,100,359.295,100
28125,1.21,0.22,0.99,0.0,13:59:00,359.07,100,359.36,100,359.215,100
28162,1.0,0.21,0.79,45.59000000000001,13:59:45,359.08,100,359.27,100,359.27,100
28164,1.1900000000000002,0.08,1.11,48.17000000000001,13:59:48,359.17,200,359.36,300,359.28,100
28175,1.02,0.08,0.94,0.0,14:00:00,359.21,100,359.37,100,359.41,100
28179,1.02,0.07,0.95,4.790000000000001,14:00:04,359.2,100,359.37,100,359.37,100
28185,1.0,0.07,0.93,17.19,14:00:17,359.2,100,359.37,300,359.2942,100
28221,1.24,0.23,1.01,54.21000000000001,14:00:54,359.28,300,359.62,100,359.33,100
28231,3.0199999999999996,2.05,0.97,0.0,14:01:00,359.31,300,359.61,200,359.46,100
28295,0.98,0.08,0.9,1.96,14:02:01,359.25,100,359.47,300,359.3,100
28300,0.8099999999999999,0.09,0.72,6.38,14:02:06,359.25,100,359.47,300,359.36,100
28304,0.8200000000000001,0.07,0.75,9.99,14:02:09,359.2,100,359.45,300,359.25,100
28308,0.98,0.25,0.73,13.760000000000002,14:02:13,359.2,100,359.44,300,359.32,100
28312,1.37,0.07,1.3,18.360000000000003,14:02:18,359.15,100,359.32,100,359.2675,100
28325,1.23,0.2,1.03,0.0,14:03:00,359.0,100,359.31,300,359.07,100
28330,4.42,3.57,0.85,11.01,14:03:11,359.01,100,359.26,200,359.135,100
28346,1.2,0.17,1.03,30.010000000000005,14:03:30,358.99,100,359.26,300,359.125,100
28363,1.01,0.08,0.93,49.41,14:03:49,358.97,100,359.21,100,358.97,100
28368,1.3900000000000001,0.27,1.12,56.21999999999999,14:03:56,358.97,100,359.21,300,358.98,100
28384,2.4299999999999997,1.41,1.02,18.97,14:04:18,358.97,100,359.2,100,359.02,100
28385,1.21,0.19,1.02,20.18,14:04:20,358.98,100,359.2,100,359.085,100
28409,0.82,0.09,0.73,43.57000000000001,14:04:43,358.97,100,359.18,100,359.075,100
28422,0.8200000000000001,0.07,0.75,55.580000000000005,14:04:55,358.97,100,359.18,100,359.0201,100
28502,1.57,0.09,1.48,0.0,14:06:00,358.87,300,359.16,300,358.925,100
28517,0.8300000000000001,0.16,0.67,17.009999999999998,14:06:17,358.8,200,359.11,300,358.85,200
28519,1.22,0.08,1.14,0.0,14:07:00,358.8,200,359.11,300,358.955,100
28554,1.2,0.22,0.98,49.99999999999999,14:07:49,358.78,100,359.06,100,358.78,100
28557,1.02,0.08,0.94,53.42,14:07:53,358.67,100,359.06,200,358.77,300
28561,1.02,0.07,0.95,57.62,14:07:57,358.67,100,359.03,100,358.68,100
28572,1.2000000000000002,0.09,1.11,9.399999999999999,14:08:09,358.67,100,358.94,200,358.805,100
28573,1.22,0.22,1.0,10.62,14:08:10,358.67,100,358.94,300,358.72,100
28581,1.19,0.15,1.04,25.790000000000003,14:08:25,358.71,100,358.94,400,358.7,100
28616,1.03,0.07,0.96,0.0,14:09:00,358.46,100,358.59,400,358.53,100
28624,1.01,0.07,0.94,8.379999999999999,14:09:08,358.41,100,358.55,100,358.46,100
28628,0.82,0.08,0.74,13.78,14:09:13,358.16,100,358.55,300,358.17,100
28634,1.18,0.29,0.89,19.97,14:09:19,358.16,100,358.46,300,358.31,100
28648,1.3900000000000001,0.27,1.12,36.56,14:09:36,358.16,100,358.28,400,358.16,100
28650,1.21,0.21,1.0,39.17,14:09:39,358.11,100,358.28,500,358.18,100
28672,1.1800000000000002,0.14,1.04,0.0,14:10:00,357.75,100,358.09,200,357.92,100
28677,1.02,0.09,0.93,7.83,14:10:07,357.75,100,358.09,300,357.915,100
28709,1.2,0.21,0.99,48.030000000000015,14:10:48,357.75,100,358.07,300,357.91,100
28712,1.19,0.3,0.89,51.240000000000016,14:10:51,357.8,100,358.07,300,357.935,100
28714,1.1800000000000002,0.07,1.11,0.0,14:11:00,357.82,100,358.07,300,357.945,100
28717,1.0,0.07,0.93,3.2199999999999998,14:11:03,357.85,100,358.07,400,357.955,100
28720,1.02,0.18,0.84,9.23,14:11:09,357.86,100,358.07,400,357.96,100
28728,2.01,1.2,0.81,21.42,14:11:21,357.92,100,358.07,400,357.995,100
28739,0.81,0.14,0.67,31.22,14:11:31,358.06,1100,358.44,100,358.29,107
28742,0.82,0.08,0.74,33.84,14:11:33,358.16,100,358.57,1600,358.2875,200
28750,0.82,0.08,0.74,41.01,14:11:41,358.32,100,358.57,1700,358.445,100
28761,0.81,0.14,0.67,51.18000000000001,14:11:51,358.32,100,358.58,100,358.57,100
28823,0.81,0.07,0.74,32.17999999999999,14:12:32,358.43,100,358.64,100,358.6,100
28883,0.8099999999999999,0.09,0.72,13.390000000000004,14:13:13,358.42,100,358.63,100,358.525,100
28889,0.83,0.12,0.71,0.0,14:14:00,358.18,100,358.58,300,358.4,100
28912,0.97,0.08,0.89,28.36999999999999,14:14:28,358.19,100,358.57,300,358.38,100
28936,0.8200000000000001,0.07,0.75,52.39000000000001,14:14:52,358.22,100,358.56,100,358.39,100
28951,0.8200000000000001,0.07,0.75,8.63,14:15:08,358.22,100,358.53,200,358.22,100
28958,0.99,0.18,0.81,16.19,14:15:16,358.19,400,358.48,500,358.21,100
28999,1.22,0.19,1.03,0.0,14:16:00,358.19,500,358.45,300,358.19,100
29015,0.8200000000000001,0.07,0.75,20.990000000000002,14:16:20,358.19,100,358.45,300,358.23,100
29026,1.39,0.17,1.22,33.580000000000005,14:16:33,358.19,100,358.45,300,358.2,100
29134,0.99,0.09,0.9,21.389999999999997,14:18:21,358.45,100,358.76,300,358.59,100
29139,0.97,0.23,0.74,25.989999999999995,14:18:25,358.45,100,358.76,300,358.605,100
29145,0.82,0.09,0.73,31.219999999999995,14:18:31,358.45,100,358.72,100,358.585,200
29178,0.98,0.14,0.84,15.390000000000002,14:19:15,358.44,800,358.68,300,358.56,200
29194,0.97,0.23,0.74,29.810000000000002,14:19:29,358.46,100,358.68,100,358.575,600
29228,1.81,0.07,1.74,15.18,14:20:15,358.45,100,358.64,200,358.545,500
29244,0.6000000000000001,0.07,0.53,30.980000000000008,14:20:30,358.45,100,358.55,100,358.48,100
29247,0.6,0.19,0.41,33.03000000000001,14:20:33,358.19,100,358.59,300,358.45,200
29259,0.63,0.13,0.5,40.66000000000002,14:20:40,358.2,100,358.37,100,358.285,100
29269,0.76,0.17,0.59,46.82000000000001,14:20:46,358.2,100,358.36,100,358.28,300
29272,0.64,0.09,0.55,48.860000000000014,14:20:48,358.19,100,358.36,100,358.275,984
29292,0.6,0.23,0.37,2.38,14:21:02,357.85,200,358.31,300,358.08,100
29295,0.5700000000000001,0.07,0.5,3.96,14:21:03,357.85,200,358.31,400,358.0001,100
29512,0.6,0.24,0.36,24.170000000000005,14:23:24,357.6,100,357.77,400,357.685,100
29662,0.6000000000000001,0.07,0.53,32.21,14:24:32,357.47,100,357.71,300,357.6999,500
29751,0.59,0.09,0.5,0.0,14:26:00,357.45,200,357.65,400,357.45,100
29758,2.4000000000000004,1.85,0.55,11.58,14:26:11,357.45,200,357.65,300,357.46,100
29830,0.58,0.08,0.5,0.0,14:27:00,358.11,3000,358.26,300,358.11,684
30016,4.21,3.43,0.78,6.45,14:29:06,358.13,600,358.2,200,358.13,100
30050,0.59,0.11,0.48,30.23,14:29:30,358.15,400,358.37,300,358.15,100
30103,0.62,0.17,0.45,0.0,14:30:00,358.15,500,358.36,300,358.255,100
30144,0.5900000000000001,0.07,0.52,28.39000000000001,14:30:28,357.78,100,358.24,100,358.1,100
30183,0.76,0.22,0.54,52.56000000000002,14:30:52,357.74,100,358.1,300,358.01,100
30260,0.5800000000000001,0.13,0.45,18.379999999999995,14:31:18,357.7,100,357.86,100,357.755,100
30281,0.8,0.17,0.63,30.539999999999996,14:31:30,357.65,200,357.92,300,357.785,100
30580,0.81,0.14,0.67,37.76000000000001,14:37:37,357.95,300,358.15,200,358.02,100
30612,1.0,0.2,0.8,1.84,14:38:01,357.9,100,358.11,100,358.005,100
30729,0.6000000000000001,0.2,0.4,24.16,14:39:24,357.94,200,358.19,100,358.065,100
30783,0.6399999999999999,0.07,0.57,0.0,14:40:00,357.95,200,358.1,100,358.025,100
30813,0.79,0.2,0.59,26.000000000000004,14:40:26,357.97,200,358.1,300,357.98,100
30911,0.6300000000000001,0.07,0.56,33.95,14:41:33,358.01,1000,358.09,100,358.015,100
30916,0.76,0.14,0.62,37.52,14:41:37,358.01,100,358.09,100,358.05,100
30923,0.76,0.21,0.55,41.940000000000005,14:41:41,358.05,300,358.2,100,358.07,200
30924,0.45,0.07,0.38,42.39000000000001,14:41:42,358.05,400,358.2,300,358.095,200
30949,0.5900000000000001,0.07,0.52,12.19,14:42:12,358.06,100,358.2,300,358.1244,280
31042,2.42,2.08,0.34,0.0,14:43:00,358.07,100,358.2,300,358.135,100
31050,0.6,0.22,0.38,4.57,14:43:04,358.07,100,358.2,300,358.12,100
31296,0.78,0.07,0.71,11.37,14:46:11,357.4,200,357.7,500,357.395,100
31310,0.61,0.08,0.53,21.569999999999997,14:46:21,357.4,100,357.7,600,357.41,100
31341,1.79,1.09,0.7,44.30999999999998,14:46:44,357.39,300,357.66,700,357.39,100
31369,7.77,7.34,0.43,10.59,14:47:10,357.39,200,357.62,500,357.4401,100
31478,0.59,0.18,0.41,42.220000000000006,14:48:42,357.13,200,357.4,300,357.13,100
31536,2.4299999999999997,1.93,0.5,18.479999999999997,14:49:18,357.13,300,357.39,300,357.14,100
31550,0.61,0.09,0.52,27.849999999999994,14:49:27,357.13,300,357.39,600,357.33,100
31553,0.5900000000000001,0.07,0.52,29.639999999999993,14:49:29,357.13,300,357.39,600,357.2,100
31630,0.8,0.07,0.73,17.220000000000002,14:50:17,357.1,100,357.34,100,357.135,100
31680,0.74,0.14,0.6,0.0,14:51:00,357.08,300,357.34,500,357.08,100
31851,0.6,0.09,0.51,0.0,14:53:00,357.08,100,357.31,400,357.1975,100
31923,0.6100000000000001,0.07,0.54,51.74000000000002,14:53:51,357.1,100,357.29,400,357.195,600
31944,4.17,3.72,0.45,6.01,14:54:06,357.1,100,357.29,700,357.2375,100
32002,0.6499999999999999,0.07,0.58,46.58000000000002,14:54:46,357.23,600,357.38,100,357.29,100
32005,0.77,0.15,0.62,48.940000000000026,14:54:48,357.23,600,357.38,100,357.305,100
32032,0.61,0.1,0.51,15.769999999999998,14:55:15,357.37,300,357.66,100,357.515,100
32058,0.75,0.22,0.53,1.3900000000000001,14:56:01,357.32,100,357.5,500,357.32,100
32094,0.6499999999999999,0.18,0.47,25.630000000000003,14:56:25,357.23,600,357.5,300,357.365,100
32109,0.59,0.21,0.38,0.0,14:57:00,357.36,5900,357.74,300,357.3675,200
32126,0.62,0.24,0.38,14.639999999999997,14:57:14,357.79,100,358.28,800,358.035,100
32191,0.61,0.21,0.4,56.610000000000014,14:57:56,357.27,100,357.81,1100,357.35,100
32331,0.6,0.24,0.36,30.01,14:59:30,356.93,100,357.22,400,356.94,100
32401,0.5700000000000001,0.2,0.37,20.2,15:00:20,356.88,300,357.07,200,356.96,100
32429,0.5700000000000001,0.07,0.5,35.99999999999999,15:00:35,356.88,300,356.99,100,356.935,100
32459,0.64,0.21,0.43,52.23,15:00:52,356.83,200,356.98,300,356.88,100
32477,0.44,0.08,0.36,0.0,15:01:00,356.83,200,356.98,500,356.905,100
32489,0.76,0.09,0.67,12.780000000000001,15:01:12,356.57,100,356.85,100,356.78,174
32491,0.7799999999999999,0.08,0.7,15.4,15:01:15,356.52,200,356.85,300,356.57,100
32498,0.81,0.26,0.55,20.599999999999998,15:01:20,356.53,100,356.84,100,356.7,100
32569,0.79,0.07,0.72,11.020000000000003,15:02:11,356.52,100,356.79,300,356.53,100
32582,1.05,0.21,0.84,21.320000000000007,15:02:21,356.58,600,356.74,100,356.585,100
32631,1.65,1.02,0.63,12.23,15:03:12,356.83,500,357.13,100,356.98,100
32695,0.61,0.09,0.52,2.18,15:04:02,356.83,200,357.1,200,356.965,100
32726,0.61,0.08,0.53,27.629999999999995,15:04:27,356.83,300,357.03,100,357.0,100
32730,0.6000000000000001,0.14,0.46,30.03,15:04:30,356.83,300,357.03,100,356.93,100
32733,0.6,0.13,0.47,31.840000000000003,15:04:31,356.84,300,357.02,100,356.99,100
32790,0.75,0.22,0.53,17.98,15:05:17,356.9,100,357.21,300,357.055,200
32938,0.7799999999999999,0.08,0.7,7.76,15:07:07,356.91,100,357.18,100,357.045,100
33005,0.84,0.22,0.62,10.260000000000002,15:08:10,356.91,100,357.13,400,356.91,100
33086,2.01,1.64,0.37,8.79,15:09:08,356.9,100,357.08,400,356.995,100
33117,0.5900000000000001,0.27,0.32,31.989999999999995,15:09:31,356.9,100,357.07,400,356.985,600
33138,0.44,0.14,0.3,43.82000000000002,15:09:43,356.9,100,357.07,300,356.97,100
33177,4.37,3.72,0.65,14.57,15:10:14,356.86,600,357.05,100,356.955,100
33178,0.45,0.07,0.38,15.02,15:10:15,356.86,300,357.04,200,356.86,100
33205,0.59,0.15,0.44,30.990000000000002,15:10:30,356.83,100,356.97,300,356.85,100
33250,0.6,0.18,0.42,0.6,15:11:00,356.82,100,356.93,400,356.875,100
33348,0.84,0.36,0.48,0.0,15:12:00,356.95,300,357.18,300,357.01,100
33393,0.6,0.21,0.39,29.390000000000004,15:12:29,356.95,400,357.12,200,357.035,100
33512,0.75,0.08,0.67,6.21,15:14:06,357.47,100,357.7,100,357.585,100
33601,0.6000000000000001,0.07,0.53,4.01,15:15:04,357.73,400,357.91,100,357.7386,100
33637,0.57,0.08,0.49,31.94,15:15:31,357.79,400,358.0,100,357.99,100
33640,0.44,0.07,0.37,33.38,15:15:33,357.79,400,358.0,100,357.8214,100
33748,0.7699999999999999,0.08,0.69,41.940000000000005,15:16:41,358.16,100,358.26,200,358.06,100
33863,0.5700000000000001,0.14,0.43,2.37,15:18:02,358.11,400,358.31,100,358.3,100
33870,0.61,0.17,0.44,13.399999999999999,15:18:13,358.17,300,358.37,100,358.26,100
33962,0.5900000000000001,0.14,0.45,22.2,15:19:22,358.12,200,358.27,200,358.195,100
34087,0.5599999999999999,0.08,0.48,27.339999999999996,15:20:27,357.75,100,357.98,200,357.865,100
34118,0.6000000000000001,0.07,0.53,0.0,15:21:00,357.75,100,357.96,100,357.855,100
34126,0.75,0.15,0.6,7.37,15:21:07,357.75,100,357.96,300,357.8475,100
34169,0.77,0.27,0.5,37.23000000000001,15:21:37,357.65,100,357.8,300,357.6875,100
34288,0.45999999999999996,0.17,0.29,11.45,15:23:11,357.5,100,357.61,100,357.6099,100
34378,0.45,0.07,0.38,0.0,15:24:00,357.62,200,357.77,300,357.695,100
34586,0.61,0.17,0.44,35.36999999999999,15:26:35,357.46,100,357.55,300,357.505,100
34666,0.6,0.15,0.45,32.0,15:27:32,357.4,100,357.71,300,357.555,100
34871,2.96,2.24,0.72,0.0,15:30:00,357.72,100,357.9,100,357.815,100
34888,0.6399999999999999,0.07,0.57,20.829999999999995,15:30:20,357.72,100,357.89,300,357.805,100
34956,0.59,0.08,0.51,15.2,15:31:15,357.72,100,357.81,100,357.765,100
35099,0.5800000000000001,0.14,0.44,38.760000000000005,15:32:38,357.77,100,357.89,300,357.825,100
35269,0.6,0.13,0.47,52.19000000000002,15:34:52,357.73,100,357.82,200,357.775,100
35309,0.44,0.13,0.31,17.880000000000003,15:35:17,357.9,300,358.04,100,358.0185,140
35318,0.43,0.07,0.36,23.270000000000003,15:35:23,358.0,300,358.08,100,358.04,100
35333,0.44,0.07,0.37,31.510000000000005,15:35:31,358.03,100,358.3,200,358.09,100
35365,0.77,0.34,0.43,49.67000000000001,15:35:49,358.24,1200,358.49,400,358.36,100
35401,0.56,0.07,0.49,17.749999999999996,15:36:17,358.26,200,358.59,100,358.51,100
35448,0.44,0.07,0.37,43.78000000000001,15:36:43,358.35,100,358.59,300,358.47,100
35458,0.5700000000000001,0.07,0.5,49.740000000000016,15:36:49,358.56,100,358.68,100,358.63,100
35472,0.5900000000000001,0.2,0.39,0.0,15:37:00,358.56,200,358.73,100,358.645,100
35490,3.6,3.17,0.43,19.02,15:37:19,358.75,200,358.93,100,358.82,100
35528,0.75,0.08,0.67,44.57000000000001,15:37:44,358.76,200,358.99,100,358.9323,300
35557,0.8,0.07,0.73,2.25,15:38:02,358.91,200,359.2,100,359.19,100
35563,0.81,0.17,0.64,8.61,15:38:08,358.92,100,359.19,100,359.18,100
35572,0.59,0.22,0.37,19.23,15:38:19,358.99,100,359.17,100,359.08,200
35691,0.6,0.19,0.41,39.99,15:39:39,358.77,200,358.94,200,358.855,100
35729,0.63,0.08,0.55,2.23,15:40:02,358.72,100,358.83,500,358.775,100
35746,0.97,0.31,0.66,21.84,15:40:21,358.36,100,358.6,200,358.41,100
35806,0.5900000000000001,0.07,0.52,0.0,15:41:00,358.35,100,358.44,300,358.395,100
35820,0.43999999999999995,0.09,0.35,12.4,15:41:12,358.35,100,358.38,200,358.365,100
35839,0.5599999999999999,0.08,0.48,23.580000000000002,15:41:23,358.3,200,358.38,400,358.34,100
35892,0.8300000000000001,0.15,0.68,57.66000000000001,15:41:57,358.27,100,358.34,300,358.305,100
35936,0.7799999999999999,0.21,0.57,37.71999999999999,15:42:37,358.16,200,358.2,100,358.185,100
35945,0.78,0.17,0.61,44.15999999999999,15:42:44,358.04,400,358.19,100,358.115,100
36098,2.0,1.42,0.58,24.16,15:44:24,358.27,300,358.3,100,358.27,100
36260,0.59,0.12,0.47,13.599999999999998,15:46:13,358.3,100,358.36,100,358.335,100
36300,0.77,0.12,0.65,41.620000000000005,15:46:41,358.31,300,358.35,200,358.315,400
36309,0.96,0.07,0.89,48.40000000000001,15:46:48,358.31,200,358.34,300,358.325,100
36355,0.5800000000000001,0.12,0.46,16.979999999999997,15:47:16,358.13,100,358.28,200,358.205,100
36398,0.45,0.08,0.37,42.870000000000026,15:47:42,358.13,100,358.2,500,358.165,100
36429,5.180000000000001,4.57,0.61,6.380000000000001,15:48:06,358.14,100,358.17,200,358.155,100
36456,0.63,0.23,0.4,22.390000000000004,15:48:22,358.14,100,358.29,400,358.215,100
36600,1.7999999999999998,1.15,0.65,10.780000000000001,15:50:10,358.38,100,358.85,400,358.84,100
36602,0.64,0.08,0.56,12.400000000000002,15:50:12,358.38,100,358.84,300,358.615,100
36611,0.8,0.4,0.4,21.820000000000007,15:50:21,358.38,100,358.74,400,358.565,100
36624,0.61,0.23,0.38,30.00000000000001,15:50:30,358.39,200,358.65,400,358.535,100
36630,0.77,0.07,0.7,34.38000000000002,15:50:34,358.39,200,358.62,400,358.505,100
36643,0.8,0.07,0.73,44.81000000000002,15:50:44,358.36,200,358.5,100,358.435,100
36658,0.74,0.07,0.67,0.0,15:51:00,358.36,400,358.43,100,358.42,109
36659,0.6399999999999999,0.07,0.57,0.6399999999999999,15:51:00,358.36,400,358.43,100,358.43,100
36723,0.78,0.29,0.49,51.99999999999999,15:51:51,358.38,300,358.45,400,358.415,100
36734,0.8300000000000001,0.07,0.76,0.0,15:52:00,358.34,200,358.43,400,358.385,100
36817,0.6000000000000001,0.07,0.53,5.620000000000001,15:53:05,358.4,200,358.43,200,358.405,100
36857,0.77,0.07,0.7,42.01,15:53:42,358.37,300,358.45,100,358.44,100
36966,0.78,0.24,0.54,56.02000000000001,15:54:56,358.45,200,358.48,300,358.465,100
36994,0.61,0.21,0.4,20.989999999999995,15:55:20,358.26,200,358.35,500,358.2601,100
37020,0.65,0.17,0.48,38.94999999999999,15:55:38,358.23,200,358.3,500,358.265,100
37050,0.5800000000000001,0.07,0.51,0.0,15:56:00,358.16,200,358.19,1700,358.175,100
37103,0.78,0.37,0.41,40.24000000000001,15:56:40,358.11,400,358.18,1600,358.145,100
37116,0.5900000000000001,0.14,0.45,48.25000000000002,15:56:48,358.14,100,358.18,200,358.1475,100
37138,0.61,0.23,0.38,0.0,15:57:00,358.11,500,358.14,100,358.125,100
37192,1.8399999999999999,1.27,0.57,15.580000000000002,15:59:15,357.23,400,357.34,400,357.285,100
37196,0.78,0.19,0.59,18.560000000000002,15:59:18,357.23,400,357.34,600,357.3399,116
