,Total Delay,Request Delay,Saving Delay,Arrival Time,Time,Bid,Bid Size,Ask,Ask Size,Last Price,Last Size
0,0.6499999999999999,0.3,0.35,0.6499999999999999,09:30:00,35.82,500,35.83,500,35.825,800
6,0.28,0.08,0.2,2.6000000000000005,09:30:02,35.8,9400,35.81,800,35.8001,516
12,0.35,0.16,0.19,4.76,09:30:04,35.77,100,35.78,800,35.78,100
22,0.3,0.08,0.22,8.47,09:30:08,35.78,1100,35.79,200,35.79,100
28,0.5800000000000001,0.27,0.31,10.940000000000001,09:30:10,35.78,1200,35.79,600,35.7893,627
37,0.44,0.21,0.23,14.589999999999998,09:30:14,35.76,700,35.77,800,35.77,645
42,0.32,0.07,0.25,16.54,09:30:16,35.75,400,35.76,700,35.76,100
51,0.4,0.18,0.22,2.33,09:31:02,35.74,500,35.75,700,35.745,200
56,0.30000000000000004,0.07,0.23,5.329999999999999,09:31:05,35.73,100,35.74,400,35.74,400
57,0.46,0.23,0.23,5.789999999999999,09:31:05,35.73,100,35.74,400,35.735,1000
59,0.33,0.1,0.23,6.52,09:31:06,35.72,500,35.73,800,35.72,100
65,0.31,0.07,0.24,10.33,09:31:10,35.72,200,35.73,1400,35.73,100
71,0.37,0.18,0.19,15.12,09:31:15,35.7,200,35.71,600,35.7,100
75,0.89,0.62,0.27,16.97,09:31:16,35.63,5800,35.65,300,35.63,1400
77,1.79,1.43,0.36,19.189999999999998,09:31:19,35.61,100,35.62,200,35.61,200
81,0.43000000000000005,0.17,0.26,22.41,09:31:22,35.63,300,35.64,100,35.64,100
87,0.25,0.08,0.17,24.230000000000004,09:31:24,35.63,300,35.64,100,35.635,100
105,0.41000000000000003,0.23,0.18,30.700000000000003,09:31:30,35.62,100,35.63,300,35.62,100
110,0.5,0.28,0.22,32.580000000000005,09:31:32,35.65,1200,35.67,200,35.6691,2000
114,0.25,0.08,0.17,33.70000000000001,09:31:33,35.65,1200,35.67,200,35.67,1200
117,0.3,0.08,0.22,34.730000000000004,09:31:34,35.7,300,35.72,800,35.7088,240
122,0.32,0.12,0.2,36.45000000000001,09:31:36,35.71,200,35.72,100,35.71,100
152,0.74,0.21,0.53,48.72000000000002,09:31:48,35.75,400,35.76,100,35.75,200
156,0.48,0.21,0.27,50.55000000000002,09:31:50,35.75,500,35.76,100,35.755,100
169,0.27,0.07,0.2,54.370000000000026,09:31:54,35.75,700,35.76,2700,35.7533,1200
175,0.32,0.14,0.18,56.32000000000002,09:31:56,35.75,2500,35.76,2700,35.7564,1000
202,2.2199999999999998,2.03,0.19,14.759999999999998,09:32:14,35.69,400,35.7,400,35.69,100
209,1.96,1.75,0.21,18.56,09:32:18,35.67,500,35.68,500,35.68,100
227,0.36,0.19,0.17,23.949999999999996,09:32:23,35.65,200,35.66,100,35.66,100
241,0.26,0.09,0.17,28.159999999999993,09:32:28,35.65,100,35.66,100,35.65,100
302,0.39,0.22,0.17,48.37,09:32:48,35.65,400,35.67,1200,35.6501,2000
359,0.35,0.18,0.17,15.84,09:33:15,35.62,300,35.64,800,35.6313,140
370,0.66,0.28,0.38,22.090000000000003,09:33:22,35.62,300,35.64,1100,35.6275,100
375,0.32,0.15,0.17,23.920000000000005,09:33:23,35.63,400,35.65,1100,35.645,1200
399,0.38,0.21,0.17,31.950000000000006,09:33:31,35.59,100,35.6,500,35.5946,202
405,0.5700000000000001,0.28,0.29,33.96,09:33:33,35.6,200,35.61,300,35.6,200
470,0.41000000000000003,0.19,0.22,56.35000000000001,09:33:56,35.58,200,35.59,100,35.59,100
480,0.28,0.11,0.17,0.0,09:34:00,35.6,400,35.61,500,35.5875,1200
540,0.35,0.13,0.22,31.939999999999994,09:34:31,35.59,500,35.6,1300,35.5932,156
546,0.45,0.2,0.25,34.08,09:34:34,35.59,700,35.6,1900,35.595,100
566,0.33,0.08,0.25,42.08999999999999,09:34:42,35.58,5500,35.59,200,35.5898,100
570,0.48,0.22,0.26,43.77999999999999,09:34:43,35.58,5500,35.59,300,35.585,300
588,0.29000000000000004,0.07,0.22,50.01999999999999,09:34:50,35.61,300,35.62,900,35.605,200
617,3.8,3.55,0.25,4.83,09:35:04,35.61,500,35.63,1100,35.6191,100
618,0.34,0.07,0.27,5.17,09:35:05,35.61,600,35.62,300,35.615,100
625,2.72,2.35,0.37,14.980000000000002,09:35:14,35.62,500,35.63,1200,35.625,200
647,0.43000000000000005,0.16,0.27,24.77,09:35:24,35.56,400,35.58,400,35.58,100
674,0.44999999999999996,0.21,0.24,34.75,09:35:34,35.56,700,35.58,300,35.57,200
686,0.6200000000000001,0.28,0.34,39.32000000000001,09:35:39,35.56,800,35.57,1300,35.56,100
689,0.28,0.07,0.21,40.66000000000001,09:35:40,35.54,500,35.55,200,35.55,150
695,0.6200000000000001,0.28,0.34,42.92,09:35:42,35.53,300,35.54,1500,35.5301,350
701,0.26,0.08,0.18,44.800000000000004,09:35:44,35.53,600,35.54,1200,35.533,100
714,0.44,0.26,0.18,48.92000000000001,09:35:48,35.58,200,35.59,600,35.580999999999996,900
767,1.8299999999999998,1.63,0.2,6.610000000000001,09:36:06,35.53,1000,35.54,400,35.535,400
769,0.36000000000000004,0.08,0.28,9.370000000000001,09:36:09,35.53,100,35.54,600,35.5375,300
771,2.1,1.83,0.27,11.81,09:36:11,35.53,300,35.54,600,35.5325,1000
772,0.24000000000000002,0.07,0.17,12.05,09:36:12,35.54,200,35.55,900,35.54,100
774,2.31,2.11,0.2,14.610000000000001,09:36:14,35.53,300,35.54,400,35.53,300
805,0.65,0.28,0.37,30.470000000000006,09:36:30,35.51,100,35.52,1300,35.51,100
809,0.42,0.12,0.3,32.2,09:36:32,35.43,200,35.44,400,35.4301,172
810,0.4,0.12,0.28,32.6,09:36:32,35.42,800,35.43,600,35.42,300
818,0.32,0.14,0.18,36.349999999999994,09:36:36,35.44,400,35.45,200,35.44,100
822,0.30000000000000004,0.07,0.23,38.13999999999999,09:36:38,35.46,300,35.47,1900,35.47,100
828,0.26,0.08,0.18,40.329999999999984,09:36:40,35.46,200,35.47,1900,35.46,100
833,0.39,0.16,0.23,42.389999999999986,09:36:42,35.47,700,35.48,2300,35.4675,300
837,0.67,0.44,0.23,44.24999999999999,09:36:44,35.48,300,35.49,2300,35.48,100
866,0.42,0.21,0.21,56.550000000000004,09:36:56,35.44,400,35.45,1200,35.45,100
870,0.35000000000000003,0.08,0.27,58.19,09:36:58,35.46,200,35.47,1200,35.465,500
875,0.42000000000000004,0.08,0.34,0.42000000000000004,09:37:00,35.49,600,35.5,1300,35.49,100
893,0.28,0.07,0.21,10.19,09:37:10,35.5,200,35.51,2000,35.5,100
897,1.12,0.75,0.37,12.52,09:37:12,35.49,800,35.5,500,35.4998,100
898,1.7399999999999998,1.38,0.36,14.26,09:37:14,35.48,3800,35.49,800,35.485,100
902,0.39,0.14,0.25,18.95,09:37:18,35.4,900,35.41,300,35.41,100
905,0.42000000000000004,0.1,0.32,20.169999999999998,09:37:20,35.43,300,35.44,600,35.43,100
922,0.43,0.08,0.35,28.31,09:37:28,35.41,5400,35.42,800,35.4125,100
925,0.51,0.17,0.34,29.740000000000002,09:37:29,35.41,5400,35.42,800,35.415,100
926,0.53,0.1,0.43,30.270000000000003,09:37:30,35.35,300,35.36,300,35.35,100
931,0.5,0.07,0.43,32.660000000000004,09:37:32,35.37,400,35.38,300,35.38,100
933,0.53,0.21,0.32,33.78000000000001,09:37:33,35.37,400,35.38,300,35.3731,120
934,0.35000000000000003,0.07,0.28,34.13000000000001,09:37:34,35.36,300,35.37,1500,35.36,100
939,0.47000000000000003,0.13,0.34,36.34000000000001,09:37:36,35.34,1200,35.35,1300,35.34,100
959,0.48,0.21,0.27,44.07999999999999,09:37:44,35.36,200,35.37,1200,35.365,200
965,0.42,0.18,0.24,46.14999999999999,09:37:46,35.36,300,35.37,1300,35.37,200
970,0.46,0.2,0.26,48.26999999999999,09:37:48,35.39,300,35.4,400,35.39,300
979,0.35000000000000003,0.07,0.28,52.18999999999998,09:37:52,35.42,400,35.43,100,35.425,100
989,0.36,0.07,0.29,56.32999999999998,09:37:56,35.44,400,35.45,100,35.445,144
1007,0.48000000000000004,0.2,0.28,4.16,09:38:04,35.47,900,35.48,400,35.4731,274
1016,4.37,4.13,0.24,12.880000000000003,09:38:12,35.44,400,35.45,200,35.441,300
1018,0.6000000000000001,0.27,0.33,13.870000000000003,09:38:13,35.43,100,35.44,1000,35.435,1400
1039,0.49,0.07,0.42,24.03,09:38:24,35.44,500,35.45,400,35.4442,240
1055,0.55,0.24,0.31,32.14,09:38:32,35.4,600,35.41,600,35.405,200
1060,0.33,0.08,0.25,34.05999999999999,09:38:34,35.4,1100,35.42,400,35.4075,100
1090,0.55,0.22,0.33,46.02999999999998,09:38:46,35.46,300,35.47,3400,35.4641,101
1172,0.31,0.07,0.24,25.76,09:39:25,35.44,900,35.45,1800,35.4435,427
1211,0.45,0.2,0.25,41.870000000000026,09:39:41,35.44,1200,35.45,3800,35.4496,300
1220,0.29000000000000004,0.07,0.22,45.470000000000034,09:39:45,35.44,1500,35.45,2100,35.449,100
1238,0.38,0.19,0.19,51.750000000000036,09:39:51,35.44,17200,35.45,1100,35.4449,1000
1266,0.52,0.28,0.24,0.0,09:40:00,35.49,3600,35.5,5800,35.495,100
1383,0.43,0.21,0.22,51.83999999999998,09:40:51,35.49,500,35.5,200,35.505,400
1417,0.42000000000000004,0.22,0.2,6.06,09:41:06,35.49,800,35.5,2400,35.4925,100
1482,0.45999999999999996,0.24,0.22,34.279999999999994,09:41:34,35.52,800,35.53,400,35.529,100
1493,0.38,0.21,0.17,38.29,09:41:38,35.51,600,35.52,100,35.5101,6026
1503,0.3,0.08,0.22,42.12,09:41:42,35.54,500,35.55,1500,35.555,625
1514,0.49,0.2,0.29,46.4,09:41:46,35.54,500,35.55,1700,35.545,100
1523,0.47,0.09,0.38,50.209999999999994,09:41:50,35.57,400,35.58,300,35.5731,133
1547,0.47,0.22,0.25,1.9100000000000001,09:42:01,35.5,800,35.51,300,35.5025,800
1555,0.30000000000000004,0.07,0.23,8.86,09:42:08,35.52,600,35.53,600,35.52,100
1557,1.23,0.99,0.24,10.51,09:42:10,35.49,800,35.5,1400,35.5125,200
1581,0.4,0.16,0.24,25.729999999999997,09:42:25,35.52,700,35.53,300,35.5299,328
1586,0.48,0.19,0.29,27.779999999999994,09:42:27,35.52,900,35.53,600,35.525,300
1600,0.33,0.08,0.25,33.92999999999999,09:42:33,35.52,1000,35.53,500,35.5225,100
1710,0.44,0.12,0.32,24.1,09:43:24,35.48,800,35.49,300,35.4846,202
1804,0.33999999999999997,0.15,0.19,0.0,09:44:00,35.49,1500,35.5,600,35.4975,200
1831,0.59,0.35,0.24,13.620000000000001,09:44:13,35.5,800,35.51,2100,35.5085,500
1882,0.46,0.2,0.26,36.10999999999999,09:44:36,35.47,1600,35.48,1300,35.475,100
1966,0.42000000000000004,0.19,0.23,5.8500000000000005,09:45:05,35.45,1000,35.46,1600,35.455,100
2041,0.5700000000000001,0.25,0.32,44.12000000000002,09:45:44,35.49,2300,35.5,7600,35.4943,100
2056,0.51,0.28,0.23,49.86000000000002,09:45:49,35.49,1800,35.5,7400,35.4999,1310
2180,0.28,0.08,0.2,43.910000000000025,09:46:43,35.44,1300,35.45,2900,35.4432,400
2195,0.41000000000000003,0.21,0.2,49.35000000000002,09:46:49,35.44,1600,35.45,2900,35.4466,1000
2259,0.29,0.08,0.21,16.1,09:47:16,35.44,1700,35.45,7400,35.4475,200
2295,0.44999999999999996,0.09,0.36,30.199999999999992,09:47:30,35.44,1800,35.45,7700,35.4434,198
2300,0.54,0.2,0.34,32.56999999999999,09:47:32,35.44,1800,35.45,7700,35.4498,100
2314,0.28,0.08,0.2,37.91,09:47:37,35.44,2000,35.45,7800,35.4429,285
2363,0.47,0.17,0.3,56.53999999999998,09:47:56,35.42,2000,35.43,4500,35.4235,386
2368,0.33,0.1,0.23,58.28999999999998,09:47:58,35.42,2400,35.43,4500,35.4205,400
2404,1.93,1.72,0.21,13.700000000000001,09:48:13,35.42,2500,35.43,2500,35.4228,500
2414,3.29,3.03,0.26,20.97,09:48:20,35.44,1800,35.45,800,35.4444,400
2444,0.32,0.15,0.17,30.909999999999993,09:48:30,35.47,1400,35.48,1100,35.4701,800
2453,0.43000000000000005,0.23,0.2,34.01,09:48:34,35.46,1100,35.47,1100,35.4601,572
2469,0.37,0.09,0.28,40.04999999999999,09:48:40,35.46,1100,35.47,7500,35.4644,225
2573,0.37,0.07,0.3,30.040000000000003,09:49:30,35.45,1900,35.46,2700,35.4534,285
2649,0.45999999999999996,0.22,0.24,0.0,09:50:00,35.44,2500,35.45,2400,35.4401,1700
2748,0.25,0.07,0.18,46.000000000000014,09:50:46,35.45,17200,35.46,8300,35.4544,200
2836,0.44,0.2,0.24,29.990000000000002,09:51:29,35.45,13900,35.46,8400,35.4547,1956
2842,0.29000000000000004,0.07,0.22,31.98,09:51:31,35.45,13800,35.46,8300,35.458,100
2879,0.32,0.07,0.25,45.66999999999998,09:51:45,35.43,1100,35.44,4500,35.4365,500
2916,0.41000000000000003,0.2,0.21,0.0,09:52:00,35.38,2200,35.39,5500,35.385,3400
2932,1.1,0.85,0.25,6.74,09:52:06,35.39,1200,35.4,1100,35.395,300
2939,2.09,1.8,0.29,10.97,09:52:10,35.39,1500,35.4,1800,35.3992,100
2998,0.28,0.09,0.19,34.19,09:52:34,35.36,1800,35.37,600,35.3757,235
3053,0.44,0.23,0.21,54.150000000000006,09:52:54,35.34,1000,35.35,5000,35.345,200
3075,0.6,0.23,0.37,2.08,09:53:02,35.33,1400,35.34,2200,35.335,100
3087,3.0,2.81,0.19,9.41,09:53:09,35.33,2200,35.34,2100,35.33,100
3111,0.29000000000000004,0.09,0.2,21.8,09:53:21,35.32,1200,35.33,1400,35.32,100
3121,0.37,0.19,0.18,25.640000000000004,09:53:25,35.31,1600,35.32,2000,35.31,100
3133,0.29000000000000004,0.09,0.2,29.60000000000001,09:53:29,35.31,2900,35.32,4500,35.315,700
3237,2.25,2.07,0.18,5.18,09:54:05,35.3,700,35.31,1300,35.3,100
3239,0.31,0.12,0.19,7.7299999999999995,09:54:07,35.29,300,35.3,1400,35.29,226
3241,1.1800000000000002,0.92,0.26,11.89,09:54:11,35.28,100,35.29,5900,35.28,100
3254,0.35,0.18,0.17,21.920000000000005,09:54:21,35.31,1700,35.32,1500,35.3144,100
3274,0.24000000000000002,0.07,0.17,27.850000000000005,09:54:27,35.29,1300,35.3,1100,35.2934,200
3281,0.23,0.07,0.16,29.910000000000004,09:54:29,35.29,700,35.3,1400,35.295,100
3295,0.27,0.08,0.19,34.02,09:54:34,35.28,900,35.29,1400,35.285,100
3317,0.39,0.21,0.18,41.870000000000005,09:54:41,35.28,900,35.29,1600,35.2893,100
3336,0.38,0.21,0.17,47.87000000000002,09:54:47,35.3,1800,35.31,1400,35.305,100
3373,0.43,0.25,0.18,0.0,09:55:00,35.3,1800,35.31,800,35.3037,700
3384,0.4,0.1,0.3,3.8699999999999997,09:55:03,35.31,1200,35.32,2000,35.314,300
3389,1.5,1.26,0.24,8.059999999999999,09:55:08,35.31,1600,35.32,2900,35.3175,100
3418,0.4,0.07,0.33,23.759999999999994,09:55:23,35.29,8200,35.3,1800,35.2992,100
3509,0.5,0.26,0.24,0.0,09:56:00,35.36,1100,35.37,1600,35.3675,100
3538,1.61,1.37,0.24,16.790000000000003,09:56:16,35.3,1400,35.31,1100,35.3099,5000
3543,0.91,0.66,0.25,20.380000000000003,09:56:20,35.3,1600,35.31,3400,35.3032,204
3576,0.37,0.07,0.3,33.91,09:56:33,35.3,2400,35.31,500,35.3075,100
3609,0.37,0.17,0.2,45.63999999999999,09:56:45,35.35,1600,35.36,1500,35.355,100
3622,0.37,0.12,0.25,49.919999999999995,09:56:49,35.37,2000,35.38,800,35.375,100
3628,0.32,0.07,0.25,51.93999999999999,09:56:51,35.37,2000,35.38,800,35.3792,100
3674,0.26,0.07,0.19,15.01,09:57:15,35.39,2600,35.4,1300,35.4,100
3858,0.35,0.16,0.19,33.99000000000001,09:58:33,35.34,2100,35.35,1600,35.3462,300
3864,0.28,0.07,0.21,36.00000000000001,09:58:36,35.34,1900,35.35,2100,35.3444,100
3891,0.42,0.21,0.21,46.059999999999995,09:58:46,35.3,2200,35.31,1200,35.3046,400
3959,1.3099999999999998,1.14,0.17,15.02,09:59:15,35.29,800,35.3,1700,35.2935,350
3996,0.24000000000000002,0.07,0.17,27.979999999999997,09:59:27,35.3,2000,35.31,2400,35.301,200
4021,0.25,0.08,0.17,36.1,09:59:36,35.33,1600,35.34,1100,35.3336,1000
4039,0.32,0.09,0.23,42.24000000000001,09:59:42,35.32,1400,35.33,1000,35.325,200
4045,0.4,0.19,0.21,44.410000000000004,09:59:44,35.32,1400,35.33,700,35.3275,100
4099,0.39,0.07,0.32,2.0100000000000002,10:00:02,35.31,1900,35.32,1300,35.3165,500
4164,0.49,0.18,0.31,38.24999999999999,10:00:38,35.34,2300,35.35,10900,35.349000000000004,100
4293,0.44000000000000006,0.27,0.17,39.51000000000002,10:01:39,35.33,3000,35.34,14600,35.3399,132
4299,0.24000000000000002,0.07,0.17,41.230000000000025,10:01:41,35.33,3000,35.34,14600,35.3356,335
4376,0.26,0.07,0.19,13.91,10:02:13,35.3,3600,35.31,5100,35.309,1800
4519,0.3,0.08,0.22,9.640000000000004,10:03:09,35.3,2600,35.31,6100,35.3065,1200
4525,0.30000000000000004,0.1,0.2,11.770000000000003,10:03:11,35.29,2100,35.3,2900,35.2944,100
4632,0.4,0.21,0.19,51.69,10:03:51,35.37,1800,35.38,1900,35.371,150
4658,0.34,0.08,0.26,59.67000000000001,10:03:59,35.38,1700,35.39,1500,35.381,300
4680,0.36,0.14,0.22,14.169999999999998,10:04:14,35.35,2800,35.36,2000,35.3531,400
4727,0.47000000000000003,0.27,0.2,34.14,10:04:34,35.34,2900,35.35,1700,35.344,100
4737,0.26,0.07,0.19,38.06,10:04:38,35.34,3400,35.35,1200,35.3492,1000
4748,0.44,0.21,0.23,42.199999999999996,10:04:42,35.34,500,35.35,3900,35.3405,100
4886,0.39,0.09,0.3,41.72999999999998,10:05:41,35.34,2100,35.35,3600,35.3475,1000
4939,1.7,1.53,0.17,7.920000000000001,10:06:07,35.41,2100,35.42,1100,35.4101,1300
4949,0.38,0.21,0.17,11.870000000000003,10:06:11,35.4,1500,35.41,2200,35.4047,100
4954,2.28,2.11,0.17,21.510000000000005,10:06:21,35.43,1300,35.44,2100,35.4393,130
4962,0.31,0.15,0.16,24.009999999999998,10:06:24,35.44,1600,35.45,1800,35.4446,266
5005,0.41000000000000003,0.08,0.33,38.24999999999999,10:06:38,35.45,2200,35.46,2300,35.4568,2500
5015,0.38,0.14,0.24,42.06000000000001,10:06:42,35.45,2200,35.46,2600,35.4593,100
5076,0.4,0.2,0.2,2.2,10:07:02,35.48,1200,35.49,2800,35.4847,285
5091,2.15,1.85,0.3,13.570000000000002,10:07:13,35.54,1400,35.55,600,35.541,100
5092,0.33,0.17,0.16,13.900000000000002,10:07:13,35.48,3100,35.49,1200,35.4875,200
5100,0.24000000000000002,0.07,0.17,19.580000000000002,10:07:19,35.48,2700,35.49,1200,35.4844,170
5194,0.26,0.07,0.19,51.60000000000002,10:07:51,35.53,2600,35.54,2100,35.5351,143
5262,0.30000000000000004,0.13,0.17,20.07,10:08:20,35.54,2500,35.55,1800,35.5449,208
5304,0.6200000000000001,0.28,0.34,35.510000000000005,10:08:35,35.57,1500,35.58,2300,35.5751,100
5305,0.48,0.21,0.27,35.99,10:08:35,35.57,1500,35.58,1800,35.5799,100
5462,168.17,168.0,0.17,0.0,10:12:00,35.74,3300,35.75,2400,35.7404,2000
5491,0.24000000000000002,0.07,0.17,8.260000000000002,10:12:08,35.74,2800,35.75,3700,35.7466,100
5498,0.33,0.08,0.25,10.53,10:12:10,35.72,1400,35.73,2700,35.725,100
5508,0.28,0.07,0.21,14.27,10:12:14,35.71,1200,35.72,2400,35.715,1600
5546,0.32,0.12,0.2,0.0,10:13:00,35.73,900,35.74,5300,35.7328,500
5597,0.25,0.07,0.18,28.009999999999994,10:13:28,35.69,2000,35.7,2500,35.695,200
5658,0.37,0.17,0.2,50.00000000000001,10:13:50,35.66,2600,35.67,2800,35.6637,600
5671,0.27,0.08,0.19,54.25000000000002,10:13:54,35.66,2600,35.67,4700,35.665,400
5683,0.27,0.1,0.17,58.03000000000003,10:13:58,35.65,100,35.66,4200,35.655,600
5719,2.74,2.5,0.24,16.76,10:14:16,35.63,1400,35.64,3500,35.6336,200
5786,0.26,0.09,0.17,42.16000000000001,10:14:42,35.58,4000,35.59,3200,35.5847,201
6048,0.41000000000000003,0.22,0.19,28.089999999999993,10:16:28,35.62,1400,35.63,1600,35.6234,600
6055,0.27,0.09,0.18,30.099999999999994,10:16:30,35.62,1400,35.63,1800,35.6201,300
6140,0.26,0.07,0.19,58.240000000000016,10:16:58,35.62,2800,35.63,4000,35.6242,355
6292,1.16,0.95,0.21,14.649999999999999,10:18:14,35.64,2500,35.65,1800,35.6465,230
6340,0.37,0.17,0.2,8.44,10:19:08,35.56,4100,35.57,1500,35.565,100
6357,0.45,0.22,0.23,14.319999999999999,10:19:14,35.56,3000,35.57,2200,35.5636,950
6367,0.4,0.14,0.26,18.249999999999993,10:19:18,35.56,2500,35.57,2200,35.5638,2023
6368,0.31,0.07,0.24,18.55999999999999,10:19:18,35.56,2500,35.57,2200,35.5601,130
6373,0.38,0.18,0.2,20.409999999999993,10:19:20,35.57,2300,35.58,4100,35.575,100
6389,0.44999999999999996,0.24,0.21,26.359999999999996,10:19:26,35.57,2300,35.58,4300,35.5736,330
6426,0.47,0.26,0.21,0.0,10:20:00,35.59,1300,35.6,98300,35.591,100
6566,0.43,0.07,0.36,14.299999999999999,10:21:14,35.68,1000,35.69,2400,35.6856,100
6569,0.64,0.28,0.36,16.099999999999998,10:21:16,35.67,1800,35.68,1900,35.675,100
6593,0.58,0.17,0.41,28.019999999999996,10:21:28,35.67,1800,35.68,600,35.6675,100
6719,0.49,0.27,0.22,0.0,10:23:00,35.68,1900,35.69,4400,35.685,200
6747,0.48,0.09,0.39,24.3,10:23:24,35.71,3300,35.72,10900,35.7136,133
6762,0.31,0.07,0.24,29.82,10:23:29,35.71,3500,35.72,10900,35.7158,1300
6821,0.43,0.22,0.21,52.06000000000001,10:23:52,35.73,2600,35.74,5300,35.7399,100
6856,4.62,4.28,0.34,0.0,10:24:00,35.75,1900,35.76,700,35.759,250
6896,0.52,0.22,0.3,23.149999999999995,10:24:23,35.74,3400,35.75,900,35.7456,105
6900,0.49,0.18,0.31,25.099999999999994,10:24:25,35.74,3500,35.75,1000,35.747,100
6903,0.33,0.07,0.26,26.23999999999999,10:24:26,35.74,3500,35.75,1000,35.7447,612
6910,0.30000000000000004,0.07,0.23,29.25999999999999,10:24:29,35.74,3500,35.75,900,35.7467,200
6935,0.49,0.2,0.29,39.41000000000002,10:24:39,35.74,2400,35.75,3500,35.7433,150
6948,0.4,0.1,0.3,44.960000000000015,10:24:44,35.74,2300,35.75,5000,35.7401,1000
7071,0.41000000000000003,0.2,0.21,58.02999999999995,10:25:58,35.72,3600,35.73,4500,35.7254,117
7127,0.48,0.21,0.27,29.960000000000008,10:26:29,35.71,1400,35.72,3100,35.7193,106
7174,0.48,0.18,0.3,51.93,10:26:51,35.68,1800,35.69,7200,35.6842,124
7199,0.24000000000000002,0.07,0.17,4.91,10:27:04,35.67,7200,35.68,3100,35.6758,204
7296,0.25,0.08,0.17,20.729999999999997,10:28:20,35.59,1600,35.6,5100,35.5901,100
7348,0.35000000000000003,0.07,0.28,38.2,10:28:38,35.58,2200,35.59,5700,35.5854,180
7418,0.32999999999999996,0.12,0.21,1.92,10:29:01,35.59,4400,35.6,1600,35.5947,100
7483,0.27,0.08,0.19,30.01000000000001,10:29:30,35.6,4300,35.61,5900,35.6001,180
7554,0.26,0.08,0.18,53.79000000000003,10:29:53,35.6,4200,35.61,3400,35.6025,100
7704,0.29000000000000004,0.07,0.22,0.0,10:31:00,35.59,10200,35.6,6900,35.5933,800
7705,0.32,0.09,0.23,0.32,10:31:00,35.59,10200,35.6,6900,35.5928,1320
7782,0.4,0.18,0.22,38.04,10:31:38,35.57,2200,35.58,2600,35.5742,2000
7851,0.41000000000000003,0.23,0.18,18.940000000000012,10:33:18,35.54,2400,35.55,5300,35.5401,100
7958,3.92,3.62,0.3,11.71,10:34:11,35.55,2300,35.56,3300,35.5592,100
7964,0.38,0.12,0.26,16.23,10:34:16,35.54,1800,35.55,1700,35.5436,312
8124,0.98,0.22,0.76,38.89,10:35:38,35.6,1300,35.61,1600,35.603,165
8133,1.6199999999999999,0.19,1.43,48.44999999999999,10:35:48,35.6,1600,35.61,1800,35.6043,1512
8256,0.6000000000000001,0.28,0.32,17.530000000000005,10:37:17,35.66,1900,35.67,2300,35.661,200
8344,0.62,0.19,0.43,16.19,10:38:16,35.66,1900,35.67,1200,35.6654,300
8366,0.44,0.07,0.37,29.63,10:38:29,35.66,5200,35.67,2300,35.6653,250
8461,0.7799999999999999,0.08,0.7,40.17,10:39:40,35.7,1400,35.71,2600,35.705,600
8477,0.78,0.18,0.6,51.76000000000001,10:39:51,35.7,12000,35.71,3300,35.7065,200
8506,0.8,0.07,0.73,22.119999999999997,10:40:22,35.69,9300,35.7,1100,35.6932,417
8526,0.64,0.17,0.47,35.95,10:40:35,35.69,2600,35.7,1700,35.6935,170
8598,0.59,0.21,0.38,25.83,10:41:25,35.68,2000,35.69,3900,35.683,859
8628,0.6,0.18,0.42,43.82,10:41:43,35.68,2000,35.69,3000,35.6834,600
8671,0.43999999999999995,0.09,0.35,7.82,10:42:07,35.69,2700,35.7,2000,35.693000000000005,512
8690,0.94,0.31,0.63,23.86,10:42:23,35.7,2600,35.71,1400,35.7024,540
8800,0.66,0.21,0.45,38.040000000000006,10:43:38,35.74,3600,35.75,6600,35.7431,125
8820,0.79,0.12,0.67,51.810000000000024,10:43:51,35.74,9200,35.75,7300,35.7452,300
8975,0.74,0.09,0.65,35.75,10:45:35,35.75,2800,35.76,3500,35.754,800
9018,0.5800000000000001,0.07,0.51,3.38,10:46:03,35.75,2800,35.76,4500,35.751,372
9044,0.5599999999999999,0.21,0.35,21.590000000000003,10:46:21,35.76,2100,35.77,2100,35.765,200
9108,0.62,0.19,0.43,0.0,10:47:00,35.75,3700,35.76,2200,35.7599,259
9292,0.43,0.08,0.35,8.08,10:49:08,35.79,2700,35.8,800,35.8,300
9297,0.5800000000000001,0.07,0.51,14.03,10:49:14,35.79,3400,35.8,700,35.795,200
9305,0.62,0.27,0.35,18.44,10:49:18,35.78,1200,35.79,3400,35.7841,1000
9312,0.43,0.07,0.36,22.270000000000007,10:49:22,35.78,2500,35.79,2900,35.785,100
9342,0.79,0.2,0.59,41.47000000000001,10:49:41,35.77,1400,35.78,3400,35.775,100
9465,2.38,1.88,0.5,5.1899999999999995,10:51:05,35.77,2000,35.78,700,35.7747,116
9477,0.64,0.18,0.46,18.220000000000002,10:51:18,35.8,900,35.81,900,35.805,100
9480,1.78,1.32,0.46,21.410000000000004,10:51:21,35.8,1500,35.81,1100,35.81,200
9506,0.5900000000000001,0.27,0.32,37.950000000000024,10:51:37,35.75,3900,35.76,23200,35.7501,300
9519,0.6,0.19,0.41,45.970000000000034,10:51:45,35.75,4000,35.76,23400,35.7532,400
9570,0.75,0.23,0.52,26.54000000000001,10:52:26,35.78,2000,35.79,1400,35.781,1000
9588,0.64,0.17,0.47,38.610000000000014,10:52:38,35.8,1100,35.81,4300,35.8075,3800
9621,0.5700000000000001,0.13,0.44,0.0,10:53:00,35.82,1800,35.83,3800,35.83,100
9638,1.1400000000000001,0.54,0.6,10.37,10:53:10,35.83,1200,35.84,3100,35.835,100
9646,0.5900000000000001,0.07,0.52,20.019999999999996,10:53:20,35.82,1700,35.83,8100,35.82,100
9710,0.58,0.15,0.43,56.019999999999996,10:53:56,35.79,2000,35.8,3000,35.7933,1500
9766,0.46,0.07,0.39,6.6899999999999995,10:56:06,35.83,2500,35.84,1300,35.8344,204
9777,0.75,0.21,0.54,14.42,10:56:14,35.83,2500,35.84,1700,35.84,100
9808,0.5800000000000001,0.07,0.51,34.26000000000001,10:56:34,35.83,3100,35.84,1900,35.8367,400
9812,0.62,0.18,0.44,0.0,10:57:00,35.85,1900,35.86,4100,35.855,100
9815,0.44,0.08,0.36,1.63,10:57:01,35.85,1400,35.86,5000,35.85,200
9819,0.53,0.21,0.32,3.8,10:57:03,35.86,1900,35.87,1700,35.865,100
9821,1.79,1.23,0.56,11.36,10:57:11,35.86,1500,35.87,1600,35.86,100
9836,0.6,0.24,0.36,21.78,10:57:21,35.85,2800,35.86,2100,35.8565,280
9868,0.5900000000000001,0.07,0.52,39.56000000000002,10:57:39,35.85,3000,35.86,3100,35.8546,200
9872,0.6,0.23,0.37,41.96000000000002,10:57:41,35.85,3000,35.86,2900,35.859,300
9916,0.43999999999999995,0.09,0.35,12.029999999999998,10:58:12,35.81,1200,35.82,1800,35.815,200
9924,0.44,0.14,0.3,18.029999999999998,10:58:18,35.81,1600,35.82,5100,35.811,100
9990,0.6,0.22,0.38,58.23000000000001,10:58:58,35.75,2800,35.76,6200,35.7546,200
10031,0.5800000000000001,0.18,0.4,26.17000000000001,10:59:26,35.76,3500,35.77,3500,35.7601,351
10046,0.57,0.21,0.36,33.98000000000001,10:59:33,35.8,1500,35.81,1700,35.801,120
10082,0.44,0.14,0.3,54.17000000000003,10:59:54,35.78,2000,35.79,1900,35.7865,100
10155,0.43,0.08,0.35,43.430000000000014,11:00:43,35.76,800,35.77,2400,35.7632,100
10165,0.77,0.22,0.55,49.79000000000002,11:00:49,35.76,700,35.77,3200,35.7685,161
10168,0.6,0.18,0.42,51.65000000000003,11:00:51,35.76,600,35.77,3200,35.7684,3000
10203,0.44,0.14,0.3,30.210000000000008,11:01:30,35.76,1900,35.77,3100,35.7642,700
10299,0.59,0.22,0.37,29.939999999999998,11:04:29,35.73,2800,35.74,2400,35.7344,100
10340,1.56,0.89,0.67,15.149999999999999,11:05:15,35.73,3100,35.74,3400,35.7365,150
10469,0.43,0.07,0.36,39.599999999999994,11:06:39,35.67,1000,35.68,3500,35.6701,720
10489,0.44,0.08,0.36,50.16999999999999,11:06:50,35.66,2100,35.67,4300,35.6632,220
10496,0.62,0.23,0.39,54.16999999999999,11:06:54,35.66,2200,35.67,5000,35.6618,2000
10557,0.43000000000000005,0.09,0.34,36.21000000000001,11:07:36,35.67,7500,35.68,3800,35.6715,100
10583,0.59,0.23,0.36,50.2,11:07:50,35.69,2200,35.7,1300,35.6934,3187
10770,0.57,0.08,0.49,51.76000000000001,11:09:51,35.77,3000,35.78,1100,35.7735,378
10802,0.44,0.07,0.37,14.42,11:10:14,35.82,1900,35.83,2500,35.8233,220
10809,0.61,0.18,0.43,18.21,11:10:18,35.84,2600,35.85,2500,35.845,1300
10855,0.59,0.17,0.42,45.78000000000002,11:10:45,35.84,8700,35.85,2600,35.8443,325
10880,0.57,0.08,0.49,1.7799999999999998,11:11:01,35.87,900,35.88,3600,35.87,200
10889,0.5700000000000001,0.25,0.32,9.58,11:11:09,35.87,5500,35.88,900,35.88,100
10897,3.63,3.26,0.37,19.81,11:11:19,35.89,1300,35.9,1600,35.89,100
10898,0.5700000000000001,0.12,0.45,20.38,11:11:20,35.88,1900,35.89,1900,35.885,100
10971,0.44,0.07,0.37,5.79,11:12:05,35.89,2800,35.9,1300,35.9,344
10983,0.44999999999999996,0.09,0.36,18.58,11:12:18,35.89,2300,35.9,700,35.8963,1000
11008,0.74,0.07,0.67,36.120000000000005,11:12:36,35.89,1700,35.9,3800,35.895,200
11038,0.79,0.26,0.53,57.95000000000001,11:12:57,35.89,2800,35.9,3300,35.896,500
11058,0.62,0.08,0.54,12.039999999999997,11:13:12,35.89,2700,35.9,2700,35.8957,200
11129,0.43,0.07,0.36,1.6199999999999999,11:14:01,35.83,1500,35.84,1100,35.8399,336
11149,1.15,0.65,0.5,20.39,11:14:20,35.86,900,35.87,800,35.8642,1000
11168,0.57,0.09,0.48,31.58,11:14:31,35.9,1100,35.91,2800,35.905,100
11175,0.43,0.07,0.36,35.62999999999999,11:14:35,35.9,1600,35.91,2500,35.9025,1800
11182,0.62,0.18,0.44,39.609999999999985,11:14:39,35.9,1500,35.91,3400,35.91,100
11200,0.5700000000000001,0.07,0.5,49.58999999999998,11:14:49,35.91,2000,35.92,2200,35.92,100
11201,108.41,107.97,0.44,0.0,11:16:00,35.94,1500,35.95,2500,35.9401,827
11217,0.81,0.18,0.63,10.040000000000001,11:16:10,35.94,2700,35.95,2000,35.94,100
11220,0.6200000000000001,0.07,0.55,12.080000000000002,11:16:12,35.94,2700,35.95,1900,35.95,100
11223,0.62,0.24,0.38,14.08,11:16:14,35.94,2700,35.95,2200,35.945,600
11243,0.6000000000000001,0.07,0.53,3.4000000000000004,11:17:03,35.97,1800,35.98,700,35.97,100
11246,2.5799999999999996,2.01,0.57,7.390000000000001,11:17:07,35.97,1500,35.98,800,35.975,100
11248,2.77,2.15,0.62,10.78,11:17:10,35.97,2000,35.98,1300,35.98,100
11251,0.5800000000000001,0.18,0.4,15.21,11:17:15,35.99,900,36.0,700,36.0,300
11265,0.43000000000000005,0.09,0.34,23.420000000000005,11:17:23,36.0,2700,36.01,1200,36.005,200
11268,0.63,0.17,0.46,25.220000000000006,11:17:25,36.01,700,36.02,1400,36.02,100
11279,0.61,0.24,0.37,31.41,11:17:31,36.03,400,36.04,3000,36.035,100
11282,0.43,0.07,0.36,33.04,11:17:33,36.05,1600,36.06,800,36.05,100
11283,0.5599999999999999,0.21,0.35,33.6,11:17:33,36.07,700,36.08,1000,36.07,100
11286,0.59,0.24,0.35,35.410000000000004,11:17:35,36.06,600,36.07,700,36.065,100
11288,0.5700000000000001,0.14,0.43,36.410000000000004,11:17:36,36.06,500,36.07,700,36.06,100
11293,0.5700000000000001,0.19,0.38,39.21,11:17:39,36.08,1200,36.09,900,36.085,100
11295,0.43,0.07,0.36,40.21,11:17:40,36.08,1100,36.09,900,36.08,100
11297,0.5599999999999999,0.09,0.47,41.38,11:17:41,36.09,400,36.1,1300,36.1,100
11299,0.5599999999999999,0.08,0.48,42.370000000000005,11:17:42,36.09,1500,36.1,1200,36.09,200
11323,0.44,0.08,0.36,55.43,11:17:55,36.05,1000,36.06,1500,36.055,100
11330,0.44,0.08,0.36,2.21,11:18:02,36.09,1200,36.1,1400,36.0999,256
11334,0.5700000000000001,0.07,0.5,4.36,11:18:04,36.11,900,36.11,100,36.11,100
11338,0.44,0.08,0.36,6.400000000000001,11:18:06,36.12,1500,36.13,900,36.12,100
11339,1.77,1.34,0.43,8.170000000000002,11:18:08,36.12,1400,36.13,900,36.125,100
11343,1.26,0.8,0.46,13.020000000000001,11:18:13,36.11,1100,36.12,1200,36.115,100
11352,0.6000000000000001,0.07,0.53,22.400000000000006,11:18:22,36.07,1200,36.08,1600,36.075,100
11370,0.6100000000000001,0.07,0.54,34.38000000000001,11:18:34,36.09,1100,36.1,1400,36.095,200
11382,0.6000000000000001,0.07,0.53,42.59,11:18:42,36.09,1800,36.1,1300,36.105,500
11423,0.6499999999999999,0.08,0.57,9.680000000000001,11:19:09,36.1,400,36.11,800,36.1043,978
11458,0.58,0.22,0.36,37.459999999999994,11:19:37,36.04,100,36.05,900,36.04,100
11476,0.95,0.35,0.6,48.019999999999996,11:19:48,36.04,100,36.05,1600,36.045,100
11481,0.6300000000000001,0.07,0.56,51.43,11:19:51,36.03,300,36.04,800,36.0348,100
11484,0.6,0.18,0.42,53.46,11:19:53,36.03,700,36.04,1400,36.0344,300
11490,0.64,0.11,0.53,57.84,11:19:57,36.05,500,36.06,800,36.0566,920
11496,0.76,0.08,0.68,2.17,11:20:02,36.04,300,36.05,700,36.0425,2500
11511,0.62,0.08,0.54,14.019999999999996,11:20:14,36.04,600,36.05,1100,36.0443,230
11521,0.6000000000000001,0.14,0.46,25.549999999999997,11:20:25,36.03,600,36.04,2200,36.03,100
11536,0.6100000000000001,0.27,0.34,35.98,11:20:35,36.02,700,36.03,2600,36.025,7900
11539,0.63,0.14,0.49,37.96,11:20:37,36.0,29300,36.01,400,36.015,2700
11543,0.6100000000000001,0.07,0.54,40.550000000000004,11:20:40,35.98,700,35.99,4000,35.99,100
11577,0.8099999999999999,0.22,0.59,3.7800000000000002,11:21:03,35.99,900,36.0,94500,35.995,100
11594,0.62,0.08,0.54,21.780000000000005,11:21:21,36.01,1000,36.02,500,36.01,100
11636,0.5900000000000001,0.2,0.39,51.59000000000002,11:21:51,36.04,600,36.05,1900,36.049,100
11791,0.6000000000000001,0.28,0.32,42.210000000000015,11:23:42,36.04,2700,36.05,3500,36.0499,127
11856,0.61,0.08,0.53,26.43000000000001,11:24:26,36.08,900,36.09,3600,36.0925,500
11875,0.58,0.16,0.42,38.21000000000002,11:24:38,36.08,1300,36.09,2500,36.0854,100
11958,0.61,0.12,0.49,44.26,11:25:44,36.07,1700,36.08,2500,36.077,100
12017,0.6100000000000001,0.07,0.54,30.25,11:26:30,36.07,2000,36.08,6400,36.0767,620
12036,0.5599999999999999,0.21,0.35,0.5599999999999999,11:27:00,36.09,3700,36.1,3300,36.0965,100
12057,0.5700000000000001,0.13,0.44,0.0,11:28:00,36.14,2300,36.15,3400,36.145,100
12058,0.6100000000000001,0.07,0.54,0.6100000000000001,11:28:00,36.13,4000,36.14,2300,36.14,100
12059,0.73,0.08,0.65,1.34,11:28:01,36.09,900,36.1,4200,36.0931,163
12131,0.77,0.23,0.54,53.99999999999999,11:29:53,36.06,1600,36.07,1500,36.0601,100
12145,0.79,0.07,0.72,5.03,11:30:05,36.08,4500,36.09,700,36.0832,125
12151,0.7899999999999999,0.21,0.58,29.629999999999995,11:30:29,36.08,4300,36.09,1100,36.0876,300
12182,0.77,0.21,0.56,51.21999999999999,11:30:51,36.07,3200,36.08,3800,36.0781,3000
12241,0.5900000000000001,0.07,0.52,39.809999999999995,11:31:39,36.09,3000,36.1,4000,36.0911,1000
12314,0.76,0.2,0.56,28.399999999999995,11:32:28,36.07,3300,36.08,3600,36.0738,302
12356,0.6000000000000001,0.2,0.4,52.23999999999999,11:32:52,36.07,3900,36.08,4100,36.0703,2800
12408,0.61,0.08,0.53,28.240000000000002,11:33:28,36.1,2500,36.11,2200,36.101,662
12535,0.61,0.08,0.53,51.78000000000001,11:34:51,36.04,1300,36.05,3300,36.0438,110
12607,0.44,0.07,0.37,23.000000000000004,11:36:23,36.06,1000,36.07,1800,36.0631,250
12614,3.59,3.07,0.52,0.0,11:37:00,36.06,1100,36.07,1800,36.0647,150
12622,0.6000000000000001,0.07,0.53,4.99,11:37:04,36.06,900,36.07,1200,36.0662,200
12658,0.56,0.07,0.49,28.549999999999997,11:37:28,36.05,1500,36.06,3900,36.0571,255
12669,0.6000000000000001,0.28,0.32,34.589999999999996,11:37:34,36.05,1800,36.06,4200,36.051,113
12725,0.6000000000000001,0.07,0.53,21.850000000000005,11:38:21,36.05,2900,36.06,3400,36.0599,375
12785,0.62,0.12,0.5,3.64,11:40:03,36.08,1800,36.09,2000,36.0885,115
12809,0.77,0.23,0.54,18.59,11:41:18,36.08,2400,36.09,2600,36.0884,205
12866,0.75,0.07,0.68,56.40000000000003,11:41:56,36.08,2000,36.09,3000,36.0843,1000
13123,0.33,0.13,0.2,43.730000000000025,11:43:43,36.1,2700,36.11,2800,36.1032,2000
13556,0.33,0.13,0.2,51.02000000000002,11:47:51,36.1,4300,36.11,12400,36.1085,100
13599,0.26,0.08,0.18,11.87,11:48:11,36.1,4400,36.11,11700,36.103,631
13726,0.46,0.27,0.19,57.969999999999985,11:48:57,36.1,5400,36.11,20200,36.109,355
13745,0.28,0.1,0.18,3.9000000000000004,11:49:03,36.1,5200,36.11,20200,36.1001,200
13902,2.61,2.31,0.3,9.85,11:50:09,36.04,1800,36.05,3200,36.047,610
13958,0.44000000000000006,0.27,0.17,33.989999999999995,11:50:33,36.04,1800,36.05,4400,36.0436,1000
13970,0.33,0.17,0.16,37.96,11:50:37,36.04,3800,36.05,4400,36.0401,1700
14021,0.36,0.2,0.16,54.07,11:50:54,36.02,4600,36.03,4100,36.0207,600
14097,0.39,0.17,0.22,29.66,11:51:29,36.01,1900,36.02,4800,36.019,172
14192,0.42000000000000004,0.23,0.19,2.18,11:52:02,35.96,1500,35.97,1800,35.96,500
14206,3.46,3.28,0.18,9.150000000000002,11:52:09,35.96,300,35.97,4100,35.965,100
14212,0.37,0.09,0.28,12.8,11:52:12,35.95,1200,35.96,2000,35.955,100
14632,0.42,0.24,0.18,54.36000000000002,11:54:54,35.94,2100,35.95,4900,35.9463,925
14676,0.27,0.08,0.19,11.52,11:55:11,35.94,1800,35.95,5200,35.9469,200
14677,1.6300000000000001,1.3,0.33,13.15,11:55:13,35.98,1900,35.99,2500,35.9775,500
14700,0.37,0.17,0.2,24.040000000000006,11:55:24,35.98,1100,35.99,2100,35.985,200
14781,0.5700000000000001,0.23,0.34,54.31000000000003,11:55:54,35.98,2300,35.99,600,35.9883,3000
14799,0.25,0.07,0.18,1.8800000000000001,11:56:01,35.98,2300,35.99,2700,35.9872,2449
14851,0.25,0.07,0.18,25.960000000000004,11:56:25,35.98,1500,35.99,4200,35.9801,175
15049,0.42,0.18,0.24,39.88000000000001,11:57:39,35.96,2800,35.97,3800,35.969,1228
15210,0.29,0.08,0.21,44.16,11:58:44,35.93,1600,35.94,1600,35.93,100
15226,0.26,0.07,0.19,49.86,11:58:49,35.93,900,35.94,2900,35.935,100
15244,0.41000000000000003,0.18,0.23,56.150000000000006,11:58:56,35.93,1200,35.94,2800,35.9301,175
15277,0.33999999999999997,0.15,0.19,15.56,11:59:15,35.92,1300,35.93,2800,35.9284,140
15295,0.39,0.21,0.18,23.880000000000006,11:59:23,35.92,1600,35.93,2800,35.925,500
15431,2.17,1.84,0.33,4.72,12:00:04,35.9,3000,35.91,2500,35.9099,2000
15453,0.32,0.08,0.24,13.729999999999999,12:00:13,35.9,7300,35.91,2300,35.9069,100
15594,0.36,0.19,0.17,22.2,12:01:22,35.95,1900,35.96,2100,35.9558,2000
15624,0.24000000000000002,0.07,0.17,31.88999999999999,12:01:31,35.95,3800,35.96,2100,35.951,165
15749,0.32,0.07,0.25,21.970000000000002,12:02:21,35.96,1800,35.97,2400,35.9635,199
15835,0.36,0.2,0.16,49.760000000000005,12:02:49,35.95,2700,35.96,2400,35.9501,200
15873,0.42000000000000004,0.26,0.16,1.42,12:03:01,35.95,2600,35.96,2900,35.9508,100
16092,0.3,0.08,0.22,26.97000000000001,12:04:26,35.95,15300,35.96,3200,35.9599,100
16103,0.37,0.2,0.17,31.05000000000001,12:04:31,35.96,1700,35.97,1800,35.9601,120
16139,0.39,0.23,0.16,42.92000000000001,12:04:42,35.96,2000,35.97,2100,35.9668,2782
16319,0.26,0.08,0.18,55.79,12:05:55,35.94,1500,35.95,3300,35.9425,100
16651,0.32,0.13,0.19,4.11,12:08:04,35.98,2600,35.99,2100,35.9875,100
16673,0.32,0.14,0.18,20.189999999999998,12:08:20,35.97,5400,35.98,3900,35.9765,370
16775,0.48,0.15,0.33,56.26000000000001,12:08:56,35.95,2300,35.96,2500,35.9532,100
16899,0.23,0.07,0.16,33.949999999999996,12:09:33,35.95,2300,35.96,5700,35.9554,100
17023,0.43,0.24,0.19,27.97999999999999,12:10:27,35.91,2600,35.92,3300,35.915,100
17054,0.24000000000000002,0.07,0.17,38.06999999999999,12:10:38,35.91,2600,35.92,2900,35.9175,600
17061,0.41000000000000003,0.2,0.21,40.09999999999999,12:10:40,35.92,3200,35.93,2900,35.9299,100
17129,0.41000000000000003,0.24,0.17,1.9,12:11:01,35.94,2400,35.95,1500,35.9431,175
17142,0.37,0.18,0.19,7.790000000000001,12:11:07,35.94,2300,35.95,2000,35.9404,1300
17271,0.33999999999999997,0.18,0.16,52.14,12:11:52,35.94,2300,35.95,2600,35.9435,390
17366,0.32,0.14,0.18,31.870000000000008,12:12:31,35.94,2700,35.95,4000,35.9428,1500
17520,0.23,0.07,0.16,35.81000000000001,12:13:35,35.94,3100,35.95,4900,35.9475,100
17635,0.31,0.13,0.18,15.860000000000001,12:14:15,35.94,8500,35.95,5800,35.9466,224
17685,0.33,0.13,0.2,32.970000000000006,12:14:32,35.94,8900,35.95,6700,35.9473,3921
17697,0.4,0.15,0.25,38.13000000000002,12:14:38,35.94,8900,35.95,6300,35.9443,1240
17761,0.28,0.08,0.2,7.89,12:15:07,35.94,8600,35.95,6800,35.9499,1390
17819,0.38,0.14,0.24,35.680000000000014,12:15:35,35.9,1100,35.91,5400,35.9046,221
17825,0.27,0.07,0.2,37.68000000000002,12:15:37,35.9,1100,35.91,5600,35.9043,147
17947,0.38,0.18,0.2,24.050000000000004,12:16:24,35.87,6300,35.88,2000,35.875,600
18064,0.23,0.07,0.16,3.9899999999999993,12:17:03,35.87,2700,35.88,1900,35.8735,300
18120,0.39,0.23,0.16,30.98999999999999,12:17:30,35.87,2800,35.88,2800,35.8712,800
18311,0.23,0.07,0.16,37.77999999999998,12:18:37,35.86,4600,35.87,2700,35.8613,2000
18416,0.23,0.07,0.16,19.97,12:19:19,35.84,8200,35.85,7300,35.841,600
18451,0.44000000000000006,0.27,0.17,30.439999999999994,12:19:30,35.84,8000,35.85,7400,35.8432,444
18513,0.35,0.18,0.17,48.65000000000002,12:19:48,35.84,8500,35.85,7100,35.8499,200
18622,0.4,0.21,0.19,32.39,12:20:32,35.84,9000,35.85,8600,35.8434,5000
18786,0.4,0.17,0.23,38.12,12:21:38,35.85,6300,35.86,7000,35.8539,150
19019,0.5800000000000001,0.27,0.31,6.520000000000001,12:23:06,35.85,15400,35.86,16000,35.8512,100
19112,0.32999999999999996,0.09,0.24,46.170000000000016,12:23:46,35.84,3200,35.85,4300,35.8444,482
19232,0.44000000000000006,0.17,0.27,36.29,12:24:36,35.85,8900,35.86,1300,35.8523,3000
19357,0.27,0.07,0.2,31.65,12:25:31,35.85,1300,35.86,8200,35.8592,400
19389,0.37,0.17,0.2,43.69999999999999,12:25:43,35.85,1300,35.86,7700,35.8501,1955
19395,0.42,0.21,0.21,45.889999999999986,12:25:45,35.85,1700,35.86,6800,35.8554,204
19470,0.44,0.21,0.23,17.049999999999997,12:26:17,35.85,2200,35.86,7800,35.8534,711
19734,0.23,0.07,0.16,4.01,12:28:04,35.85,2000,35.86,2000,35.8533,200
19871,0.31,0.12,0.19,56.14999999999999,12:28:56,35.87,3300,35.88,1400,35.8758,5000
19914,0.49,0.32,0.17,10.020000000000001,12:29:10,35.87,4000,35.88,2500,35.8796,500
20017,0.45999999999999996,0.21,0.25,50.02,12:29:50,35.87,6300,35.88,11600,35.8743,385
20153,0.47000000000000003,0.27,0.2,46.02,12:30:46,35.93,5200,35.94,1600,35.934,817
20347,0.6100000000000001,0.28,0.33,0.0,12:32:00,35.94,6800,35.95,3700,35.9493,100
20368,0.35,0.18,0.17,18.759999999999998,12:32:18,35.94,6900,35.95,3600,35.9461,200
20478,0.5800000000000001,0.27,0.31,0.0,12:33:00,35.94,1500,35.95,12100,35.949,198
20677,0.26,0.08,0.18,18.080000000000002,12:34:18,35.97,3700,35.98,2600,35.9769,113
20782,0.37,0.2,0.17,50.35000000000002,12:34:50,35.99,15200,36.0,12800,35.9901,100
20854,0.39,0.21,0.18,26.03000000000001,12:35:26,35.99,3000,36.0,17300,35.9975,152
20958,0.29000000000000004,0.12,0.17,58.87999999999999,12:35:58,35.99,3400,36.0,17200,35.9972,209
20979,0.23,0.07,0.16,12.950000000000001,12:36:12,35.99,4200,36.0,18300,35.999,376
21003,0.26,0.07,0.19,25.860000000000003,12:36:25,35.99,4300,36.0,15700,35.9915,258
21121,0.34,0.14,0.2,0.0,12:37:00,35.98,2500,35.99,5300,35.9846,300
21422,0.24000000000000002,0.07,0.17,4.970000000000001,12:39:04,35.96,2600,35.97,1800,35.9664,500
21657,0.25,0.08,0.17,13.38,12:41:13,35.96,3200,35.97,7700,35.961,1000
21844,0.24000000000000002,0.07,0.17,18.750000000000007,12:44:18,35.95,2300,35.96,1500,35.9535,300
21849,0.28,0.07,0.21,20.590000000000007,12:44:20,35.95,3300,35.96,1500,35.957,1071
21914,0.28,0.07,0.21,21.79000000000001,12:45:21,35.95,5200,35.96,5500,35.9565,305
22167,0.42000000000000004,0.22,0.2,5.26,12:47:05,35.94,5100,35.95,8900,35.9446,160
22236,0.31,0.07,0.24,35.990000000000016,12:47:35,35.94,2200,35.95,10000,35.946999999999996,300
22390,0.39,0.21,0.18,31.820000000000007,12:48:31,36.0,4300,36.01,2000,36.0093,150
22396,0.32,0.14,0.18,33.640000000000015,12:48:33,36.0,4200,36.01,2000,36.0025,100
22503,0.37,0.14,0.23,15.840000000000002,12:49:15,36.02,4000,36.03,1400,36.0201,2750
22633,3.79,3.57,0.22,5.79,12:50:05,36.04,3000,36.05,2100,36.0456,700
22749,0.25,0.08,0.17,50.35000000000003,12:50:50,36.04,3300,36.05,2600,36.0444,716
22780,0.38,0.2,0.18,0.0,12:51:00,36.04,3500,36.05,4600,36.0435,139
22993,0.4,0.22,0.18,24.020000000000007,12:52:24,36.01,2800,36.02,3500,36.010999999999996,372
23106,0.26,0.08,0.18,0.0,12:53:00,36.0,5600,36.01,7100,36.0001,170
23235,0.46,0.23,0.23,54.279999999999994,12:53:54,35.99,4200,36.0,43000,35.9944,100
23295,0.41000000000000003,0.2,0.21,26.120000000000005,12:54:26,36.02,4200,36.03,2400,36.0225,700
23310,0.33999999999999997,0.12,0.22,31.760000000000005,12:54:31,36.02,5300,36.03,2100,36.0268,1000
23415,4.83,4.66,0.17,8.690000000000001,12:55:08,36.0,3200,36.01,5200,36.0062,278
23515,0.44000000000000006,0.27,0.17,40.10000000000002,12:55:40,36.02,2500,36.03,3600,36.0262,300
23561,0.62,0.46,0.16,6.0200000000000005,12:56:06,36.02,3500,36.03,6000,36.0235,156
23589,0.39,0.23,0.16,21.840000000000003,12:56:21,36.02,3600,36.03,5600,36.0229,245
23621,0.24000000000000002,0.07,0.17,32.029999999999994,12:56:32,36.02,3500,36.03,5700,36.021,2000
23684,0.34,0.14,0.2,52.059999999999995,12:56:52,36.02,2800,36.03,8200,36.023,300
23772,0.48,0.31,0.17,32.0,12:57:32,36.04,2200,36.05,2000,36.0454,277
23938,0.4,0.23,0.17,32.12999999999998,12:58:32,36.04,3400,36.05,5300,36.0415,400
24040,0.5,0.27,0.23,7.3999999999999995,13:00:07,36.01,2400,36.02,3300,36.018,100
24185,0.38,0.22,0.16,30.12,13:01:30,36.02,2900,36.03,6800,36.0231,180
24412,0.38,0.17,0.21,51.909999999999975,13:02:51,36.02,3400,36.03,14800,36.0266,278
24753,0.27,0.07,0.2,0.0,13:05:00,36.01,2700,36.02,5000,36.0105,334
24868,0.5,0.23,0.27,48.249999999999986,13:05:48,36.01,2600,36.02,4900,36.0167,300
24909,0.44,0.24,0.2,0.0,13:06:00,36.01,3000,36.02,4900,36.0199,533
24942,3.78,3.59,0.19,16.41,13:09:16,36.01,6500,36.02,12500,36.0132,124
25075,0.4,0.13,0.27,3.71,13:10:03,36.03,3300,36.04,2700,36.038000000000004,1164
25122,0.4,0.18,0.22,29.790000000000006,13:10:29,36.04,3800,36.05,900,36.0487,1000
25158,0.29,0.08,0.21,41.75,13:10:41,36.04,3700,36.05,1300,36.0467,200
25199,0.36,0.18,0.18,55.540000000000006,13:10:55,36.05,7100,36.06,5700,36.0535,305
25235,3.9499999999999997,3.57,0.38,12.209999999999999,13:11:12,36.09,3100,36.1,2400,36.0962,401
25274,0.49,0.17,0.32,32.57,13:11:32,36.09,3600,36.1,2500,36.0917,230
25278,0.42,0.07,0.35,34.52,13:11:34,36.09,3700,36.1,2500,36.0968,200
25324,0.48000000000000004,0.08,0.4,57.32999999999996,13:11:57,36.09,4100,36.1,1200,36.0943,100
25445,0.27,0.09,0.18,52.170000000000016,13:12:52,36.09,4500,36.1,2800,36.0958,100
25465,0.5800000000000001,0.25,0.33,5.98,13:13:05,36.09,4200,36.1,3000,36.0985,100
25475,2.95,2.4,0.55,15.120000000000001,13:13:15,36.09,4300,36.1,3100,36.0972,4500
25480,0.56,0.23,0.33,17.93,13:13:17,36.09,4300,36.1,2900,36.0938,150
25552,0.45,0.13,0.32,1.6199999999999999,13:14:01,36.11,4200,36.12,1400,36.1157,415
25611,0.6,0.18,0.42,44.01,13:14:44,36.11,4600,36.12,1900,36.1199,1400
25631,0.44,0.08,0.36,55.59,13:14:55,36.12,5300,36.13,2200,36.13,100
25638,0.62,0.19,0.43,0.0,13:15:00,36.12,5800,36.13,2100,36.121,183
25649,0.67,0.21,0.46,8.19,13:15:08,36.12,5000,36.13,4000,36.1286,500
25736,0.61,0.18,0.43,9.77,13:16:09,36.07,1700,36.08,5700,36.0701,800
25782,0.62,0.19,0.43,45.55000000000002,13:16:45,36.08,1900,36.09,2600,36.0858,2000
25816,0.5800000000000001,0.27,0.31,12.77,13:17:12,36.03,900,36.04,2500,36.0342,4510
25833,0.56,0.23,0.33,25.979999999999997,13:17:25,36.03,4400,36.04,1900,36.0358,100
25900,2.81,2.46,0.35,5.36,13:18:05,36.03,1700,36.04,4500,36.031,1800
26015,0.43,0.08,0.35,26.040000000000003,13:19:26,36.01,2000,36.02,1400,36.0146,350
26142,0.5800000000000001,0.13,0.45,48.34000000000002,13:20:48,36.01,1600,36.02,6000,36.0144,300
26176,0.6,0.24,0.36,15.870000000000001,13:21:15,36.01,1900,36.02,8400,36.0162,600
26222,0.45,0.07,0.38,45.47000000000001,13:21:45,36.01,1000,36.02,7100,36.0138,116
26283,0.5800000000000001,0.18,0.4,23.970000000000006,13:22:23,36.0,3400,36.01,4300,36.009,690
26376,1.65,1.07,0.58,21.27,13:23:21,36.01,4100,36.02,1500,36.0125,200
26447,0.75,0.23,0.52,11.81,13:24:11,36.03,3100,36.04,2400,36.0366,212
26457,0.6,0.15,0.45,22.470000000000006,13:24:22,36.03,2900,36.04,7000,36.0399,162
26459,0.8099999999999999,0.24,0.57,24.210000000000004,13:24:24,36.03,2900,36.04,7000,36.0389,661
26489,1.2,0.07,1.13,44.78000000000001,13:24:44,36.04,2400,36.05,4400,36.0496,500
26536,1.19,0.23,0.96,47.6,13:25:47,36.04,20900,36.05,4100,36.041,100
26542,1.1800000000000002,0.07,1.11,54.38000000000001,13:25:54,36.05,1200,36.06,2400,36.0568,140
26560,1.4,0.43,0.97,10.01,13:26:10,36.05,2100,36.06,8500,36.0501,549
26584,1.2,0.07,1.13,36.58000000000001,13:26:36,36.02,4400,36.03,11800,36.0243,383
26591,1.19,0.37,0.82,44.59000000000002,13:26:44,36.02,6300,36.03,14400,36.0232,125
26659,1.1700000000000002,0.08,1.09,17.76,13:28:17,36.02,3100,36.03,1800,36.0264,1900
26671,1.02,0.07,0.95,31.390000000000004,13:28:31,36.02,2500,36.03,3900,36.0265,116
26690,1.3900000000000001,0.08,1.31,54.04000000000003,13:28:54,36.04,1900,36.05,2200,36.0375,100
26698,5.58,4.42,1.16,0.0,13:29:00,36.04,2900,36.05,3600,36.0424,112
26709,1.01,0.07,0.94,19.420000000000005,13:29:19,36.05,2900,36.06,5200,36.0508,300
26765,1.01,0.14,0.87,37.0,13:30:37,36.04,4600,36.05,5600,36.0434,2777
26893,1.39,0.15,1.24,35.77,13:33:35,36.0,3200,36.01,9000,36.007,1267
26913,1.1800000000000002,0.08,1.1,1.1800000000000002,13:34:01,35.99,2200,36.0,4300,35.9913,200
26917,1.2000000000000002,0.14,1.06,5.590000000000001,13:34:05,35.99,2400,36.0,4200,35.991,680
26948,1.38,0.43,0.95,45.400000000000006,13:34:45,35.98,700,35.99,5900,35.9825,100
26972,2.62,1.65,0.97,16.58,13:35:16,35.97,1500,35.98,3900,35.973,352
27003,1.57,0.26,1.31,55.17000000000001,13:35:55,35.99,3400,36.0,2000,35.9962,200
27065,0.82,0.13,0.69,5.63,13:37:05,35.99,23900,36.0,8600,35.9957,3000
27249,1.0,0.07,0.93,43.190000000000005,13:41:43,35.97,2600,35.98,1600,35.9734,100
27287,1.4,0.19,1.21,40.57999999999999,13:42:40,35.97,4700,35.98,7300,35.9785,135
27324,0.9800000000000001,0.17,0.81,32.2,13:43:32,35.96,1300,35.97,5700,35.9647,300
27332,0.81,0.07,0.74,39.42,13:43:39,35.96,2300,35.97,6300,35.9611,212
27371,1.22,0.08,1.14,21.999999999999996,13:44:21,35.96,2200,35.97,3900,35.9654,1000
27406,1.22,0.08,1.14,7.04,13:45:07,35.96,2200,35.97,5400,35.9663,1500
27426,0.81,0.13,0.68,31.42,13:45:31,35.96,2600,35.97,3000,35.9667,167
27434,1.22,0.19,1.03,40.43,13:45:40,35.96,2800,35.97,3300,35.9684,200
27499,1.5799999999999998,0.18,1.4,0.0,13:47:00,35.96,1700,35.97,5200,35.9699,160
27516,1.3900000000000001,0.07,1.32,24.799999999999997,13:47:24,35.96,2200,35.97,5100,35.9669,150
27570,1.0,0.08,0.92,28.590000000000007,13:48:28,35.95,2100,35.96,3200,35.9541,3902
27625,1.23,0.08,1.15,26.009999999999998,13:49:26,36.02,2000,36.03,1700,36.0228,690
27637,0.99,0.17,0.82,39.19,13:49:39,36.05,1600,36.06,1200,36.0546,100
27646,1.0,0.24,0.76,48.38999999999999,13:49:48,36.06,1600,36.07,1100,36.0669,118
27669,1.23,0.08,1.15,13.830000000000002,13:50:13,36.06,1300,36.07,900,36.062,1000
27710,1.3900000000000001,0.08,1.31,0.0,13:51:00,36.05,3900,36.06,3600,36.0569,345
27716,1.23,0.29,0.94,8.01,13:51:08,36.05,3900,36.06,3500,36.0579,229
27721,1.2000000000000002,0.27,0.93,13.979999999999997,13:51:13,36.05,3900,36.06,3500,36.0531,187
27723,2.3899999999999997,1.63,0.76,20.169999999999998,13:51:20,36.05,4000,36.06,4000,36.059,145
27733,1.2000000000000002,0.09,1.11,31.99,13:51:31,36.05,4000,36.06,4100,36.053000000000004,107
27883,3.41,2.69,0.72,18.230000000000004,13:54:18,36.07,2700,36.08,2100,36.0744,400
27904,0.99,0.07,0.92,40.02,13:54:40,36.07,1800,36.08,3000,36.0768,234
27906,1.0,0.08,0.92,42.02,13:54:42,36.06,5300,36.07,2000,36.0699,147
27948,1.2,0.18,1.02,36.599999999999994,13:55:36,36.04,1500,36.05,4200,36.0416,128
28001,0.9800000000000001,0.17,0.81,35.56999999999999,13:56:35,36.04,3500,36.05,5100,36.043,207
28088,1.01,0.17,0.84,13.209999999999999,13:58:13,36.03,2100,36.04,3100,36.0392,2000
28099,1.41,0.19,1.22,30.19,13:58:30,36.03,2200,36.04,3200,36.0376,100
28150,1.03,0.15,0.88,33.790000000000006,13:59:33,36.02,1000,36.03,2700,36.0246,374
28174,1.4000000000000001,0.07,1.33,0.0,14:00:00,36.02,3800,36.03,1400,36.0292,2000
28215,0.8200000000000001,0.17,0.65,48.82,14:00:48,36.06,2800,36.07,2200,36.0637,703
28252,1.2,0.17,1.03,31.21,14:01:31,36.06,2700,36.07,11300,36.0675,200
28312,1.37,0.07,1.3,45.15999999999998,14:02:45,36.04,5000,36.05,600,36.0495,2000
28354,1.18,0.24,0.94,39.62,14:03:39,36.01,1000,36.02,10400,36.0135,100
28366,1.41,0.21,1.2,53.61999999999999,14:03:53,36.01,2200,36.02,9100,36.0173,100
28455,1.02,0.15,0.87,42.57,14:05:42,36.03,3800,36.04,3300,36.0307,3850
28460,1.3699999999999999,0.24,1.13,48.730000000000004,14:05:48,36.04,3000,36.05,2600,36.0492,3200
28505,1.19,0.16,1.03,37.78999999999999,14:06:37,36.03,2000,36.04,2900,36.0333,650
28524,1.4000000000000001,0.09,1.31,6.010000000000001,14:07:06,36.03,1900,36.04,9500,36.0335,300
28532,3.4,2.28,1.12,21.599999999999998,14:07:21,36.03,1900,36.04,8700,36.0365,235
28534,1.21,0.18,1.03,24.029999999999998,14:07:24,36.03,1900,36.04,8900,36.0334,182
28603,0.81,0.07,0.74,48.99,14:08:48,36.01,1700,36.02,2800,36.0131,113
28672,1.1800000000000002,0.14,1.04,3.8000000000000003,14:10:03,36.01,4800,36.02,5300,36.0154,300
28682,1.81,0.8,1.01,18.22,14:10:18,36.02,1800,36.03,3100,36.0217,3748
28688,1.2000000000000002,0.08,1.12,25.02,14:10:25,36.02,4300,36.03,3000,36.0295,2000
28693,1.1900000000000002,0.07,1.12,30.840000000000003,14:10:30,36.02,4300,36.03,4400,36.0242,300
28744,0.8200000000000001,0.07,0.75,35.63,14:11:35,36.02,4400,36.03,6100,36.0236,6000
28757,0.81,0.07,0.74,47.580000000000005,14:11:47,36.02,3600,36.03,8100,36.0234,500
28897,0.82,0.09,0.73,12.2,14:14:12,36.01,3700,36.02,14100,36.0165,168
29007,1.01,0.24,0.77,11.0,14:16:11,36.02,2800,36.03,2200,36.0267,105
29026,1.39,0.17,1.22,32.61,14:16:32,36.02,2900,36.03,5700,36.0254,162
29038,2.15,0.19,1.96,49.160000000000004,14:16:49,36.01,3600,36.02,6200,36.016999999999996,200
29043,1.39,0.17,1.22,56.83,14:16:56,36.01,2900,36.02,7000,36.0143,514
29159,1.0,0.24,0.76,4.6,14:19:04,35.99,1700,36.0,3900,35.9954,825
29263,0.58,0.09,0.49,45.230000000000004,14:20:45,35.98,2000,35.99,6400,35.981,126
29272,0.64,0.09,0.55,51.080000000000005,14:20:51,35.98,1300,35.99,7700,35.9858,361
29325,0.5800000000000001,0.13,0.45,21.840000000000003,14:21:21,35.97,2000,35.98,4600,35.9712,100
29427,0.59,0.15,0.44,35.06000000000002,14:22:35,35.97,4200,35.98,4900,35.9757,113
29440,0.5700000000000001,0.14,0.43,41.840000000000025,14:22:41,35.97,3700,35.98,6700,35.9735,250
29534,0.5700000000000001,0.18,0.39,27.370000000000008,14:23:27,35.97,3100,35.98,7200,35.9743,200
29549,0.43,0.07,0.36,35.43000000000001,14:23:35,35.97,3500,35.98,7500,35.9728,600
29601,0.78,0.35,0.43,19.969999999999995,14:24:19,35.97,2000,35.98,7700,35.979,100
29619,0.8,0.35,0.45,30.22,14:24:30,35.97,2200,35.98,7700,35.9701,587
29625,0.61,0.2,0.41,34.42999999999999,14:24:34,35.97,2000,35.98,8000,35.9799,719
29647,0.5900000000000001,0.14,0.45,48.41000000000002,14:24:48,35.97,2300,35.98,7200,35.9754,640
29727,0.76,0.1,0.66,48.01000000000001,14:25:48,35.99,4100,36.0,4100,35.9952,300
29741,0.62,0.21,0.41,57.23000000000003,14:25:57,35.99,4200,36.0,6400,35.993,580
29755,4.1899999999999995,3.55,0.64,9.759999999999998,14:26:09,35.99,4300,36.0,6500,35.9968,175
29827,0.61,0.2,0.41,55.56,14:26:55,35.98,4800,35.99,6300,35.9865,5380
29898,0.5700000000000001,0.26,0.31,43.940000000000005,14:27:43,35.98,6700,35.99,7700,35.9833,700
29938,4.06,3.57,0.49,11.82,14:28:11,35.98,6300,35.99,10700,35.9834,800
29941,0.61,0.08,0.53,13.79,14:28:13,35.98,6300,35.99,10800,35.9843,180
29978,0.5900000000000001,0.07,0.52,41.79000000000001,14:28:41,35.97,3100,35.98,5700,35.9783,196
30016,4.21,3.43,0.78,10.2,14:29:10,35.96,6000,35.97,7000,35.9634,216
30094,0.44,0.07,0.37,0.0,14:30:00,35.96,4200,35.97,8700,35.9679,100
30216,2.16,1.68,0.48,20.369999999999997,14:31:20,35.95,1400,35.96,8100,35.9555,593
30239,0.56,0.24,0.32,33.39000000000001,14:31:33,35.95,1400,35.96,8100,35.9543,1723
30340,0.6599999999999999,0.18,0.48,43.23000000000001,14:32:43,35.95,3200,35.96,12800,35.952,700
30570,0.77,0.17,0.6,29.95,14:37:29,35.99,6200,36.0,10100,35.9986,100
30742,0.81,0.19,0.62,36.16000000000001,14:39:36,36.01,7000,36.02,8700,36.0197,100
30976,0.8,0.12,0.68,34.19,14:42:34,35.98,3700,35.99,5300,35.9851,100
31060,0.43,0.12,0.31,31.429999999999996,14:43:31,35.98,4200,35.99,3500,35.9847,100
31111,0.62,0.14,0.48,0.0,14:44:00,35.96,3900,35.97,5000,35.9659,149
31198,1.04,0.4,0.64,10.030000000000001,14:45:10,35.96,7100,35.97,6900,35.9643,247
31216,0.62,0.1,0.52,23.650000000000006,14:45:23,35.95,3200,35.96,5200,35.959,200
31315,0.77,0.17,0.6,41.32000000000002,14:46:41,35.97,3300,35.98,3000,35.9725,4000
31344,0.8,0.07,0.73,0.0,14:47:00,35.97,4500,35.98,7100,35.971,200
31412,0.6,0.25,0.35,52.56999999999999,14:47:52,35.96,4600,35.97,8000,35.9666,287
31441,0.6,0.21,0.39,16.85,14:48:16,35.96,5800,35.97,14100,35.9633,200
31650,0.79,0.14,0.65,41.76,14:50:41,35.97,4300,35.98,5500,35.9766,200
31656,0.79,0.26,0.53,46.18,14:50:46,35.97,4700,35.98,6100,35.9756,107
31666,0.79,0.24,0.55,54.370000000000005,14:50:54,35.97,3900,35.98,6500,35.9715,115
31914,0.74,0.2,0.54,49.920000000000016,14:53:49,36.0,3100,36.01,10400,36.0078,679
31981,0.76,0.07,0.69,33.99999999999999,14:54:33,36.0,4200,36.01,19200,36.0046,100
31996,0.63,0.08,0.55,44.00000000000001,14:54:44,36.0,4400,36.01,18700,36.0054,100
32058,0.75,0.22,0.53,1.3900000000000001,14:56:01,36.0,2600,36.01,11600,36.0057,300
32082,0.62,0.24,0.38,17.2,14:56:17,36.0,2600,36.01,11600,36.0099,500
32122,0.6100000000000001,0.07,0.54,6.81,14:57:06,36.02,4400,36.03,1200,36.0299,2300
32198,0.61,0.23,0.38,0.0,14:58:00,36.0,3300,36.01,6400,36.0023,505
32233,0.6000000000000001,0.07,0.53,29.590000000000007,14:58:29,36.0,5600,36.01,10400,36.0044,296
32395,0.58,0.15,0.43,15.789999999999997,15:00:15,36.0,7500,36.01,12400,36.0043,387
32398,0.62,0.19,0.43,17.419999999999998,15:00:17,36.0,7400,36.01,12400,36.0039,192
32404,0.61,0.18,0.43,23.639999999999997,15:00:23,36.0,7600,36.01,12600,36.0012,200
32929,2.59,1.93,0.66,8.01,15:07:08,36.02,5500,36.03,21600,36.0237,818
32933,2.73,1.93,0.8,15.169999999999998,15:07:15,36.02,4500,36.03,21800,36.0269,111
32950,0.7799999999999999,0.21,0.57,29.62,15:07:29,36.02,8800,36.03,22200,36.029,429
33061,1.42,1.07,0.35,54.089999999999996,15:08:54,36.0,7000,36.01,12300,36.0075,4000
33091,0.62,0.21,0.41,18.799999999999997,15:09:18,36.0,5900,36.01,12300,36.0056,258
33114,0.75,0.22,0.53,31.98999999999999,15:09:31,36.0,6000,36.01,16400,36.001,210
33236,0.62,0.21,0.41,56.41000000000003,15:10:56,36.0,6600,36.01,16200,36.0016,171
33317,0.64,0.15,0.49,56.42000000000001,15:11:56,36.0,6100,36.01,16000,36.0089,100
33322,0.6300000000000001,0.07,0.56,0.0,15:12:00,36.0,6200,36.01,15900,36.0038,393
33467,0.56,0.07,0.49,40.21999999999999,15:13:40,36.02,9000,36.03,1500,36.0257,1950
33601,0.6000000000000001,0.07,0.53,4.01,15:15:04,36.04,7900,36.05,6800,36.0458,100
34318,0.59,0.17,0.42,29.839999999999996,15:23:29,35.99,6400,36.0,15800,35.9976,4435
34342,0.5800000000000001,0.07,0.51,45.82000000000001,15:23:45,35.99,7500,36.0,12000,35.9933,102
34442,0.5800000000000001,0.27,0.31,58.230000000000004,15:24:58,35.99,6800,36.0,14300,35.9999,140
34843,0.8099999999999999,0.09,0.72,40.44,15:29:40,36.0,7600,36.01,34400,36.0033,314
34873,0.7899999999999999,0.08,0.71,12.38,15:30:12,36.0,7600,36.01,34000,36.0085,900
34886,0.7899999999999999,0.08,0.71,28.76999999999999,15:30:28,36.0,9100,36.01,33300,36.0013,146
34922,0.6399999999999999,0.07,0.57,54.17,15:30:54,36.0,6700,36.01,37500,36.0066,296
35095,0.43,0.07,0.36,49.77,15:32:49,36.02,9700,36.03,18600,36.0256,120
35130,2.0300000000000002,1.53,0.5,13.36,15:33:13,35.99,3000,36.0,13300,35.9926,136
35430,0.61,0.23,0.38,35.54,15:36:35,35.99,11000,36.0,20600,35.9943,200
35455,0.59,0.24,0.35,49.75000000000001,15:36:49,35.99,11300,36.0,20900,35.9958,227
35534,0.61,0.2,0.41,48.45,15:37:48,36.0,4900,36.01,15300,36.0006,250
35554,0.77,0.17,0.6,0.0,15:38:00,36.0,5500,36.01,16100,36.0026,924
35557,0.8,0.07,0.73,2.25,15:38:02,36.0,5700,36.01,16100,36.0034,150
35673,0.56,0.07,0.49,25.6,15:39:25,36.0,9900,36.01,22300,36.0035,760
35890,0.63,0.14,0.49,56.64000000000001,15:41:56,36.03,12800,36.04,4400,36.0315,400
36222,0.45,0.14,0.31,45.820000000000014,15:45:45,36.01,8500,36.02,37900,36.0193,119
36258,2.02,1.5,0.52,12.229999999999999,15:46:12,36.01,6800,36.02,38300,36.0108,200
36511,2.06,1.54,0.52,14.410000000000004,15:49:14,36.0,5000,36.01,17400,36.0074,400
36577,0.61,0.23,0.38,55.57000000000001,15:49:55,35.99,4400,36.0,17600,35.9935,150
36847,0.6399999999999999,0.07,0.57,34.260000000000005,15:53:34,35.96,14100,35.97,39600,35.9646,331
36980,0.7899999999999999,0.22,0.57,5.61,15:55:05,35.96,19800,35.97,36500,35.9607,245
37032,0.6000000000000001,0.07,0.53,47.58,15:55:47,35.96,19500,35.97,50500,35.9625,435
37233,0.6,0.12,0.48,43.970000000000006,15:59:43,35.97,21900,35.98,42300,35.9711,100
