,Total Delay,Request Delay,Saving Delay,Arrival Time,Time,Bid,Bid Size,Ask,Ask Size,Last Price,Last Size
0,0.6499999999999999,0.3,0.35,0.6499999999999999,09:30:00,157.1,100,157.57,100,157.3598,347
12,0.35,0.16,0.19,4.76,09:30:04,157.1,100,157.57,100,157.335,400
51,0.4,0.18,0.22,0.0,09:31:00,157.11,200,157.55,100,157.352,100
77,1.79,1.43,0.36,16.86,09:31:16,157.11,200,157.29,100,157.29,400
81,0.43000000000000005,0.17,0.26,20.080000000000002,09:31:20,157.12,100,157.29,300,157.1737,200
94,0.27,0.07,0.2,24.190000000000005,09:31:24,157.11,200,157.28,200,157.12,100
122,0.32,0.12,0.2,34.120000000000005,09:31:34,157.13,100,157.3,700,157.1815,400
127,0.6000000000000001,0.27,0.33,36.23000000000001,09:31:36,157.14,100,157.3,700,157.17,100
133,0.26,0.07,0.19,38.19000000000001,09:31:38,157.21,200,157.53,100,157.37,100
148,0.4,0.08,0.32,44.16000000000002,09:31:44,157.21,200,157.52,100,157.489,100
197,2.11,1.93,0.18,0.0,09:32:00,157.22,400,157.5,400,157.49,100
200,2.27,2.05,0.22,2.81,09:32:02,157.23,100,157.51,100,157.5,150
221,0.26,0.08,0.18,17.140000000000004,09:32:17,157.25,200,157.43,700,157.4263,232
258,0.39,0.22,0.17,29.359999999999996,09:32:29,157.25,200,157.43,700,157.412,150
289,0.30000000000000004,0.14,0.16,39.21000000000001,09:32:39,157.25,200,157.43,400,157.43,300
332,0.25,0.07,0.18,53.32000000000002,09:32:53,157.26,200,157.43,400,157.2832,100
338,0.3,0.08,0.22,0.0,09:33:00,157.26,300,157.42,100,157.345,400
354,2.19,1.96,0.23,12.57,09:33:12,157.28,200,157.42,100,157.41,100
359,0.35,0.18,0.17,15.84,09:33:15,157.28,200,157.42,100,157.4099,400
392,0.3,0.09,0.21,29.520000000000003,09:33:29,157.31,200,157.4,200,157.3849,200
412,0.47000000000000003,0.27,0.2,35.970000000000006,09:33:35,157.3,300,157.4,100,157.35,100
423,0.28,0.07,0.21,40.030000000000015,09:33:40,157.3,300,157.4,200,157.3602,990
433,0.26,0.07,0.19,43.81000000000001,09:33:43,157.32,300,157.4,700,157.4,300
450,0.25,0.07,0.18,49.23000000000001,09:33:49,157.35,100,157.55,100,157.45,100
452,0.26,0.07,0.19,49.95000000000001,09:33:49,157.37,300,157.53,100,157.44,200
458,0.27,0.09,0.18,52.11000000000001,09:33:52,157.45,200,157.58,100,157.53,100
470,0.41000000000000003,0.19,0.22,56.35000000000001,09:33:56,157.51,300,157.59,1000,157.55,100
475,0.32,0.09,0.23,58.21000000000001,09:33:58,157.56,300,157.64,300,157.59,200
486,0.25,0.07,0.18,0.0,09:34:00,157.56,300,157.64,300,157.64,100
514,3.77,3.6,0.17,18.240000000000002,09:34:18,157.47,100,157.53,100,157.52,100
515,1.4000000000000001,1.06,0.34,19.64,09:34:19,157.37,100,157.48,100,157.382,200
566,0.33,0.08,0.25,39.94999999999999,09:34:39,157.37,200,157.46,100,157.4096,100
617,3.8,3.55,0.25,0.0,09:35:00,157.22,100,157.33,100,157.28,100
621,0.33,0.07,0.26,1.52,09:35:01,157.22,100,157.32,100,157.23,100
623,1.67,1.41,0.26,6.63,09:35:06,157.14,300,157.24,100,157.22,100
625,2.72,2.35,0.37,10.15,09:35:10,157.14,300,157.24,200,157.24,100
628,0.45,0.22,0.23,11.79,09:35:11,157.14,300,157.24,200,157.15,121
662,0.56,0.29,0.27,25.919999999999995,09:35:25,157.14,400,157.24,200,157.144,150
701,0.26,0.08,0.18,39.96999999999999,09:35:39,157.15,100,157.24,100,157.141,200
727,0.38,0.21,0.17,48.22,09:35:48,157.17,100,157.26,100,157.18,900
765,0.44000000000000006,0.17,0.27,0.0,09:36:00,157.33,200,157.39,100,157.32,100
805,0.65,0.28,0.37,26.090000000000007,09:36:26,157.25,100,157.35,1000,157.34,100
810,0.4,0.12,0.28,28.220000000000006,09:36:28,157.35,100,157.47,200,157.38,100
818,0.32,0.14,0.18,31.970000000000006,09:36:31,157.27,100,157.47,300,157.3568,1000
822,0.30000000000000004,0.07,0.23,33.760000000000005,09:36:33,157.27,100,157.46,400,157.357,1000
860,0.29,0.08,0.21,49.900000000000006,09:36:49,157.29,100,157.46,200,157.46,100
878,0.5900000000000001,0.07,0.52,0.0,09:37:00,157.29,100,157.46,100,157.291,500
885,0.46,0.08,0.38,3.87,09:37:03,157.33,100,157.51,100,157.48,100
897,1.12,0.75,0.37,10.34,09:37:10,157.34,200,157.51,100,157.505,125
902,0.39,0.14,0.25,16.77,09:37:16,157.34,200,157.51,100,157.4144,300
914,0.41000000000000003,0.21,0.2,22.13,09:37:22,157.55,100,157.6,800,157.6,100
931,0.5,0.07,0.43,30.48,09:37:30,157.55,100,157.61,200,157.5802,300
949,0.4,0.09,0.31,38.199999999999996,09:37:38,157.55,100,157.6,200,157.572,100
984,0.41,0.12,0.29,51.87999999999997,09:37:51,157.55,100,157.64,300,157.57,200
993,0.39,0.12,0.27,55.769999999999975,09:37:55,157.55,100,157.64,300,157.595,200
1016,4.37,4.13,0.24,12.880000000000003,09:38:12,157.56,200,157.65,1200,157.6231,100
1028,0.34,0.08,0.26,17.89,09:38:17,157.57,100,157.65,1000,157.642,320
1039,0.49,0.07,0.42,24.03,09:38:24,157.57,200,157.65,1200,157.62,198
1043,0.49,0.08,0.41,26.16,09:38:26,157.57,100,157.64,200,157.619,7000
1051,0.47,0.17,0.3,29.99,09:38:29,157.54,100,157.61,100,157.5699,400
1055,0.55,0.24,0.31,32.14,09:38:32,157.54,100,157.62,300,157.61,600
1060,0.33,0.08,0.25,34.05999999999999,09:38:34,157.54,100,157.62,300,157.567,601
1071,0.39,0.13,0.26,38.029999999999994,09:38:38,157.55,100,157.62,300,157.585,100
1122,0.32999999999999996,0.09,0.24,59.71999999999998,09:38:59,157.55,100,157.61,300,157.55100000000002,350
1127,0.44,0.18,0.26,0.0,09:39:00,157.55,200,157.61,100,157.5794,100
1137,0.31,0.08,0.23,6.22,09:39:06,157.57,200,157.67,100,157.65,100
1149,0.26,0.07,0.19,12.63,09:39:12,157.58,200,157.67,100,157.66,100
1152,0.44,0.2,0.24,13.97,09:39:13,157.58,200,157.67,100,157.6105,200
1153,0.8200000000000001,0.52,0.3,14.790000000000001,09:39:14,157.67,200,157.72,100,157.7,100
1157,0.61,0.37,0.24,16.5,09:39:16,157.67,200,157.73,100,157.679,500
1166,0.45,0.13,0.32,22.350000000000005,09:39:22,157.68,200,157.75,300,157.74,100
1172,0.31,0.07,0.24,24.180000000000003,09:39:24,157.69,200,157.76,200,157.75,191
1207,0.38,0.07,0.31,38.430000000000014,09:39:38,157.7,200,157.75,100,157.725,200
1211,0.45,0.2,0.25,40.29000000000002,09:39:40,157.68,200,157.72,200,157.69,100
1232,0.28,0.07,0.21,48.11000000000003,09:39:48,157.67,100,157.74,200,157.71,100
1245,0.42000000000000004,0.22,0.2,52.22000000000003,09:39:52,157.7,100,157.79,500,157.78,100
1251,0.28,0.08,0.2,54.17000000000002,09:39:54,157.68,100,157.83,100,157.755,200
1256,0.5800000000000001,0.3,0.28,56.25000000000002,09:39:56,157.68,100,157.82,100,157.7416,216
1314,0.45999999999999996,0.21,0.25,2.26,09:40:02,157.69,100,157.75,100,157.72,100
1341,0.44999999999999996,0.21,0.24,11.969999999999995,09:40:11,157.67,200,157.7,100,157.6825,100
1346,0.45,0.19,0.26,13.899999999999995,09:40:13,157.67,200,157.7,200,157.67,300
1357,0.29,0.08,0.21,18.059999999999995,09:40:18,157.67,200,157.69,200,157.68,300
1434,0.97,0.67,0.3,16.49,09:41:16,157.68,400,157.74,100,157.73,100
1445,0.36,0.07,0.29,23.939999999999998,09:41:23,157.69,100,157.75,1000,157.702,200
1456,0.37,0.15,0.22,27.689999999999998,09:41:27,157.69,100,157.75,200,157.77,100
1493,0.38,0.21,0.17,40.08999999999999,09:41:40,157.69,100,157.78,300,157.775,100
1498,0.41000000000000003,0.22,0.19,42.139999999999986,09:41:42,157.71,100,157.83,400,157.81,100
1519,0.38,0.08,0.3,50.179999999999986,09:41:50,157.71,100,157.8,300,157.8,200
1547,0.47,0.22,0.25,0.0,09:42:00,157.71,100,157.8,300,157.7312,1000
1551,0.41000000000000003,0.09,0.32,1.8600000000000003,09:42:01,157.72,400,157.8,300,157.76,100
1555,0.30000000000000004,0.07,0.23,6.95,09:42:06,157.72,400,157.8,300,157.7528,601
1560,2.34,2.03,0.31,11.68,09:42:11,157.73,100,157.78,1000,157.7629,100
1566,0.41000000000000003,0.09,0.32,16.470000000000002,09:42:16,157.74,200,157.81,200,157.7838,100
1586,0.48,0.19,0.29,25.869999999999994,09:42:25,157.76,400,157.81,200,157.785,100
1595,0.7,0.24,0.46,30.089999999999993,09:42:30,157.77,100,157.81,200,157.79,500
1610,0.42000000000000004,0.19,0.23,35.949999999999996,09:42:35,157.77,300,157.81,200,157.7701,125
1654,0.45999999999999996,0.15,0.31,54.08999999999998,09:42:54,157.73,300,157.76,200,157.765,100
1667,0.41000000000000003,0.13,0.28,0.0,09:43:00,157.73,200,157.76,200,157.745,200
1736,0.6000000000000001,0.27,0.33,32.18,09:43:32,157.75,300,157.8,200,157.7625,900
1752,0.28,0.07,0.21,37.82,09:43:37,157.76,100,157.8,300,157.7848,100
1794,0.33,0.14,0.19,53.93,09:43:53,157.75,300,157.77,200,157.7591,100
1927,0.27,0.07,0.2,51.80000000000001,09:44:51,157.75,300,157.8,400,157.7684,200
2067,0.47,0.18,0.29,54.210000000000015,09:45:54,157.7,200,157.85,500,157.825,200
2076,0.34,0.07,0.27,57.87000000000002,09:45:57,157.72,200,157.85,500,157.84,100
2103,0.44999999999999996,0.21,0.24,1.95,09:46:01,157.79,300,157.86,200,157.85,100
2110,0.37,0.1,0.27,6.21,09:46:06,157.9,400,157.98,100,157.95,1000
2112,2.15,1.73,0.42,8.66,09:46:08,157.91,200,157.98,300,157.96,100
2115,0.34,0.08,0.26,9.94,09:46:09,157.91,200,157.98,300,157.97,100
2124,0.31,0.09,0.22,17.919999999999998,09:46:17,157.92,200,157.98,300,157.934,500
2140,0.30000000000000004,0.07,0.23,24.119999999999997,09:46:24,157.93,300,157.97,400,157.9524,100
2145,0.32,0.14,0.18,25.82,09:46:25,157.82,200,157.93,300,157.88,100
2168,0.45999999999999996,0.21,0.25,34.03,09:46:34,157.83,100,157.9,300,157.86,100
2191,0.27,0.08,0.19,41.990000000000016,09:46:41,157.83,200,157.89,100,157.861,100
2197,0.34,0.14,0.2,44.08000000000001,09:46:44,157.83,200,157.9,300,157.835,100
2203,0.33,0.14,0.19,45.890000000000015,09:46:45,157.79,100,157.86,200,157.82,100
2221,0.44,0.22,0.22,52.22000000000002,09:46:52,157.83,200,157.9,600,157.83,100
2259,0.29,0.08,0.21,14.079999999999998,09:47:14,157.91,100,157.98,100,157.93,100
2263,1.56,1.22,0.34,16.95,09:47:16,157.9,100,157.93,500,157.91,100
2274,0.34,0.14,0.2,20.22,09:47:20,157.9,100,157.93,600,157.9168,100
2304,0.44,0.18,0.26,32.23,09:47:32,157.93,100,157.97,300,157.9525,400
2321,0.4,0.2,0.2,38.03000000000001,09:47:38,157.93,200,157.97,300,157.9475,100
2347,0.42,0.21,0.21,48.040000000000006,09:47:48,157.94,100,157.97,300,157.9547,101
2353,0.37,0.07,0.3,50.46,09:47:50,157.93,200,157.97,100,157.94,100
2398,0.35000000000000003,0.07,0.28,3.8800000000000003,09:48:03,157.92,100,157.98,400,157.9401,100
2409,0.31,0.08,0.23,9.850000000000001,09:48:09,157.93,100,157.98,400,157.98,100
2423,0.37,0.14,0.23,17.800000000000004,09:48:17,157.96,400,158.0,100,158.01,100
2424,0.3,0.12,0.18,18.100000000000005,09:48:18,158.06,300,158.09,300,158.09,127
2429,0.25,0.07,0.18,19.910000000000004,09:48:19,158.1,400,158.15,200,158.15,100
2458,0.34,0.17,0.17,29.8,09:48:29,158.12,200,158.15,300,158.1201,425
2474,0.5900000000000001,0.25,0.34,36.20000000000001,09:48:36,158.14,300,158.18,100,158.1534,1472
2485,0.34,0.07,0.27,40.000000000000014,09:48:40,158.11,300,158.16,500,158.1319,100
2496,0.41000000000000003,0.21,0.2,43.80000000000001,09:48:43,158.11,300,158.16,500,158.11,300
2519,0.44,0.14,0.3,52.00000000000003,09:48:52,158.07,100,158.14,100,158.1,100
2542,1.92,1.56,0.36,7.669999999999999,09:49:07,158.0,100,158.08,100,158.08,100
2544,0.45,0.18,0.27,10.529999999999998,09:49:10,158.01,100,158.08,400,158.0331,508
2547,0.38,0.18,0.2,12.04,09:49:12,158.01,300,158.08,400,158.03,100
2549,4.069999999999999,3.78,0.29,16.389999999999997,09:49:16,158.01,200,158.07,400,158.0106,400
2550,2.28,1.94,0.34,18.669999999999998,09:49:18,158.01,200,158.07,400,158.06,100
2559,0.37,0.09,0.28,21.95,09:49:21,158.01,200,158.07,400,158.0406,250
2565,0.4,0.08,0.32,24.27,09:49:24,158.02,100,158.07,400,158.0352,100
2573,0.37,0.07,0.3,28.360000000000003,09:49:28,157.92,100,158.03,100,158.0,100
2577,0.4,0.07,0.33,30.16,09:49:30,157.91,200,158.01,100,157.966,650
2594,0.37,0.07,0.3,37.93000000000001,09:49:37,157.93,100,158.0,300,157.965,100
2599,0.44,0.2,0.24,40.010000000000005,09:49:40,157.87,100,157.96,100,157.9,100
2610,0.32,0.08,0.24,43.96000000000001,09:49:43,157.87,100,157.95,100,157.875,100
2638,0.33,0.1,0.23,53.84000000000003,09:49:53,157.88,300,157.95,400,157.8976,340
2682,0.49,0.22,0.27,14.039999999999997,09:50:14,157.9,300,157.98,300,157.9296,1000
2773,0.29,0.08,0.21,0.0,09:51:00,157.92,100,157.97,200,157.945,500
2777,0.42000000000000004,0.22,0.2,1.3800000000000001,09:51:01,157.91,200,157.93,100,157.92,200
2779,0.44999999999999996,0.21,0.24,2.1,09:51:02,157.89,100,157.94,400,157.915,300
2791,0.26,0.07,0.19,6.019999999999999,09:51:06,157.86,100,157.93,100,157.89,100
2796,0.33,0.13,0.2,10.079999999999998,09:51:10,157.86,100,157.91,200,157.9104,300
2886,0.44,0.21,0.23,48.15999999999998,09:51:48,157.9,100,157.95,300,157.9125,100
2902,0.4,0.2,0.2,54.13999999999998,09:51:54,157.9,200,157.95,300,157.925,696
2985,0.36,0.17,0.19,27.930000000000003,09:52:27,157.78,200,157.87,300,157.87,100
3009,0.43000000000000005,0.15,0.28,36.14,09:52:36,157.78,200,157.87,300,157.869,100
3094,0.26,0.07,0.19,12.389999999999999,09:53:12,157.77,100,157.82,400,157.795,200
3220,0.23,0.07,0.16,55.46999999999996,09:53:55,157.8,300,157.85,300,157.8295,200
3237,2.25,2.07,0.18,5.18,09:54:05,157.8,300,157.84,200,157.8254,499
3267,0.23,0.07,0.16,25.99000000000001,09:54:25,157.8,300,157.83,400,157.815,300
3323,0.27,0.08,0.19,43.88000000000001,09:54:43,157.84,200,157.87,200,157.855,200
3367,0.36,0.18,0.18,58.05000000000003,09:54:58,157.87,200,157.92,200,157.895,100
3390,2.81,2.46,0.35,0.0,09:55:00,157.87,200,157.92,300,157.892,200
3518,0.91,0.63,0.28,2.37,09:56:02,157.94,400,157.98,100,157.9625,200
3526,2.38,2.05,0.33,8.17,09:56:08,157.94,200,157.98,300,157.9624,100
3529,0.52,0.2,0.32,10.49,09:56:10,157.94,200,157.98,300,157.941,150
3533,0.45,0.23,0.22,12.06,09:56:12,157.94,400,157.98,300,157.946,2500
3540,1.38,1.03,0.35,16.66,09:56:16,157.96,400,157.99,1000,157.99,100
3554,0.52,0.22,0.3,22.18,09:56:22,157.96,300,157.99,1000,157.975,100
3679,3.34,3.09,0.25,20.67,09:57:20,157.96,200,158.01,300,157.9943,330
3778,0.26,0.07,0.19,54.03,09:57:54,157.92,100,157.97,500,157.9484,100
3864,0.28,0.07,0.21,28.810000000000013,09:58:28,157.96,200,158.0,500,157.9796,272
3963,0.25,0.08,0.17,15.92,09:59:15,157.98,300,158.03,300,158.02,100
4054,0.44,0.18,0.26,47.850000000000016,09:59:47,157.94,100,157.96,200,157.955,100
4065,0.43,0.25,0.18,51.82000000000001,09:59:51,157.9,500,157.97,400,157.9307,200
4104,3.3400000000000003,2.95,0.39,0.0,10:00:00,157.9,1000,157.96,300,157.9264,1000
4133,0.46,0.18,0.28,17.24,10:00:17,157.9,1000,157.95,500,157.905,150
4142,0.65,0.17,0.48,21.789999999999996,10:00:21,157.9,900,157.95,500,157.9077,200
4174,0.31,0.07,0.24,35.12999999999999,10:00:35,157.92,100,157.96,200,157.9344,582
4183,0.42,0.07,0.35,39.29999999999998,10:00:39,157.92,100,157.96,200,157.9265,700
4222,2.2,1.96,0.24,13.41,10:01:13,157.86,200,157.91,100,157.8601,200
4238,0.27,0.07,0.2,21.480000000000004,10:01:21,157.81,400,157.89,100,157.8799,145
4324,0.28,0.08,0.2,49.49000000000004,10:01:49,157.85,200,157.93,400,157.8769,107
4373,5.0600000000000005,4.79,0.27,12.71,10:02:12,157.83,500,157.86,400,157.845,200
4374,0.69,0.48,0.21,13.4,10:02:13,157.8,100,157.83,100,157.8299,300
4380,4.4399999999999995,4.26,0.18,20.14,10:02:20,157.81,200,157.85,100,157.8325,100
4385,0.24000000000000002,0.07,0.17,21.869999999999997,10:02:21,157.8,100,157.84,200,157.8174,100
4702,0.47000000000000003,0.13,0.34,10.05,10:04:10,157.73,200,157.79,400,157.7662,150
4742,0.5700000000000001,0.27,0.3,26.090000000000007,10:04:26,157.73,200,157.76,200,157.7445,100
4819,2.35,1.95,0.4,18.420000000000005,10:05:18,157.73,300,157.79,300,157.7563,200
4869,0.26,0.08,0.18,37.82999999999999,10:05:37,157.79,100,157.83,300,157.8218,200
4882,0.33,0.07,0.26,42.00999999999999,10:05:42,157.76,100,157.82,100,157.8025,100
4902,0.49,0.23,0.26,50.07999999999997,10:05:50,157.77,200,157.81,200,157.7978,100
4916,0.26,0.07,0.19,55.59999999999996,10:05:55,157.77,200,157.81,200,157.7866,127
4962,0.31,0.15,0.16,22.06,10:06:22,157.8,200,157.86,100,157.8399,105
4970,0.24,0.08,0.16,24.099999999999994,10:06:24,157.8,200,157.86,200,157.8329,100
5091,2.15,1.85,0.3,11.37,10:07:11,157.95,200,157.99,100,157.9575,100
5227,0.23,0.07,0.16,2.1799999999999997,10:08:02,158.06,200,158.08,100,158.0683,276
5250,0.43000000000000005,0.23,0.2,15.98,10:08:15,157.99,100,158.08,500,158.079,100
5268,0.27,0.08,0.19,22.05,10:08:22,158.02,100,158.08,500,158.0527,1000
5338,0.26,0.07,0.19,48.12000000000002,10:08:48,158.02,100,158.07,300,158.039,265
5349,0.30000000000000004,0.07,0.23,52.08000000000001,10:08:52,158.02,100,158.07,300,158.0483,100
5355,0.32,0.08,0.24,53.97000000000001,10:08:53,158.03,200,158.07,200,158.048,500
5396,0.28,0.08,0.2,9.719999999999999,10:09:09,158.04,100,158.07,200,158.05,100
5471,0.38,0.21,0.17,2.5,10:12:02,157.96,100,157.99,100,157.9726,150
5557,0.35000000000000003,0.07,0.28,0.0,10:13:00,158.02,100,158.07,300,158.0382,100
5580,0.38,0.18,0.2,18.11,10:13:18,158.06,100,158.11,100,158.0729,100
5717,1.59,1.33,0.26,7.57,10:14:07,158.07,100,158.13,200,158.13,100
5737,0.44000000000000006,0.27,0.17,19.970000000000002,10:14:19,158.11,100,158.14,200,158.12,100
5837,0.30000000000000004,0.07,0.23,51.990000000000016,10:14:51,158.05,300,158.08,400,158.0567,143
5879,0.34,0.07,0.27,24.009999999999994,10:15:24,158.09,200,158.13,100,158.1117,126
5890,0.29,0.08,0.21,27.899999999999995,10:15:27,158.09,200,158.13,200,158.107,128
5961,0.30000000000000004,0.13,0.17,49.83000000000003,10:15:49,158.1,300,158.19,500,158.14,100
6001,0.26,0.08,0.18,0.0,10:16:00,158.12,300,158.17,100,158.17,100
6003,1.88,1.71,0.17,2.1999999999999997,10:16:02,158.12,300,158.17,100,158.16,100
6018,0.26,0.08,0.18,11.49,10:16:11,158.17,300,158.2,500,158.19,157
6021,0.24000000000000002,0.07,0.17,14.090000000000002,10:16:14,158.15,200,158.2,500,158.1758,144
6055,0.27,0.09,0.18,27.91,10:16:27,158.14,100,158.18,100,158.18,100
6140,0.26,0.07,0.19,56.05000000000002,10:16:56,158.17,100,158.22,600,158.22,100
6145,0.49,0.23,0.26,0.0,10:17:00,158.23,100,158.28,1200,158.23,100
6160,1.41,1.18,0.23,12.950000000000001,10:17:12,158.23,300,158.28,1100,158.27,100
6164,0.32999999999999996,0.12,0.21,14.290000000000001,10:17:14,158.27,500,158.33,100,158.29,100
6171,2.12,1.85,0.27,20.26,10:17:20,158.31,100,158.37,100,158.33,100
6197,0.51,0.23,0.28,30.410000000000007,10:17:30,158.32,200,158.37,200,158.36,100
6213,0.43,0.24,0.19,36.06000000000002,10:17:36,158.34,300,158.38,500,158.35,100
6216,0.42000000000000004,0.22,0.2,37.36000000000002,10:17:37,158.34,300,158.38,100,158.38,100
6230,0.31,0.07,0.24,41.91000000000004,10:17:41,158.35,300,158.39,800,158.39,100
6242,0.28,0.08,0.2,45.970000000000034,10:17:45,158.35,400,158.39,800,158.37,200
6253,0.53,0.22,0.31,50.16000000000003,10:17:50,158.35,400,158.39,800,158.3706,300
6265,0.44999999999999996,0.09,0.36,56.27000000000004,10:17:56,158.35,400,158.39,800,158.3689,100
6271,0.69,0.24,0.45,60.24000000000003,10:18:00,158.35,400,158.39,800,158.3732,500
6285,0.4,0.19,0.21,4.0,10:18:04,158.35,400,158.39,800,158.389,122
6291,4.31,3.94,0.37,11.419999999999998,10:18:11,158.36,100,158.41,100,158.4,100
6297,0.8600000000000001,0.55,0.31,16.39,10:18:16,158.39,300,158.42,100,158.41,100
6299,1.5899999999999999,1.21,0.38,18.27,10:18:18,158.4,500,158.43,400,158.42,100
6318,52.14,51.78,0.36,0.0,10:19:00,158.43,300,158.49,700,158.48,100
6352,0.29000000000000004,0.07,0.22,12.509999999999998,10:19:12,158.49,200,158.51,200,158.5,100
6363,0.38,0.17,0.21,16.619999999999997,10:19:16,158.5,400,158.53,100,158.54,300
6368,0.31,0.07,0.24,18.55999999999999,10:19:18,158.5,300,158.53,100,158.53,100
6373,0.38,0.18,0.2,20.409999999999993,10:19:20,158.47,200,158.5,200,158.49,100
6379,0.42000000000000004,0.19,0.23,22.569999999999993,10:19:22,158.46,100,158.48,100,158.47,100
6384,0.39,0.17,0.22,24.249999999999996,10:19:24,158.41,200,158.46,200,158.43,100
6394,0.42000000000000004,0.23,0.19,28.37,10:19:28,158.42,100,158.45,200,158.4325,100
6400,0.33,0.07,0.26,30.29,10:19:30,158.42,200,158.45,100,158.45,213
6422,0.46,0.2,0.26,38.32,10:19:38,158.42,200,158.45,100,158.44,100
6437,0.43,0.21,0.22,4.0,10:20:04,158.48,100,158.53,1200,158.52,100
6446,0.39,0.17,0.22,11.98,10:20:11,158.48,200,158.53,1200,158.51,100
6454,0.43000000000000005,0.17,0.26,15.83,10:20:15,158.48,300,158.53,1100,158.505,500
6516,0.39,0.19,0.2,39.990000000000016,10:20:39,158.46,300,158.5,200,158.4844,100
6536,34.309999999999995,34.08,0.23,0.0,10:21:00,158.33,400,158.39,200,158.3717,150
6555,0.43,0.11,0.32,8.11,10:21:08,158.36,600,158.44,300,158.3987,500
6577,0.56,0.28,0.28,20.389999999999993,10:21:20,158.39,400,158.45,200,158.4064,500
6615,0.7,0.22,0.48,4.38,10:22:04,158.39,400,158.44,1400,158.415,100
6638,0.34,0.07,0.27,21.950000000000003,10:22:21,158.39,500,158.43,200,158.4046,500
6643,0.5700000000000001,0.24,0.33,24.190000000000005,10:22:24,158.31,200,158.39,100,158.34,100
6647,0.49,0.18,0.31,26.020000000000007,10:22:26,158.31,200,158.36,200,158.32,100
6651,0.45,0.18,0.27,28.000000000000007,10:22:28,158.31,200,158.36,200,158.335,100
6677,0.47000000000000003,0.08,0.39,42.190000000000026,10:22:42,158.31,300,158.35,200,158.3201,100
6689,0.37,0.09,0.28,47.87000000000002,10:22:47,158.27,100,158.32,100,158.2968,1000
6724,0.64,0.25,0.39,0.0,10:23:00,158.27,200,158.32,300,158.315,200
6732,2.2,1.76,0.44,8.56,10:23:08,158.22,100,158.27,200,158.2376,200
6735,0.52,0.17,0.35,11.990000000000002,10:23:11,158.22,300,158.27,200,158.26,100
6757,0.43,0.21,0.22,25.63000000000001,10:23:25,158.29,200,158.35,100,158.336,500
6849,0.46,0.23,0.23,0.0,10:24:00,158.32,400,158.39,200,158.355,300
6856,4.62,4.28,0.34,6.8100000000000005,10:24:06,158.29,200,158.35,200,158.3272,100
6859,1.61,1.32,0.29,9.18,10:24:09,158.3,200,158.34,100,158.3,100
6870,0.31,0.08,0.23,13.760000000000002,10:24:13,158.3,200,158.35,100,158.3287,100
6883,0.43000000000000005,0.2,0.23,24.060000000000002,10:24:24,158.3,400,158.36,200,158.3264,161
6939,0.48,0.19,0.29,48.18000000000001,10:24:48,158.33,300,158.4,200,158.3552,500
6978,0.39,0.12,0.27,3.29,10:25:03,158.43,200,158.47,400,158.46,100
7001,0.4,0.08,0.32,15.54,10:25:15,158.45,400,158.5,400,158.4774,126
7053,0.33,0.08,0.25,39.39999999999999,10:25:39,158.51,300,158.57,200,158.55,100
7185,37.42,37.15,0.27,0.0,10:27:00,158.55,100,158.6,500,158.6,100
7228,0.27,0.07,0.2,14.980000000000002,10:27:14,158.54,600,158.6,500,158.5716,500
7233,0.45,0.23,0.22,17.25,10:27:17,158.54,600,158.6,500,158.58,100
7262,0.5,0.23,0.27,0.0,10:28:00,158.54,400,158.59,400,158.5613,158
7276,0.29,0.08,0.21,7.260000000000001,10:28:07,158.54,100,158.58,100,158.56,100
7291,0.38,0.21,0.17,16.15,10:28:16,158.6,200,158.62,100,158.62,200
7293,0.25,0.08,0.17,18.029999999999998,10:28:18,158.6,200,158.65,700,158.63,100
7336,0.34,0.07,0.27,32.17,10:28:32,158.61,200,158.65,600,158.61,100
7342,0.30000000000000004,0.07,0.23,34.03999999999999,10:28:34,158.61,200,158.65,600,158.6132,2000
7346,0.33,0.07,0.26,35.68999999999999,10:28:35,158.61,200,158.65,600,158.65,100
7348,0.35000000000000003,0.07,0.28,36.39999999999999,10:28:36,158.64,300,158.68,100,158.66,100
7353,0.31,0.08,0.23,38.02999999999999,10:28:38,158.66,100,158.7,2800,158.67,100
7370,0.27,0.08,0.19,43.94,10:28:43,158.67,200,158.7,2600,158.7,200
7371,0.4,0.21,0.19,44.339999999999996,10:28:44,158.69,100,158.74,100,158.73,100
7381,0.38,0.17,0.21,48.3,10:28:48,158.69,100,158.74,200,158.6923,106
7388,0.39,0.2,0.19,50.4,10:28:50,158.7,100,158.75,600,158.705,400
7412,0.26,0.08,0.18,0.0,10:29:00,158.7,200,158.75,600,158.7182,150
7427,0.41000000000000003,0.21,0.2,6.180000000000001,10:29:06,158.73,200,158.75,800,158.75,100
7434,0.39,0.21,0.18,9.930000000000001,10:29:09,158.73,500,158.8,800,158.79,100
7448,0.27,0.08,0.19,17.840000000000003,10:29:17,158.77,200,158.8,500,158.8,100
7454,0.28,0.07,0.21,19.860000000000003,10:29:19,158.78,100,158.83,3000,158.82,100
7459,0.25,0.08,0.17,22.200000000000003,10:29:22,158.78,200,158.83,3000,158.83,100
7500,0.6,0.25,0.35,36.300000000000004,10:29:36,158.79,300,158.8,100,158.7944,500
7505,0.27,0.07,0.2,37.89000000000001,10:29:37,158.79,300,158.8,100,158.795,100
7566,0.52,0.19,0.33,58.06000000000003,10:29:58,158.83,600,158.87,700,158.87,100
7572,0.46,0.14,0.32,0.46,10:30:00,158.86,400,158.88,500,158.88,100
7575,0.41000000000000003,0.08,0.33,1.81,10:30:01,158.88,200,158.9,1800,158.89,100
7589,4.29,4.05,0.24,11.18,10:30:11,158.91,100,158.93,100,158.93,100
7590,0.26,0.07,0.19,11.44,10:30:11,158.9,100,158.94,200,158.9168,220
7598,2.01,1.75,0.26,16.049999999999997,10:30:16,158.88,100,158.91,200,158.9,100
7602,1.69,1.39,0.3,20.209999999999997,10:30:20,158.88,100,158.9,100,158.892,400
7680,0.49,0.19,0.3,49.61,10:30:49,158.87,500,158.9,200,158.8812,500
7685,0.49,0.24,0.25,51.760000000000005,10:30:51,158.87,500,158.93,200,158.91,100
7693,0.62,0.24,0.38,55.45,10:30:55,158.87,300,158.92,300,158.8991,120
7723,2.41,1.96,0.45,0.0,10:31:00,158.87,600,158.92,500,158.895,100
7725,2.15,1.77,0.38,2.7399999999999998,10:31:02,158.88,100,158.92,100,158.92,280
7726,0.32,0.07,0.25,3.0599999999999996,10:31:03,158.89,200,158.93,100,158.9084,500
7730,0.8200000000000001,0.48,0.34,5.19,10:31:05,158.91,200,158.95,2400,158.94,100
7788,0.45,0.27,0.18,27.109999999999992,10:31:27,158.88,200,158.92,100,158.8968,300
7804,0.4,0.23,0.17,0.0,10:33:00,158.78,200,158.84,100,158.8052,100
7868,0.25,0.08,0.17,24.760000000000012,10:33:24,158.8,200,158.84,100,158.81,100
7899,0.24000000000000002,0.07,0.17,34.80000000000002,10:33:34,158.8,300,158.83,200,158.8136,100
7934,0.37,0.15,0.22,0.0,10:34:00,158.68,200,158.72,200,158.71,100
7952,0.41000000000000003,0.21,0.2,6.200000000000001,10:34:06,158.64,100,158.72,200,158.6671,200
7959,0.5900000000000001,0.26,0.33,12.3,10:34:12,158.64,100,158.7,100,158.64,100
8004,0.34,0.14,0.2,32.05,10:34:32,158.65,200,158.69,100,158.6688,200
8009,0.52,0.24,0.28,34.38,10:34:34,158.66,1200,158.69,100,158.69,100
8017,0.47000000000000003,0.14,0.33,38.35,10:34:38,158.66,1200,158.69,100,158.6798,190
8022,0.42000000000000004,0.19,0.23,40.400000000000006,10:34:40,158.66,1200,158.69,100,158.6753,100
8052,0.31,0.09,0.22,52.25,10:34:52,158.71,100,158.73,100,158.72,100
8063,0.6000000000000001,0.07,0.53,58.17,10:34:58,158.71,200,158.74,200,158.7241,100
8067,0.6000000000000001,0.07,0.53,0.0,10:35:00,158.72,200,158.79,1000,158.76,100
8092,0.59,0.24,0.35,17.979999999999997,10:35:17,158.73,200,158.78,200,158.755,100
8099,0.57,0.08,0.49,22.009999999999994,10:35:22,158.73,200,158.78,200,158.7662,100
8108,0.62,0.18,0.44,28.04,10:35:28,158.73,300,158.78,200,158.78,100
8121,0.47000000000000003,0.08,0.39,36.08,10:35:36,158.73,300,158.78,100,158.77,100
8131,1.4,0.21,1.19,45.25999999999999,10:35:45,158.74,800,158.78,100,158.7607,250
8151,0.61,0.18,0.43,0.0,10:36:00,158.75,300,158.79,1100,158.7653,1000
8156,2.7600000000000002,2.24,0.52,6.74,10:36:06,158.75,300,158.79,1100,158.7652,100
8183,0.5900000000000001,0.14,0.45,24.360000000000003,10:36:24,158.8,300,158.83,100,158.8141,100
8196,0.5700000000000001,0.07,0.5,32.0,10:36:32,158.77,100,158.79,100,158.7801,100
8237,1.78,1.26,0.52,1.78,10:37:01,158.76,100,158.79,100,158.773,100
8244,0.6000000000000001,0.2,0.4,5.59,10:37:05,158.76,100,158.8,1100,158.796,100
8247,3.59,3.07,0.52,10.39,10:37:10,158.76,100,158.8,1100,158.7601,100
8273,0.44,0.12,0.32,25.540000000000006,10:37:25,158.76,300,158.79,200,158.7741,100
8388,0.44,0.08,0.36,36.00999999999999,10:38:36,158.82,200,158.85,100,158.84,100
8395,0.5700000000000001,0.07,0.5,39.959999999999994,10:38:39,158.82,100,158.85,100,158.8368,500
8417,1.98,1.28,0.7,0.0,10:39:00,158.79,200,158.82,200,158.8148,100
8428,2.44,1.92,0.52,11.749999999999998,10:39:11,158.79,500,158.85,100,158.85,100
8446,0.95,0.22,0.73,25.710000000000004,10:39:25,158.8,400,158.85,300,158.825,200
8451,0.61,0.08,0.53,29.140000000000004,10:39:29,158.8,400,158.85,300,158.822,400
8458,0.76,0.14,0.62,33.71000000000001,10:39:33,158.8,400,158.85,300,158.8086,700
8466,0.6499999999999999,0.07,0.58,39.16000000000002,10:39:39,158.8,400,158.85,300,158.8195,200
8472,0.7699999999999999,0.08,0.69,43.510000000000026,10:39:43,158.8,400,158.85,300,158.81799999999998,1000
8477,0.78,0.18,0.6,47.310000000000024,10:39:47,158.8,300,158.85,300,158.8253,300
8506,0.8,0.07,0.73,22.119999999999997,10:40:22,158.82,300,158.86,600,158.8502,1000
8533,0.96,0.33,0.63,40.51000000000001,10:40:40,158.84,300,158.88,200,158.86,100
8598,0.59,0.21,0.38,25.83,10:41:25,158.89,200,158.93,200,158.9033,180
8601,0.5700000000000001,0.07,0.5,27.589999999999996,10:41:27,158.89,500,158.93,100,158.9081,259
8621,0.5900000000000001,0.07,0.52,39.6,10:41:39,158.89,1000,158.92,100,158.905,100
8628,0.6,0.18,0.42,43.82,10:41:43,158.9,100,158.94,200,158.9174,200
8632,0.6,0.08,0.52,46.0,10:41:46,158.91,100,158.94,200,158.925,400
8639,0.5800000000000001,0.07,0.51,49.809999999999995,10:41:49,158.91,100,158.94,200,158.9226,250
8712,0.46,0.08,0.38,37.910000000000004,10:42:37,158.87,300,158.9,100,158.885,100
8714,0.46,0.07,0.39,39.11000000000001,10:42:39,158.87,300,158.9,100,158.8791,400
8762,0.43999999999999995,0.09,0.35,0.0,10:43:00,158.84,600,158.89,300,158.8583,500
8775,0.6,0.08,0.52,10.559999999999999,10:43:10,158.84,500,158.89,300,158.865,157
8786,0.79,0.28,0.51,18.589999999999996,10:43:18,158.84,500,158.89,300,158.8652,400
8820,0.79,0.12,0.67,42.19000000000002,10:43:42,158.84,400,158.88,100,158.8601,300
8823,0.59,0.08,0.51,44.15000000000002,10:43:44,158.85,100,158.88,100,158.8614,100
8835,0.46,0.12,0.34,0.0,10:44:00,158.84,400,158.87,100,158.8553,100
8905,0.63,0.27,0.36,45.730000000000025,10:44:45,158.94,100,158.96,100,158.95,1600
8909,0.58,0.17,0.41,48.120000000000026,10:44:48,158.94,200,158.97,100,158.97,300
8936,4.2,3.76,0.44,5.37,10:45:05,158.94,200,158.97,200,158.96,100
8965,0.5900000000000001,0.14,0.45,26.0,10:45:26,158.81,100,158.87,100,158.8423,3154
8969,0.62,0.08,0.54,28.570000000000004,10:45:28,158.82,200,158.87,100,158.845,100
8984,0.75,0.14,0.61,38.16,10:45:38,158.82,400,158.9,200,158.8576,300
9015,0.44,0.12,0.32,0.0,10:46:00,158.86,100,158.89,200,158.8729,100
9029,3.6,2.99,0.61,11.56,10:46:11,158.91,100,158.94,100,158.9241,130
9063,0.7899999999999999,0.22,0.57,32.949999999999996,10:46:32,158.89,300,158.94,100,158.915,100
9068,0.6100000000000001,0.07,0.54,36.169999999999995,10:46:36,158.89,300,158.94,200,158.908,600
9099,0.94,0.35,0.59,56.95000000000002,10:46:56,158.91,200,158.95,700,158.9192,1000
9122,0.6000000000000001,0.07,0.53,14.19,10:47:14,158.95,1000,158.99,700,158.98,100
9129,0.43000000000000005,0.1,0.33,18.24,10:47:18,158.95,1000,158.99,700,158.99,400
9179,0.59,0.09,0.5,48.43,10:47:48,158.95,700,158.98,100,158.9675,500
9203,4.82,4.37,0.45,0.0,10:48:00,158.95,700,158.98,100,158.9611,100
9209,0.58,0.08,0.5,5.18,10:48:05,158.95,600,158.98,100,158.9641,100
9210,1.6099999999999999,1.18,0.43,6.789999999999999,10:48:06,158.95,600,158.98,100,158.9761,100
9232,0.43,0.07,0.36,19.029999999999994,10:48:19,158.95,700,158.99,800,158.958,150
9250,0.79,0.37,0.42,29.19999999999999,10:48:29,158.95,500,158.97,200,158.9601,650
9350,0.62,0.17,0.45,46.88000000000001,10:49:46,158.95,800,158.97,100,158.969,300
9360,0.6,0.13,0.47,54.240000000000016,10:49:54,158.95,800,158.99,500,158.9702,400
9420,0.44,0.08,0.36,25.969999999999995,10:50:25,158.95,800,158.96,300,158.955,300
9445,0.5700000000000001,0.2,0.37,39.94999999999999,10:50:39,158.95,800,158.98,3700,158.965,100
9513,0.61,0.21,0.4,29.939999999999998,10:51:29,158.95,800,158.96,300,158.951,150
9545,0.45,0.07,0.38,2.39,10:52:02,158.95,800,158.96,400,158.9538,116
9555,0.76,0.12,0.64,15.76,10:52:15,158.96,200,158.99,600,158.975,100
9579,0.6300000000000001,0.07,0.56,32.38000000000001,10:52:32,158.96,200,158.99,500,158.974,700
9585,0.94,0.33,0.61,36.55000000000001,10:52:36,158.96,200,158.99,500,158.9711,297
9614,0.59,0.08,0.51,56.36000000000004,10:52:56,158.95,800,158.99,500,158.9687,100
9621,0.5700000000000001,0.13,0.44,0.0,10:53:00,158.98,100,159.0,7900,159.0,300
9625,0.58,0.21,0.37,2.2199999999999998,10:53:02,158.97,100,159.0,7900,158.985,100
9642,0.62,0.22,0.4,14.039999999999997,10:53:14,158.97,400,159.0,7900,158.9868,100
9646,0.5900000000000001,0.07,0.52,20.019999999999996,10:53:20,158.98,100,159.02,100,159.02,100
9653,0.44999999999999996,0.15,0.3,23.849999999999994,10:53:23,158.99,200,159.02,100,159.005,400
9792,0.6100000000000001,0.27,0.34,24.290000000000003,10:56:24,158.95,800,158.97,200,158.9627,500
9839,0.5800000000000001,0.07,0.51,23.550000000000004,10:57:23,158.95,800,158.99,200,158.9748,125
9893,0.44,0.07,0.37,53.57000000000002,10:57:53,158.95,800,158.98,600,158.952,100
9919,1.4,0.93,0.47,11.950000000000001,10:58:11,158.96,200,158.98,1000,158.966,100
9966,0.6,0.25,0.35,41.39000000000001,10:58:41,158.98,500,159.02,600,159.0172,100
9969,0.63,0.19,0.44,43.39000000000001,10:58:43,159.03,900,159.05,200,159.0301,384
9972,0.6100000000000001,0.27,0.34,45.38000000000001,10:58:45,159.03,700,159.05,400,159.031,100
9975,0.5800000000000001,0.07,0.51,47.16000000000001,10:58:47,159.03,600,159.05,200,159.04,100
9979,0.59,0.08,0.51,49.56000000000002,10:58:49,159.03,600,159.05,200,159.0387,100
9997,0.5700000000000001,0.2,0.37,0.0,10:59:00,159.0,100,159.03,100,159.03,100
10010,0.6,0.25,0.35,10.59,10:59:10,158.98,200,159.01,300,158.995,300
10015,0.43,0.07,0.36,13.799999999999999,10:59:13,158.98,100,159.01,200,159.01,650
10038,0.5800000000000001,0.07,0.51,29.95000000000001,10:59:29,159.0,100,159.02,200,158.9999,400
10103,0.6,0.08,0.52,10.209999999999999,11:00:10,158.98,100,159.01,300,158.9964,100
10138,0.62,0.08,0.54,30.590000000000007,11:00:30,158.96,200,159.0,400,158.9643,640
10159,0.5800000000000001,0.18,0.4,42.20000000000001,11:00:42,158.95,800,158.96,200,158.9556,250
10225,0.5700000000000001,0.07,0.5,42.36000000000001,11:01:42,158.96,100,158.99,100,158.9727,300
10232,0.57,0.08,0.49,46.190000000000005,11:01:46,158.96,100,158.99,200,158.982,150
10285,0.96,0.36,0.6,20.73,11:04:20,158.67,100,158.73,500,158.6979,100
10290,0.6399999999999999,0.07,0.57,24.14,11:04:24,158.67,100,158.73,500,158.6701,100
10303,0.65,0.21,0.44,32.54,11:04:32,158.65,100,158.7,300,158.6669,100
10346,0.5800000000000001,0.07,0.51,18.92,11:05:18,158.69,100,158.74,400,158.74,100
10381,0.59,0.29,0.3,38.41000000000002,11:05:38,158.74,200,158.78,300,158.7651,500
10434,0.58,0.09,0.49,20.18,11:06:20,158.76,300,158.8,200,158.7972,100
10477,0.43,0.12,0.31,43.78999999999999,11:06:43,158.76,100,158.8,100,158.7633,600
10486,0.43,0.07,0.36,48.58999999999999,11:06:48,158.76,200,158.8,200,158.7776,202
10492,0.43,0.12,0.31,51.77999999999999,11:06:51,158.76,200,158.8,200,158.7616,100
10575,0.5900000000000001,0.19,0.4,37.82000000000001,11:07:37,158.78,200,158.84,500,158.8102,100
10591,0.57,0.08,0.49,46.02,11:07:46,158.78,200,158.83,300,158.7968,300
10614,0.62,0.1,0.52,5.03,11:08:05,158.78,400,158.81,200,158.8007,100
10651,0.5900000000000001,0.07,0.52,31.630000000000006,11:08:31,158.79,100,158.83,200,158.79399999999998,100
10774,0.44,0.07,0.37,41.839999999999996,11:09:41,158.79,100,158.82,100,158.8036,100
10840,0.63,0.08,0.55,34.040000000000006,11:10:34,158.72,100,158.76,300,158.7386,300
10849,0.6100000000000001,0.07,0.54,39.98000000000002,11:10:39,158.72,100,158.76,300,158.7414,200
10893,1.5699999999999998,0.96,0.61,0.0,11:11:00,158.73,300,158.75,100,158.7436,150
10916,0.61,0.18,0.43,15.669999999999996,11:11:15,158.73,100,158.76,200,158.7439,100
10950,0.59,0.09,0.5,35.87000000000001,11:11:35,158.72,200,158.76,100,158.7401,122
11020,0.6300000000000001,0.07,0.56,38.85,11:12:38,158.76,100,158.8,200,158.7824,100
11022,0.62,0.08,0.54,40.25,11:12:40,158.76,100,158.8,100,158.782,100
11033,0.81,0.13,0.68,48.86,11:12:48,158.77,500,158.82,200,158.805,181
11060,2.4000000000000004,1.61,0.79,15.199999999999998,11:13:15,158.77,400,158.82,400,158.7918,100
11105,0.59,0.17,0.42,47.63000000000001,11:13:47,158.76,200,158.8,300,158.7766,125
11112,0.58,0.09,0.49,51.78000000000001,11:13:51,158.76,200,158.8,300,158.7739,100
11222,0.62,0.17,0.45,13.46,11:16:13,158.69,100,158.71,100,158.6978,100
11232,0.8,0.19,0.61,20.23,11:16:20,158.68,100,158.71,100,158.6974,500
11330,0.44,0.08,0.36,0.0,11:18:00,158.7,200,158.73,200,158.72899999999998,300
11345,0.46,0.07,0.39,12.020000000000001,11:18:12,158.7,200,158.73,200,158.7151,150
11400,0.63,0.14,0.49,52.15000000000001,11:18:52,158.68,100,158.7,100,158.68,100
11449,0.61,0.13,0.48,27.63999999999999,11:19:27,158.71,100,158.75,200,158.722,100
11490,0.64,0.11,0.53,53.82,11:19:53,158.7,100,158.72,300,158.715,100
11569,0.64,0.09,0.55,55.94000000000001,11:20:55,158.7,200,158.73,200,158.7154,200
11581,0.61,0.09,0.52,5.800000000000001,11:21:05,158.71,100,158.75,600,158.714,500
11603,0.6100000000000001,0.07,0.54,26.000000000000007,11:21:26,158.75,100,158.76,100,158.735,100
11758,1.54,0.8,0.74,8.36,11:23:08,158.7,200,158.74,200,158.7198,300
11765,0.6,0.08,0.52,15.579999999999997,11:23:15,158.7,300,158.74,200,158.7152,100
11834,5.41,4.9,0.51,13.59,11:24:13,158.75,200,158.78,300,158.765,100
11850,0.6000000000000001,0.07,0.53,27.57,11:24:27,158.76,100,158.79,400,158.769,250
11869,0.61,0.08,0.53,39.44000000000001,11:24:39,158.76,100,158.79,400,158.7603,200
11893,0.76,0.14,0.62,53.61000000000002,11:24:53,158.76,100,158.78,200,158.775,100
11901,0.76,0.33,0.43,0.0,11:25:00,158.76,100,158.78,200,158.7746,500
11977,0.94,0.35,0.59,58.02999999999999,11:25:58,158.8,200,158.83,100,158.8165,145
12035,30.98,30.48,0.5,0.0,11:27:00,158.84,300,158.88,100,158.8532,100
12117,0.75,0.07,0.68,42.13,11:29:42,158.85,300,158.88,300,158.864,300
12141,0.95,0.22,0.73,0.0,11:30:00,158.82,300,158.84,200,158.8333,150
12188,0.6000000000000001,0.07,0.53,53.230000000000004,11:30:53,158.85,100,158.87,400,158.8501,100
12191,0.74,0.08,0.66,55.220000000000006,11:30:55,158.83,300,158.86,200,158.8301,100
12198,0.6,0.24,0.36,0.0,11:31:00,158.83,300,158.86,200,158.8398,100
12208,0.6499999999999999,0.07,0.58,18.209999999999997,11:31:18,158.7,400,158.75,200,158.725,100
12285,0.57,0.08,0.49,5.99,11:32:05,158.78,200,158.81,200,158.7903,120
12288,3.4000000000000004,2.87,0.53,10.39,11:32:10,158.77,200,158.8,200,158.7879,100
12307,0.43,0.12,0.31,23.849999999999994,11:32:23,158.74,200,158.78,100,158.7525,100
12345,0.43,0.07,0.36,46.05999999999999,11:32:46,158.74,200,158.78,200,158.7575,119
12376,2.16,1.47,0.69,0.0,11:33:00,158.74,400,158.78,500,158.7536,100
12541,0.76,0.07,0.69,28.56,11:34:28,158.65,200,158.68,100,158.665,500
12625,0.98,0.41,0.57,0.0,11:37:00,158.69,200,158.7,100,158.695,100
12780,118.2,117.59,0.61,0.0,11:40:00,158.62,300,158.65,500,158.635,100
12807,0.6,0.08,0.52,13.799999999999999,11:41:13,158.6,400,158.63,400,158.615,100
12811,0.6,0.08,0.52,17.810000000000002,11:41:17,158.57,300,158.61,200,158.606,275
12816,0.46,0.08,0.38,21.830000000000002,11:41:21,158.57,300,158.6,200,158.57,100
12837,0.6100000000000001,0.07,0.54,36.21,11:41:36,158.57,400,158.6,100,158.585,100
12859,0.5900000000000001,0.14,0.45,50.03000000000002,11:41:50,158.57,400,158.6,300,158.5788,100
12891,0.25,0.07,0.18,3.9299999999999997,11:42:03,158.57,400,158.6,500,158.5864,300
12923,0.24000000000000002,0.07,0.17,19.709999999999997,11:42:19,158.58,1700,158.61,300,158.595,100
12940,0.3,0.09,0.21,25.999999999999996,11:42:25,158.58,1700,158.61,300,158.5936,100
13016,0.38,0.17,0.21,51.93000000000001,11:42:51,158.53,300,158.56,400,158.5399,127
13040,0.25,0.08,0.17,0.0,11:43:00,158.53,400,158.56,200,158.5446,300
13054,4.21,3.98,0.23,10.190000000000001,11:43:10,158.53,400,158.56,300,158.5432,100
13088,0.45,0.19,0.26,25.28,11:43:25,158.55,300,158.58,200,158.565,100
13142,84.78,84.59,0.19,0.0,11:45:00,158.53,300,158.55,200,158.5413,280
13157,0.24000000000000002,0.07,0.17,4.840000000000001,11:45:04,158.53,300,158.55,200,158.5389,200
13295,4.75,4.48,0.27,9.84,11:46:09,158.54,200,158.58,500,158.5521,100
13366,0.31000000000000005,0.14,0.17,38.080000000000005,11:46:38,158.54,300,158.57,100,158.5528,100
13446,3.2800000000000002,2.99,0.29,0.0,11:47:00,158.56,200,158.59,200,158.59,116
13462,0.32,0.12,0.2,8.360000000000001,11:47:08,158.6,400,158.64,100,158.6051,100
13606,2.17,1.92,0.25,15.27,11:48:15,158.61,300,158.63,300,158.6209,100
13640,0.42000000000000004,0.2,0.22,27.699999999999992,11:48:27,158.59,200,158.61,200,158.5971,100
13701,0.26,0.08,0.18,47.79999999999996,11:48:47,158.58,300,158.61,100,158.5801,100
13820,0.37,0.17,0.2,39.86000000000001,11:49:39,158.64,200,158.67,200,158.6601,100
13864,0.27,0.07,0.2,53.93000000000001,11:49:53,158.66,200,158.67,300,158.6651,111
13951,0.24,0.08,0.16,30.099999999999998,11:50:30,158.62,100,158.65,300,158.634,362
13995,0.38,0.22,0.16,43.99,11:50:43,158.61,200,158.63,100,158.6299,700
14071,3.9400000000000004,3.66,0.28,9.61,11:51:09,158.62,300,158.68,400,158.6617,150
14079,0.25,0.07,0.18,12.03,11:51:12,158.62,200,158.68,400,158.626,100
14134,0.26,0.07,0.19,30.060000000000002,11:51:30,158.62,300,158.65,100,158.6413,359
14164,0.28,0.1,0.18,40.17000000000003,11:51:40,158.62,300,158.65,200,158.6384,100
14198,0.36,0.19,0.17,1.7200000000000002,11:52:01,158.59,200,158.62,100,158.605,100
14229,0.4,0.2,0.2,18.6,11:52:18,158.59,100,158.62,100,158.6014,300
14509,3.63,3.31,0.32,11.26,11:54:11,158.53,100,158.56,200,158.545,100
14551,0.24000000000000002,0.07,0.17,28.160000000000007,11:54:28,158.53,100,158.56,200,158.5464,900
14632,0.42,0.24,0.18,54.36000000000002,11:54:54,158.5,600,158.52,200,158.5091,100
14720,0.38,0.14,0.24,9.350000000000001,11:55:09,158.48,200,158.5,200,158.4866,620
14727,0.32,0.12,0.2,12.110000000000003,11:55:12,158.48,200,158.5,300,158.488,100
14732,0.35,0.14,0.21,14.010000000000002,11:55:14,158.48,200,158.5,300,158.4936,200
14820,1.25,1.05,0.2,12.659999999999998,11:56:12,158.46,300,158.5,600,158.4775,200
14883,0.6000000000000001,0.27,0.33,34.41000000000001,11:56:34,158.46,300,158.49,400,158.4732,150
15088,0.29000000000000004,0.07,0.22,45.309999999999995,11:57:45,158.54,200,158.57,200,158.5475,100
15094,0.37,0.18,0.19,47.53,11:57:47,158.54,200,158.57,200,158.5551,100
15118,0.36,0.2,0.16,8.31,11:58:08,158.56,500,158.59,100,158.575,153
15234,0.41000000000000003,0.21,0.2,46.539999999999985,11:58:46,158.57,500,158.61,200,158.6043,100
15348,0.26,0.07,0.19,41.739999999999995,11:59:41,158.6,200,158.63,100,158.6096,100
15504,0.38,0.2,0.18,34.01,12:00:34,158.57,500,158.63,200,158.6029,100
15511,0.39,0.22,0.17,36.24999999999999,12:00:36,158.57,500,158.63,200,158.5814,200
15559,0.25,0.07,0.18,51.890000000000015,12:00:51,158.57,500,158.63,300,158.5904,500
15727,3.92,3.68,0.24,0.0,12:02:00,158.59,500,158.64,500,158.618,300
15809,0.25,0.07,0.18,36.129999999999995,12:02:36,158.68,200,158.72,700,158.7133,252
15829,0.37,0.2,0.17,42.37999999999998,12:02:42,158.63,200,158.66,100,158.6498,400
15881,0.97,0.71,0.26,4.380000000000001,12:03:04,158.62,200,158.66,100,158.6363,300
15969,0.38,0.19,0.19,40.03000000000001,12:03:40,158.62,200,158.67,300,158.6236,100
16026,0.47000000000000003,0.27,0.2,0.47000000000000003,12:04:00,158.62,100,158.67,300,158.6574,100
16042,0.42,0.21,0.21,8.290000000000001,12:04:08,158.62,100,158.67,400,158.6552,100
16048,2.82,2.61,0.21,14.880000000000003,12:04:14,158.62,100,158.67,300,158.636,100
16097,0.47,0.22,0.25,34.12,12:04:34,158.62,200,158.67,300,158.645,100
16145,0.37,0.17,0.2,50.029999999999994,12:04:50,158.64,100,158.69,600,158.675,100
16556,0.4,0.21,0.19,30.150000000000002,12:07:30,158.64,300,158.67,100,158.655,102
16802,0.5800000000000001,0.4,0.18,4.0,12:09:04,158.65,100,158.67,100,158.6557,650
16867,0.26,0.09,0.17,29.960000000000004,12:09:29,158.65,100,158.67,100,158.6501,100
17023,0.43,0.24,0.19,30.07999999999999,12:10:30,158.65,200,158.7,600,158.6781,200
17029,0.31,0.07,0.24,32.07999999999999,12:10:32,158.65,200,158.7,600,158.6884,300
17054,0.24000000000000002,0.07,0.17,40.17,12:10:40,158.66,100,158.7,600,158.6865,700
17282,0.37,0.21,0.16,44.68999999999999,12:11:44,158.64,200,158.67,200,158.6615,100
17331,1.97,1.78,0.19,19.619999999999997,12:12:19,158.66,200,158.69,200,158.67600000000002,100
17434,0.3,0.09,0.21,53.980000000000004,12:12:53,158.66,300,158.69,200,158.6789,165
17457,0.38,0.2,0.18,0.0,12:13:00,158.66,300,158.68,200,158.6602,100
17465,3.0,2.67,0.33,12.899999999999999,12:13:12,158.66,300,158.68,200,158.674,450
17527,0.42000000000000004,0.25,0.17,34.10999999999999,12:13:34,158.65,200,158.68,200,158.6724,100
17749,0.36000000000000004,0.08,0.28,0.0,12:15:00,158.65,100,158.69,200,158.6704,250
17770,0.27,0.07,0.2,13.759999999999998,12:15:13,158.64,300,158.67,200,158.6583,150
18226,2.69,2.48,0.21,0.0,12:18:00,158.65,300,158.68,100,158.67700000000002,200
18365,0.33,0.17,0.16,48.76000000000001,12:18:48,158.69,300,158.72,500,158.7068,100
18734,0.27,0.1,0.17,14.020000000000001,12:21:14,158.74,100,158.77,200,158.7539,100
19421,0.47,0.23,0.24,24.200000000000006,12:25:24,158.82,500,158.87,800,158.8321,100
19606,0.24,0.08,0.16,21.989999999999995,12:27:21,158.84,200,158.86,200,158.8452,500
19613,0.23,0.07,0.16,23.949999999999996,12:27:23,158.84,200,158.86,300,158.8488,100
19701,0.30000000000000004,0.14,0.16,51.86999999999997,12:27:51,158.86,300,158.88,300,158.879,115
19790,0.27,0.09,0.18,17.79,12:28:17,158.83,100,158.86,100,158.852,100
19796,0.55,0.21,0.34,19.979999999999997,12:28:19,158.83,100,158.87,300,158.8495,500
20207,0.33,0.14,0.19,2.62,12:31:02,158.92,100,158.94,100,158.92600000000002,2000
20228,0.24,0.08,0.16,16.669999999999998,12:31:16,158.92,500,158.95,400,158.935,200
20279,0.33999999999999997,0.18,0.16,32.629999999999995,12:31:32,158.92,200,158.97,500,158.9468,600
20330,0.33999999999999997,0.18,0.16,48.579999999999984,12:31:48,158.94,200,158.98,300,158.9773,100
20374,0.4,0.22,0.18,18.269999999999996,12:32:18,158.94,300,158.99,300,158.9646,200
20422,0.31000000000000005,0.14,0.17,34.05000000000001,12:32:34,158.94,200,158.99,300,158.9619,100
20489,0.35,0.17,0.18,2.02,12:33:02,158.96,100,159.0,8000,158.9768,514
20568,0.4,0.19,0.21,36.43,12:33:36,158.92,100,158.94,200,158.939,200
20586,0.25,0.07,0.18,42.330000000000005,12:33:42,158.92,100,158.94,200,158.9301,100
20610,0.34,0.07,0.27,50.28999999999999,12:33:50,158.92,200,158.94,200,158.9307,300
20615,0.42,0.18,0.24,52.459999999999994,12:33:52,158.91,100,158.93,200,158.9299,100
20854,0.39,0.21,0.18,9.170000000000002,12:35:09,158.9,100,158.94,200,158.9001,100
20860,0.33,0.16,0.17,11.000000000000002,12:35:11,158.9,100,158.94,200,158.9235,125
20892,0.25,0.08,0.17,20.939999999999994,12:35:20,158.9,100,158.94,300,158.912,115
20974,4.8,4.63,0.17,6.8,12:36:06,158.9,300,158.94,100,158.9264,188
21134,0.43,0.21,0.22,4.140000000000001,12:37:04,158.92,200,158.95,1200,158.9314,131
21280,0.41000000000000003,0.2,0.21,2.06,12:38:02,158.92,200,158.95,1100,158.9348,100
21587,0.29000000000000004,0.07,0.22,3.9600000000000004,12:40:03,158.95,100,158.97,100,158.9547,200
21719,0.27,0.07,0.2,17.700000000000003,12:41:17,158.94,100,158.97,100,158.9539,225
21786,149.10999999999999,148.89,0.22,0.0,12:44:00,158.96,100,158.97,100,158.9667,100
21896,0.34,0.08,0.26,6.92,12:45:06,158.96,300,158.98,300,158.9668,100
21955,0.42,0.21,0.21,26.91,12:45:26,158.96,200,158.98,300,158.9787,200
22402,0.23,0.07,0.16,19.919999999999995,12:48:19,158.95,400,159.0,700,158.972,200
22510,0.26,0.07,0.19,22.24,12:49:22,158.96,300,159.0,1200,158.9797,400
22774,0.39,0.21,0.18,4.290000000000001,12:51:04,159.0,300,159.02,1000,159.0093,275
22859,0.31,0.15,0.16,34.120000000000005,12:51:34,159.02,500,159.04,200,159.0293,200
22865,0.36,0.2,0.16,36.09,12:51:36,159.02,500,159.04,200,159.0309,200
22878,0.34,0.17,0.17,40.010000000000005,12:51:40,159.04,300,159.06,300,159.06,100
22895,0.41000000000000003,0.24,0.17,46.120000000000005,12:51:46,159.04,300,159.06,300,159.05,100
22940,0.24000000000000002,0.07,0.17,0.0,12:52:00,159.04,400,159.07,300,159.0539,1000
22946,0.23,0.07,0.16,1.9200000000000002,12:52:01,159.04,500,159.07,100,159.07,123
23042,0.6000000000000001,0.27,0.33,40.20999999999999,12:52:40,159.0,400,159.02,200,159.0001,200
23126,0.36,0.2,0.16,1.6600000000000001,12:53:01,159.02,100,159.05,1900,159.047,100
23409,2.02,1.65,0.37,9.08,12:55:09,159.02,200,159.05,2100,159.035,100
23412,0.33999999999999997,0.16,0.18,10.129999999999999,12:55:10,159.02,100,159.05,2200,159.032,100
23416,0.24000000000000002,0.07,0.17,19.06,12:55:19,159.06,200,159.08,100,159.08,100
23430,0.29000000000000004,0.07,0.22,23.95,12:55:23,159.07,300,159.1,1500,159.09,100
23436,0.26,0.07,0.19,25.93,12:55:25,159.07,200,159.1,1500,159.1,100
23443,0.25,0.07,0.18,28.069999999999997,12:55:28,159.08,100,159.11,2000,159.11,149
23501,0.36,0.19,0.17,46.260000000000026,12:55:46,159.07,300,159.09,100,159.0805,409
23571,0.38,0.21,0.17,16.160000000000004,12:56:16,159.07,300,159.1,400,159.079,309
23576,1.53,1.28,0.25,18.750000000000004,12:56:18,159.07,400,159.1,400,159.0742,100
23607,0.42000000000000004,0.23,0.19,29.349999999999994,12:56:29,159.07,300,159.1,400,159.085,300
23708,0.25,0.07,0.18,2.25,12:57:02,159.07,200,159.11,2400,159.07299999999998,300
23711,0.28,0.08,0.2,3.2199999999999998,12:57:03,159.07,200,159.11,2400,159.0708,300
23938,0.4,0.23,0.17,30.239999999999984,12:58:30,159.09,200,159.12,1000,159.105,300
23944,0.45000000000000007,0.28,0.17,32.26999999999998,12:58:32,159.09,100,159.12,1300,159.091,200
23981,0.26,0.09,0.17,43.999999999999964,12:58:43,159.09,200,159.11,100,159.1014,100
23998,0.38,0.21,0.17,49.79999999999995,12:58:49,159.09,100,159.12,1200,159.1068,100
23999,0.26,0.08,0.18,50.059999999999945,12:58:50,159.09,100,159.12,1000,159.12,130
24040,0.5,0.27,0.23,7.3999999999999995,13:00:07,159.01,300,159.04,400,159.0217,100
24064,0.24000000000000002,0.07,0.17,15.289999999999997,13:00:15,159.01,400,159.04,600,159.0231,200
24089,0.31000000000000005,0.14,0.17,23.5,13:00:23,159.01,400,159.04,600,159.0197,150
24143,0.30000000000000004,0.14,0.16,14.050000000000002,13:01:14,159.04,200,159.09,300,159.0685,200
24152,0.37,0.21,0.16,20.03,13:01:20,159.04,200,159.09,400,159.0662,100
24158,0.28,0.12,0.16,21.820000000000004,13:01:21,159.04,200,159.09,400,159.0654,200
24216,0.38,0.2,0.18,39.90999999999999,13:01:39,159.04,400,159.09,500,159.062,200
24322,0.24,0.08,0.16,24.029999999999994,13:02:24,159.01,300,159.06,200,159.0394,100
24476,0.25,0.07,0.18,4.97,13:03:04,159.05,100,159.09,100,159.0726,100
24643,0.31,0.15,0.16,19.81,13:04:19,159.05,300,159.08,200,159.053,100
24768,3.53,3.36,0.17,0.0,13:05:00,159.04,300,159.07,200,159.054,500
24772,3.23,3.06,0.17,4.21,13:05:04,159.04,300,159.07,300,159.0671,100
24784,0.37,0.2,0.17,8.67,13:05:08,159.04,300,159.07,400,159.0526,100
24861,0.23,0.07,0.16,32.69999999999999,13:05:32,159.03,100,159.07,300,159.0566,159
24911,174.01,173.76,0.25,0.0,13:08:00,159.05,100,159.1,900,159.083,100
24956,0.27,0.07,0.2,9.790000000000001,13:09:09,159.06,400,159.08,200,159.0687,200
25080,0.35000000000000003,0.07,0.28,4.079999999999999,13:10:04,159.07,100,159.12,3200,159.1085,1000
25088,0.27,0.09,0.18,14.25,13:10:14,159.07,400,159.12,2900,159.1033,250
25139,0.24000000000000002,0.07,0.17,34.06,13:10:34,159.07,200,159.12,2800,159.095,600
25223,0.28,0.07,0.21,3.95,13:11:03,159.07,600,159.11,200,159.0868,799
25235,3.9499999999999997,3.57,0.38,12.209999999999999,13:11:12,159.06,200,159.09,400,159.075,100
25282,0.55,0.19,0.36,36.36,13:11:36,159.02,500,159.06,200,159.0599,100
25535,0.61,0.15,0.46,52.14000000000001,13:13:52,159.07,500,159.09,100,159.0809,200
25542,0.6000000000000001,0.14,0.46,56.13000000000001,13:13:56,159.08,300,159.11,200,159.0905,162
25552,0.45,0.13,0.32,0.0,13:14:00,159.09,200,159.11,100,159.0983,500
25559,0.41000000000000003,0.07,0.34,12.14,13:14:12,159.1,100,159.11,100,159.1001,100
25622,0.5800000000000001,0.18,0.4,48.54000000000001,13:14:48,159.09,100,159.11,100,159.0931,502
25631,0.44,0.08,0.36,53.97000000000001,13:14:53,159.09,100,159.11,100,159.0999,163
25641,0.74,0.11,0.63,2.34,13:15:02,159.1,500,159.13,600,159.1045,400
25646,0.63,0.18,0.45,5.989999999999999,13:15:05,159.11,100,159.13,600,159.1203,500
25683,0.62,0.14,0.48,33.949999999999996,13:15:33,159.08,500,159.1,100,159.097,1400
25904,3.24,2.6,0.64,3.24,13:18:03,159.02,500,159.05,400,159.0361,200
25946,0.6,0.21,0.39,29.45000000000002,13:18:29,159.04,500,159.07,400,159.0531,200
26011,0.74,0.07,0.67,21.369999999999997,13:19:21,159.04,500,159.07,500,159.055,200
26043,0.59,0.17,0.42,39.99,13:19:39,159.03,800,159.05,400,159.0442,175
26199,0.65,0.2,0.45,20.46,13:21:20,159.05,200,159.07,400,159.0613,300
26202,0.75,0.23,0.52,22.39,13:21:22,159.05,200,159.07,500,159.0591,190
26280,0.61,0.08,0.53,6.03,13:22:06,159.03,100,159.05,300,159.0483,500
26350,0.5700000000000001,0.18,0.39,0.0,13:23:00,159.02,100,159.04,400,159.0201,200
26371,1.3900000000000001,0.87,0.52,17.0,13:23:17,159.0,300,159.03,1000,159.029,100
26400,0.64,0.08,0.56,38.06000000000002,13:23:38,159.0,700,159.03,1100,159.015,100
26504,1.43,0.23,1.2,0.0,13:25:00,159.02,100,159.04,200,159.02100000000002,1000
26600,1.22,0.23,0.99,55.99000000000002,13:26:55,159.07,100,159.09,200,159.0833,111
26606,1.22,0.07,1.15,0.0,13:27:00,159.07,100,159.09,200,159.0768,500
26617,1.01,0.07,0.94,16.189999999999998,13:27:16,159.06,100,159.09,300,159.0747,100
26627,1.01,0.07,0.94,27.82,13:27:27,159.03,100,159.06,200,159.045,100
26677,1.02,0.07,0.95,22.650000000000002,13:28:22,159.03,500,159.07,200,159.0699,100
26682,1.1800000000000002,0.07,1.11,28.64,13:28:28,159.03,400,159.07,200,159.0684,2000
26683,1.21,0.24,0.97,29.85,13:28:29,159.03,400,159.07,100,159.0572,100
26691,1.2,0.07,1.13,39.88000000000001,13:28:39,159.05,100,159.08,200,159.065,152
26705,1.4100000000000001,0.12,1.29,22.209999999999997,13:29:22,159.05,200,159.08,300,159.0636,150
26713,1.3599999999999999,0.23,1.13,32.38,13:29:32,159.05,200,159.08,100,159.0605,100
26770,1.21,0.24,0.97,45.760000000000005,13:30:45,159.07,200,159.09,700,159.0777,1000
26832,1.1900000000000002,0.09,1.1,3.8000000000000007,13:32:03,159.11,500,159.13,600,159.1201,150
26834,1.02,0.19,0.83,6.0,13:32:06,159.11,600,159.15,1300,159.13,114
26854,1.6099999999999999,0.19,1.42,36.18,13:32:36,159.12,200,159.14,100,159.1372,500
26859,1.3800000000000001,0.07,1.31,42.99,13:32:42,159.11,300,159.14,1000,159.14,100
26869,1.6099999999999999,0.17,1.44,58.4,13:32:58,159.11,300,159.14,1000,159.1275,100
26873,1.3800000000000001,0.07,1.31,0.0,13:33:00,159.14,100,159.18,400,159.15,100
26874,1.42,0.17,1.25,1.42,13:33:01,159.14,200,159.18,200,159.1772,200
26876,1.21,0.08,1.13,8.620000000000001,13:33:08,159.15,400,159.18,100,159.17,200
26877,1.0,0.07,0.93,9.620000000000001,13:33:09,159.15,400,159.18,100,159.18,170
26908,1.3800000000000001,0.07,1.31,50.600000000000016,13:33:50,159.17,300,159.2,2800,159.1805,500
26922,4.1899999999999995,3.02,1.17,0.0,13:34:00,159.17,300,159.2,2400,159.1828,100
26925,1.22,0.07,1.15,4.42,13:34:04,159.17,300,159.2,2700,159.2,100
26945,1.02,0.08,0.94,27.23,13:34:27,159.19,300,159.21,200,159.21,188
26960,1.42,0.13,1.29,0.0,13:35:00,159.19,300,159.22,100,159.205,100
26967,2.39,1.29,1.1,10.400000000000002,13:35:10,159.21,300,159.24,100,159.24,100
26969,2.59,1.44,1.15,14.360000000000001,13:35:14,159.21,300,159.24,100,159.23,100
26970,1.01,0.14,0.87,15.370000000000001,13:35:15,159.21,300,159.24,100,159.2388,3000
26977,1.01,0.16,0.85,25.21,13:35:25,159.22,400,159.24,100,159.22,100
26985,1.39,0.16,1.23,35.79,13:35:35,159.22,400,159.25,3100,159.235,100
26991,1.01,0.07,0.94,43.41,13:35:43,159.22,200,159.25,3100,159.2479,200
27003,1.57,0.26,1.31,57.98000000000001,13:35:57,159.23,300,159.25,2900,159.25,100
27014,1.01,0.08,0.93,2.0300000000000002,13:36:02,159.25,300,159.27,400,159.27,100
27021,1.3800000000000001,0.08,1.3,10.810000000000002,13:36:10,159.26,400,159.29,800,159.28,100
27025,1.1900000000000002,0.07,1.12,15.81,13:36:15,159.25,100,159.27,200,159.26,103
27050,0.81,0.13,0.68,42.010000000000005,13:36:42,159.27,200,159.29,700,159.29,100
27062,2.82,2.13,0.69,7.42,13:37:07,159.27,200,159.28,200,159.2775,100
27067,1.01,0.29,0.72,12.21,13:37:12,159.29,200,159.3,400,159.3,100
27071,4.57,3.41,1.16,20.810000000000002,13:37:20,159.29,600,159.32,300,159.305,350
27073,0.99,0.18,0.81,22.830000000000002,13:37:22,159.29,500,159.33,100,159.32,100
27088,1.59,0.27,1.32,38.780000000000015,13:37:38,159.3,200,159.33,100,159.33,200
27101,1.4000000000000001,0.07,1.33,55.19000000000002,13:37:55,159.3,200,159.34,700,159.3328,300
27109,1.37,0.07,1.3,0.0,13:38:00,159.3,200,159.33,200,159.3001,100
27114,2.5999999999999996,1.63,0.97,9.639999999999999,13:38:09,159.3,300,159.33,200,159.3152,100
27123,1.41,0.16,1.25,22.039999999999996,13:38:22,159.31,100,159.34,1000,159.325,100
27136,1.01,0.08,0.93,37.40999999999999,13:38:37,159.31,400,159.34,1100,159.3399,100
27146,1.22,0.2,1.02,49.61999999999998,13:38:49,159.32,100,159.34,1200,159.34,100
27147,1.01,0.21,0.8,50.62999999999998,13:38:50,159.33,200,159.34,900,159.3316,168
27151,1.2,0.07,1.13,0.0,13:39:00,159.33,400,159.35,1500,159.35,100
27187,1.0,0.08,0.92,47.62,13:39:47,159.33,800,159.35,2300,159.3369,3000
27196,0.97,0.22,0.75,57.37999999999999,13:39:57,159.35,300,159.38,500,159.37,100
27198,0.82,0.1,0.72,0.0,13:40:00,159.36,200,159.39,100,159.38,440
27200,1.01,0.09,0.92,2.2,13:40:02,159.36,300,159.4,1100,159.36,100
27204,1.1900000000000002,0.07,1.12,6.790000000000001,13:40:06,159.38,400,159.4,600,159.4,300
27207,1.1800000000000002,0.08,1.1,10.190000000000001,13:40:10,159.4,400,159.42,1100,159.41,185
27208,2.0300000000000002,1.06,0.97,12.220000000000002,13:40:12,159.41,200,159.43,200,159.42,784
27211,54.8,53.89,0.91,0.0,13:41:00,159.47,300,159.49,200,159.48,100
27226,1.1700000000000002,0.07,1.1,16.990000000000002,13:41:16,159.47,200,159.49,200,159.49,100
27228,1.2,0.07,1.13,19.200000000000003,13:41:19,159.45,2300,159.49,800,159.46,100
27240,1.2,0.07,1.13,33.18,13:41:33,159.45,2100,159.49,700,159.47,100
27247,1.01,0.08,0.93,41.2,13:41:41,159.46,400,159.48,300,159.4692,500
27249,1.0,0.07,0.93,43.190000000000005,13:41:43,159.46,400,159.48,300,159.4733,100
27254,1.3800000000000001,0.08,1.3,0.0,13:42:00,159.45,2000,159.48,300,159.4578,500
27257,1.2,0.26,0.94,3.5999999999999996,13:42:03,159.45,2000,159.48,300,159.47899999999998,300
27259,1.19,0.23,0.96,5.809999999999999,13:42:05,159.45,2000,159.48,300,159.465,100
27261,1.03,0.07,0.96,8.019999999999998,13:42:08,159.45,2000,159.48,300,159.4725,400
27265,1.38,0.18,1.2,15.779999999999998,13:42:15,159.46,1000,159.49,700,159.475,100
27274,1.2,0.16,1.04,27.389999999999997,13:42:27,159.42,200,159.44,200,159.43,100
27290,1.23,0.17,1.06,48.199999999999996,13:42:48,159.4,500,159.43,600,159.4102,100
27291,1.4,0.13,1.27,49.599999999999994,13:42:49,159.4,500,159.43,600,159.4261,300
27295,1.37,0.14,1.23,55.36999999999998,13:42:55,159.4,500,159.43,600,159.429,200
27301,1.41,0.18,1.23,3.99,13:43:03,159.44,100,159.46,200,159.45,108
27303,1.1900000000000002,0.07,1.12,6.5600000000000005,13:43:06,159.42,200,159.44,200,159.435,200
27305,1.19,0.18,1.01,8.780000000000001,13:43:08,159.42,200,159.44,200,159.44,200
27322,1.01,0.07,0.94,30.230000000000004,13:43:30,159.43,100,159.45,100,159.4301,100
27328,0.98,0.18,0.8,35.800000000000004,13:43:35,159.42,100,159.43,100,159.425,100
27352,1.1800000000000002,0.07,1.11,59.620000000000005,13:43:59,159.4,500,159.44,200,159.4399,300
27357,1.1900000000000002,0.07,1.12,3.41,13:44:03,159.43,100,159.45,200,159.431,455
27365,1.2,0.21,0.99,17.209999999999997,13:44:17,159.44,100,159.47,200,159.4527,1000
27372,1.2,0.17,1.03,25.419999999999995,13:44:25,159.44,100,159.47,200,159.455,200
27377,1.21,0.18,1.03,31.229999999999997,13:44:31,159.44,100,159.46,300,159.4505,400
27379,1.01,0.07,0.94,33.419999999999995,13:44:33,159.44,100,159.46,300,159.4466,150
27388,1.01,0.07,0.94,43.24999999999998,13:44:43,159.44,100,159.47,300,159.4441,100
27400,1.3900000000000001,0.09,1.3,56.02999999999999,13:44:56,159.41,200,159.45,100,159.4363,100
27445,0.8200000000000001,0.07,0.75,44.79,13:45:44,159.42,300,159.44,200,159.4309,120
27467,1.39,0.23,1.16,15.210000000000004,13:46:15,159.41,400,159.43,100,159.4208,282
27493,1.21,0.16,1.05,49.03000000000001,13:46:49,159.41,500,159.43,200,159.4267,100
27499,1.5799999999999998,0.18,1.4,0.0,13:47:00,159.41,500,159.43,200,159.421,100
27502,1.21,0.07,1.14,4.01,13:47:04,159.41,500,159.43,200,159.4174,500
27510,1.21,0.23,0.98,14.43,13:47:14,159.41,600,159.43,100,159.4232,200
27516,1.3900000000000001,0.07,1.32,24.799999999999997,13:47:24,159.42,200,159.44,600,159.4278,1500
27547,1.1900000000000002,0.07,1.12,0.0,13:48:00,159.42,300,159.44,700,159.4312,133
27553,1.63,0.68,0.95,7.21,13:48:07,159.42,300,159.44,600,159.4287,150
27577,0.8099999999999999,0.08,0.73,35.80000000000001,13:48:35,159.34,200,159.39,300,159.365,300
27606,1.2,0.07,1.13,0.0,13:49:00,159.3,200,159.35,200,159.31,100
27625,1.23,0.08,1.15,20.42,13:49:20,159.3,100,159.33,200,159.326,246
27641,1.19,0.22,0.97,38.01000000000001,13:49:38,159.3,200,159.35,200,159.3269,300
27647,0.8200000000000001,0.07,0.75,43.62000000000001,13:49:43,159.3,200,159.34,700,159.3119,174
27651,1.0,0.19,0.81,47.40000000000001,13:49:47,159.3,300,159.34,700,159.31799999999998,100
27658,0.98,0.33,0.65,0.0,13:50:00,159.3,200,159.33,400,159.3155,100
27667,2.6,1.37,1.23,11.610000000000001,13:50:11,159.27,300,159.32,200,159.2732,300
27669,1.23,0.08,1.15,13.830000000000002,13:50:13,159.27,300,159.32,200,159.292,160
27677,0.99,0.16,0.83,23.83,13:50:23,159.27,300,159.3,600,159.285,100
27700,1.01,0.14,0.87,48.22999999999999,13:50:48,159.27,300,159.3,800,159.2878,100
27705,1.02,0.07,0.95,53.82999999999999,13:50:53,159.27,300,159.3,800,159.2805,850
27726,1.41,0.24,1.17,23.569999999999997,13:51:23,159.28,300,159.3,800,159.2864,131
27729,1.02,0.14,0.88,26.99,13:51:26,159.28,300,159.3,900,159.2868,100
27741,1.18,0.23,0.95,41.39,13:51:41,159.28,300,159.3,900,159.2888,1000
27762,0.98,0.15,0.83,0.0,13:52:00,159.32,200,159.34,100,159.338,158
27778,0.8200000000000001,0.17,0.65,20.029999999999998,13:52:20,159.34,200,159.38,500,159.355,100
27799,0.99,0.07,0.92,40.19,13:52:40,159.35,100,159.38,500,159.3799,394
27814,1.1800000000000002,0.14,1.04,1.1800000000000002,13:53:01,159.37,100,159.41,100,159.39,100
27825,0.99,0.2,0.79,13.780000000000003,13:53:13,159.39,200,159.4,200,159.395,100
27838,1.03,0.22,0.81,29.220000000000006,13:53:29,159.39,300,159.42,300,159.4124,210
27846,0.98,0.07,0.91,36.599999999999994,13:53:36,159.39,400,159.42,200,159.392,250
27883,3.41,2.69,0.72,20.63,13:54:20,159.43,100,159.46,2000,159.4452,1000
27889,0.98,0.07,0.91,25.989999999999995,13:54:25,159.43,200,159.46,1600,159.445,100
27930,2.6,1.74,0.86,10.2,13:55:10,159.45,100,159.47,100,159.469,200
27935,1.45,0.27,1.18,17.22,13:55:17,159.47,200,159.49,900,159.485,100
27937,1.4,0.18,1.22,19.999999999999996,13:55:19,159.47,200,159.49,900,159.4784,1000
27968,1.24,0.22,1.02,0.0,13:56:00,159.43,500,159.48,300,159.4525,400
27993,1.0,0.2,0.8,29.750000000000004,13:56:29,159.45,300,159.48,200,159.4636,200
28006,0.82,0.13,0.69,41.370000000000005,13:56:41,159.47,200,159.52,300,159.5101,247
28008,0.98,0.3,0.68,43.160000000000004,13:56:43,159.47,200,159.52,300,159.52,100
28020,0.81,0.16,0.65,53.980000000000004,13:56:53,159.5,200,159.53,100,159.53,100
28021,0.98,0.07,0.91,54.96,13:56:54,159.51,100,159.54,200,159.51,100
28026,0.81,0.07,0.74,0.0,13:57:00,159.48,100,159.53,100,159.5,600
28036,0.8099999999999999,0.08,0.73,15.400000000000004,13:57:15,159.49,200,159.54,300,159.5126,200
28046,0.98,0.14,0.84,27.770000000000007,13:57:27,159.47,200,159.52,200,159.495,300
28095,1.23,0.08,1.15,25.000000000000004,13:58:25,159.41,100,159.47,300,159.4672,241
28106,1.02,0.17,0.85,38.38,13:58:38,159.4,400,159.47,300,159.4271,400
28109,1.3900000000000001,0.08,1.31,42.17000000000001,13:58:42,159.4,300,159.47,200,159.4316,200
28137,1.03,0.08,0.95,1.03,13:59:01,159.4,200,159.46,300,159.4323,200
28141,1.1900000000000002,0.08,1.11,6.010000000000001,13:59:06,159.4,200,159.46,200,159.4083,100
28149,1.19,0.13,1.06,15.780000000000001,13:59:15,159.43,400,159.46,200,159.4498,297
28152,1.1800000000000002,0.07,1.11,19.180000000000003,13:59:19,159.43,400,159.46,200,159.4465,100
28166,1.18,0.24,0.94,35.790000000000006,13:59:35,159.46,400,159.5,200,159.494,109
28188,0.81,0.07,0.74,13.82,14:00:13,159.48,400,159.5,400,159.484,100
28207,1.1800000000000002,0.08,1.1,34.42,14:00:34,159.52,400,159.55,1000,159.5336,200
28209,0.8200000000000001,0.07,0.75,36.25,14:00:36,159.53,200,159.55,1100,159.55,100
28229,2.23,1.28,0.95,0.0,14:01:00,159.49,300,159.53,100,159.4935,400
28232,0.98,0.07,0.91,5.1899999999999995,14:01:05,159.5,400,159.52,200,159.5001,500
28243,0.98,0.27,0.71,17.17,14:01:17,159.5,400,159.52,300,159.5008,300
28245,0.8200000000000001,0.07,0.75,18.990000000000002,14:01:18,159.5,400,159.52,400,159.5027,500
28263,1.0,0.14,0.86,39.559999999999995,14:01:39,159.42,200,159.48,100,159.4201,100
28304,0.8200000000000001,0.07,0.75,35.39999999999999,14:02:35,159.38,200,159.43,300,159.405,100
28321,1.03,0.07,0.96,53.40999999999999,14:02:53,159.43,100,159.48,400,159.4799,100
28325,1.23,0.2,1.03,0.0,14:03:00,159.43,100,159.48,400,159.4631,140
28330,4.42,3.57,0.85,11.01,14:03:11,159.44,100,159.48,400,159.452,150
28341,1.39,0.24,1.15,24.01,14:03:24,159.41,100,159.45,100,159.444,100
28346,1.2,0.17,1.03,30.010000000000005,14:03:30,159.4,200,159.45,400,159.4283,450
28431,0.98,0.24,0.74,0.0,14:05:00,159.34,200,159.37,500,159.3568,300
28438,0.98,0.18,0.8,9.770000000000001,14:05:09,159.34,200,159.37,500,159.3583,100
28439,1.21,0.16,1.05,10.98,14:05:10,159.27,200,159.34,200,159.315,100
28449,1.21,0.08,1.13,22.370000000000005,14:05:22,159.27,400,159.33,100,159.295,100
28533,1.22,0.09,1.13,16.81,14:07:16,159.35,300,159.36,200,159.345,100
28542,1.41,0.27,1.14,28.59,14:07:28,159.36,400,159.39,300,159.375,100
28546,1.4000000000000001,0.08,1.32,34.0,14:07:34,159.36,400,159.39,300,159.361,200
28583,0.97,0.08,0.89,26.18,14:08:26,159.36,100,159.38,100,159.3625,1000
28589,1.21,0.21,1.0,32.62,14:08:32,159.36,100,159.38,200,159.3685,189
28595,0.98,0.24,0.74,39.38999999999999,14:08:39,159.36,200,159.38,200,159.3602,200
28610,0.82,0.09,0.73,53.58,14:08:53,159.36,300,159.38,300,159.3699,100
28641,1.1900000000000002,0.07,1.12,22.010000000000005,14:09:22,159.36,300,159.38,100,159.3701,250
28673,1.21,0.08,1.13,3.7800000000000002,14:10:03,159.36,500,159.4,500,159.364,500
28687,1.01,0.07,0.94,22.589999999999996,14:10:22,159.4,200,159.44,100,159.4103,654
28699,6.01,5.05,0.96,40.99999999999999,14:10:40,159.4,100,159.43,100,159.4207,397
28744,0.8200000000000001,0.07,0.75,33.41,14:11:33,159.38,300,159.41,200,159.389,150
28868,0.97,0.23,0.74,40.58,14:13:40,159.38,200,159.4,100,159.399,100
28889,0.83,0.12,0.71,0.0,14:14:00,159.36,100,159.39,100,159.3768,495
28894,3.3899999999999997,2.59,0.8,9.19,14:14:09,159.39,200,159.41,100,159.3933,733
28897,0.82,0.09,0.73,12.2,14:14:12,159.36,300,159.41,300,159.3849,100
28912,0.97,0.08,0.89,28.36999999999999,14:14:28,159.36,500,159.39,600,159.3851,250
28921,0.97,0.18,0.79,36.76999999999999,14:14:36,159.36,600,159.4,400,159.3882,300
28934,1.02,0.24,0.78,50.580000000000005,14:14:50,159.36,500,159.41,200,159.385,100
29017,0.8200000000000001,0.18,0.64,22.790000000000003,14:16:22,159.44,100,159.49,100,159.45600000000002,100
29026,1.39,0.17,1.22,33.580000000000005,14:16:33,159.44,200,159.49,100,159.4617,200
29029,1.3900000000000001,0.07,1.32,37.580000000000005,14:16:37,159.44,100,159.49,200,159.4626,200
29031,1.1700000000000002,0.07,1.1,39.980000000000004,14:16:39,159.44,100,159.49,200,159.4577,116
29043,1.39,0.17,1.22,57.8,14:16:57,159.44,200,159.47,100,159.4598,200
29066,0.8200000000000001,0.07,0.75,23.599999999999994,14:17:23,159.43,200,159.44,100,159.4332,150
29148,0.8300000000000001,0.18,0.65,40.839999999999996,14:18:40,159.39,400,159.45,500,159.4212,100
29173,0.8099999999999999,0.08,0.73,6.409999999999999,14:19:06,159.46,200,159.49,400,159.4675,400
29178,0.98,0.14,0.84,11.0,14:19:11,159.46,200,159.49,600,159.4735,100
29187,0.98,0.2,0.78,19.210000000000004,14:19:19,159.47,200,159.49,300,159.4801,200
29322,0.59,0.08,0.51,23.830000000000005,14:21:23,159.5,900,159.53,400,159.515,200
29335,0.6,0.08,0.52,31.83000000000001,14:21:31,159.5,800,159.53,500,159.5288,165
29362,0.75,0.07,0.68,48.20000000000003,14:21:48,159.5,500,159.53,300,159.501,340
29380,0.59,0.08,0.51,0.0,14:22:00,159.5,1000,159.53,300,159.5198,100
29399,0.58,0.08,0.5,15.809999999999999,14:22:15,159.51,400,159.54,100,159.54,200
29403,0.6,0.17,0.43,18.21,14:22:18,159.51,300,159.54,100,159.518,100
29414,0.61,0.19,0.42,24.05,14:22:24,159.51,300,159.54,200,159.525,100
29440,0.5700000000000001,0.14,0.43,38.010000000000005,14:22:38,159.59,300,159.6,900,159.595,100
29444,0.5900000000000001,0.25,0.34,40.02000000000001,14:22:40,159.57,300,159.6,1000,159.5803,100
29452,0.45,0.08,0.37,44.05000000000001,14:22:44,159.57,300,159.6,1000,159.585,521
29456,0.62,0.2,0.42,46.23000000000001,14:22:46,159.56,400,159.59,200,159.56,100
29467,0.43,0.07,0.36,51.83000000000001,14:22:51,159.52,100,159.57,100,159.545,100
29549,0.43,0.07,0.36,44.01000000000001,14:23:44,159.51,300,159.56,700,159.535,100
29594,0.61,0.21,0.4,6.19,14:24:06,159.48,200,159.52,200,159.505,100
29599,1.98,1.47,0.51,12.74,14:24:12,159.46,300,159.49,100,159.4662,130
29640,0.45,0.07,0.38,38.0,14:24:38,159.46,200,159.5,100,159.486,200
29675,1.22,0.6,0.62,10.4,14:25:10,159.5,200,159.55,600,159.5395,194
29762,2.6,2.22,0.38,13.609999999999998,14:26:13,159.53,300,159.55,300,159.5368,190
29790,0.61,0.18,0.43,31.17999999999999,14:26:31,159.55,200,159.57,300,159.5526,100
29793,0.44,0.07,0.37,32.789999999999985,14:26:32,159.55,600,159.57,300,159.57,129
29812,0.61,0.18,0.43,42.969999999999985,14:26:42,159.58,300,159.59,100,159.58,100
29816,0.43,0.07,0.36,44.98999999999999,14:26:44,159.6,200,159.62,500,159.6,200
29827,0.61,0.2,0.41,51.20999999999999,14:26:51,159.6,300,159.62,300,159.62,198
29871,0.6,0.15,0.45,28.330000000000002,14:27:28,159.56,100,159.6,300,159.5749,500
29923,0.5900000000000001,0.07,0.52,58.300000000000026,14:27:58,159.58,200,159.59,100,159.59,100
29934,0.59,0.1,0.49,5.75,14:28:05,159.56,100,159.58,300,159.5686,100
29938,4.06,3.57,0.49,11.82,14:28:11,159.56,100,159.58,300,159.5725,200
29994,0.62,0.26,0.36,52.010000000000026,14:28:52,159.52,500,159.55,800,159.5374,200
30020,0.81,0.07,0.74,10.59,14:29:10,159.47,400,159.5,400,159.4923,500
30320,0.6399999999999999,0.07,0.57,17.780000000000005,14:32:17,159.4,200,159.42,100,159.4068,100
30332,0.76,0.19,0.57,25.73000000000001,14:32:25,159.4,200,159.42,200,159.4101,100
30362,0.76,0.07,0.69,48.35000000000001,14:32:48,159.4,200,159.42,200,159.4199,100
30393,0.7699999999999999,0.08,0.69,17.19,14:33:17,159.4,300,159.43,100,159.42700000000002,150
30403,0.8300000000000001,0.15,0.68,25.07,14:33:25,159.44,300,159.48,100,159.4744,172
30447,0.6200000000000001,0.07,0.55,9.030000000000001,14:34:09,159.44,400,159.48,200,159.4798,100
30485,104.82,104.3,0.52,0.0,14:36:00,159.5,300,159.52,600,159.5189,231
30496,0.7799999999999999,0.08,0.7,7.97,14:36:07,159.49,200,159.51,100,159.5069,100
30501,0.63,0.08,0.55,11.780000000000001,14:36:11,159.48,100,159.49,100,159.4987,500
30514,0.58,0.08,0.5,19.75,14:36:19,159.48,100,159.51,100,159.4875,100
30607,0.64,0.08,0.56,44.15999999999999,14:37:44,159.52,300,159.55,500,159.5499,200
30675,0.76,0.3,0.46,51.21000000000003,14:38:51,159.5,100,159.53,100,159.5163,108
30729,0.6000000000000001,0.2,0.4,29.779999999999998,14:39:29,159.49,400,159.52,300,159.5199,298
30839,0.6399999999999999,0.07,0.57,15.850000000000001,14:40:15,159.47,200,159.51,400,159.5037,188
30880,0.61,0.24,0.37,19.829999999999995,14:41:19,159.48,200,159.51,600,159.5009,125
30909,0.8099999999999999,0.24,0.57,41.97,14:41:41,159.47,100,159.51,500,159.502,900
31032,0.57,0.1,0.47,0.0,14:43:00,159.48,100,159.51,500,159.4811,100
31057,0.5700000000000001,0.27,0.3,19.81,14:43:19,159.47,600,159.51,500,159.4926,225
31184,0.8,0.26,0.54,48.4,14:44:48,159.48,300,159.51,400,159.493,300
31222,0.7899999999999999,0.22,0.57,25.810000000000002,14:45:25,159.47,400,159.5,300,159.4895,200
31307,0.79,0.14,0.65,33.99,14:46:33,159.48,100,159.51,300,159.4906,1000
31315,0.77,0.17,0.6,39.930000000000014,14:46:39,159.49,200,159.52,100,159.5002,150
31327,0.5800000000000001,0.07,0.51,48.140000000000015,14:46:48,159.49,200,159.52,100,159.5095,100
31364,0.62,0.24,0.38,21.03,14:47:21,159.51,300,159.54,400,159.5253,100
31401,0.43,0.12,0.31,48.829999999999984,14:47:48,159.51,200,159.54,400,159.5247,100
31692,0.6000000000000001,0.14,0.46,7.23,14:51:07,159.49,100,159.52,200,159.5051,110
31776,3.17,2.64,0.53,0.0,14:52:00,159.49,200,159.53,900,159.5115,238
31854,0.61,0.15,0.46,0.0,14:53:00,159.51,200,159.55,700,159.5252,100
31860,0.43,0.06,0.37,6.01,14:53:06,159.51,200,159.55,700,159.5285,100
31943,0.62,0.08,0.54,5.830000000000001,14:54:05,159.5,200,159.52,100,159.5087,115
31969,0.62,0.08,0.54,27.799999999999997,14:54:27,159.51,300,159.53,500,159.511,200
31987,0.6000000000000001,0.14,0.46,40.01,14:54:40,159.51,300,159.53,200,159.5226,300
32091,0.6599999999999999,0.09,0.57,23.620000000000005,14:56:23,159.52,300,159.53,300,159.5299,300
32097,0.81,0.18,0.63,27.8,14:56:27,159.53,200,159.54,100,159.5201,280
32131,0.62,0.17,0.45,6.24,14:57:06,159.53,300,159.55,400,159.5392,200
32183,0.43,0.14,0.29,38.820000000000014,14:57:38,159.55,400,159.57,200,159.5501,100
32216,2.0100000000000002,1.57,0.44,18.63,14:58:18,159.56,400,159.59,300,159.5892,103
32222,0.57,0.08,0.49,22.009999999999998,14:58:22,159.56,200,159.58,100,159.5612,167
32353,0.59,0.21,0.38,42.020000000000024,14:59:42,159.43,200,159.47,200,159.4502,250
32373,0.61,0.18,0.43,53.810000000000024,14:59:53,159.46,100,159.49,200,159.4726,100
32391,0.6,0.08,0.52,8.14,15:00:08,159.47,200,159.5,200,159.4872,100
32484,0.44,0.14,0.3,4.840000000000001,15:01:04,159.43,200,159.46,300,159.4402,600
32491,0.7799999999999999,0.08,0.7,16.43,15:01:16,159.43,200,159.46,300,159.4432,100
32517,0.6300000000000001,0.07,0.56,35.42,15:01:35,159.45,200,159.48,100,159.4575,100
32526,0.7699999999999999,0.08,0.69,41.800000000000004,15:01:41,159.45,200,159.48,100,159.4606,500
32636,0.77,0.12,0.65,0.0,15:03:00,159.46,100,159.49,300,159.487,125
32723,0.45,0.07,0.38,27.469999999999995,15:04:27,159.46,300,159.5,500,159.4938,300
32766,0.5900000000000001,0.25,0.34,55.31000000000001,15:04:55,159.48,200,159.51,700,159.5099,175
32817,0.8,0.24,0.56,22.77,15:05:22,159.48,300,159.5,200,159.4849,100
32905,0.82,0.25,0.57,42.42,15:06:42,159.48,200,159.49,300,159.4825,100
32929,2.59,1.93,0.66,8.01,15:07:08,159.48,300,159.49,400,159.4842,250
32930,1.2,0.62,0.58,9.209999999999999,15:07:09,159.48,300,159.49,400,159.4844,122
32932,2.2800000000000002,1.6,0.68,12.439999999999998,15:07:12,159.48,100,159.49,400,159.4805,100
32981,0.76,0.13,0.63,53.59000000000002,15:07:53,159.51,300,159.53,600,159.5298,302
33079,2.56,1.98,0.58,0.0,15:09:00,159.55,800,159.58,700,159.563,1800
33114,0.75,0.22,0.53,26.399999999999995,15:09:26,159.56,400,159.59,200,159.58700000000002,100
33156,0.62,0.17,0.45,52.45000000000001,15:09:52,159.59,400,159.61,200,159.6012,102
33175,1.77,1.25,0.52,11.99,15:10:11,159.59,600,159.61,100,159.6099,162
33194,0.59,0.15,0.44,29.980000000000004,15:10:29,159.57,200,159.6,200,159.5955,200
33215,0.61,0.13,0.48,42.41000000000001,15:10:42,159.57,200,159.6,400,159.5812,263
33263,0.43,0.07,0.36,0.0,15:11:00,159.54,500,159.57,400,159.55700000000002,300
33329,0.6,0.09,0.51,2.39,15:12:02,159.5,300,159.52,1000,159.5175,105
33371,0.7699999999999999,0.08,0.69,34.18,15:12:34,159.52,200,159.55,800,159.533,100
33390,0.5900000000000001,0.13,0.46,46.40000000000001,15:12:46,159.52,200,159.55,800,159.547,177
33424,2.9699999999999998,2.36,0.61,0.0,15:13:00,159.52,300,159.55,800,159.5351,100
33444,0.61,0.2,0.41,12.86,15:13:12,159.52,400,159.55,900,159.5497,100
33476,0.6,0.08,0.52,30.880000000000006,15:13:30,159.51,100,159.54,100,159.5338,130
33495,0.46,0.14,0.32,43.120000000000005,15:13:43,159.51,100,159.54,300,159.5262,1450
33571,0.6,0.18,0.42,43.99000000000001,15:14:43,159.5,100,159.53,300,159.5136,400
33674,0.57,0.08,0.49,45.73999999999999,15:15:45,159.5,700,159.53,200,159.524,1791
33689,0.43,0.07,0.36,0.0,15:16:00,159.51,400,159.53,400,159.5264,3000
33796,0.6000000000000001,0.14,0.46,0.0,15:17:00,159.51,200,159.53,400,159.5186,100
33869,3.5900000000000003,3.14,0.45,3.5900000000000003,15:18:03,159.53,400,159.54,300,159.5375,100
34004,0.44999999999999996,0.09,0.36,49.83000000000002,15:19:49,159.52,200,159.55,700,159.5447,100
34128,0.96,0.35,0.61,15.98,15:21:15,159.58,100,159.61,300,159.6035,225
34201,3.77,3.21,0.56,6.1899999999999995,15:22:06,159.58,600,159.61,600,159.61,100
34288,0.45999999999999996,0.17,0.29,7.46,15:23:07,159.64,100,159.66,200,159.66,100
34304,0.5599999999999999,0.08,0.48,17.819999999999997,15:23:17,159.64,100,159.66,300,159.6434,100
34308,0.43000000000000005,0.09,0.34,19.879999999999995,15:23:19,159.63,300,159.65,100,159.65,200
34318,0.59,0.17,0.42,25.849999999999994,15:23:25,159.63,100,159.65,300,159.6436,100
34352,0.47000000000000003,0.13,0.34,48.06,15:23:48,159.63,500,159.65,300,159.64,100
34367,0.6,0.08,0.52,1.98,15:24:01,159.64,500,159.67,600,159.67,1600
34381,3.75,3.17,0.58,18.57,15:24:18,159.64,600,159.67,600,159.6503,100
34392,0.43,0.07,0.36,25.800000000000004,15:24:25,159.64,600,159.67,600,159.6568,100
34398,0.6,0.12,0.48,29.370000000000005,15:24:29,159.64,600,159.67,700,159.6538,100
34423,0.7799999999999999,0.21,0.57,46.379999999999995,15:24:46,159.68,200,159.69,300,159.68,100
34445,0.6,0.23,0.37,0.0,15:25:00,159.65,200,159.66,200,159.6544,200
34452,0.82,0.24,0.58,4.41,15:25:04,159.65,200,159.66,200,159.6501,100
34501,0.6000000000000001,0.2,0.4,40.35,15:25:40,159.65,900,159.69,200,159.69,200
34534,0.6000000000000001,0.07,0.53,59.930000000000014,15:25:59,159.64,100,159.66,300,159.645,2000
34552,3.8000000000000003,3.24,0.56,15.759999999999998,15:26:15,159.63,200,159.66,300,159.63,100
34644,0.6100000000000001,0.07,0.54,18.37,15:27:18,159.65,200,159.68,500,159.665,100
34732,3.39,2.77,0.62,13.180000000000001,15:28:13,159.61,100,159.64,100,159.625,200
34756,0.6,0.08,0.52,27.96000000000001,15:28:27,159.62,100,159.65,200,159.635,100
34794,0.6000000000000001,0.07,0.53,51.96000000000003,15:28:51,159.62,600,159.66,300,159.6368,200
34825,0.78,0.16,0.62,3.7800000000000002,15:29:03,159.66,300,159.67,100,159.6642,100
34879,0.84,0.08,0.76,20.009999999999998,15:30:20,159.63,300,159.64,100,159.6343,100
34998,0.61,0.23,0.38,32.01000000000001,15:31:32,159.57,200,159.58,200,159.5702,249
35036,2.41,1.92,0.49,13.62,15:32:13,159.58,300,159.6,200,159.59799999999998,150
35133,0.6,0.08,0.52,21.400000000000002,15:33:21,159.62,19300,159.65,500,159.6325,100
35139,0.6100000000000001,0.07,0.54,25.419999999999998,15:33:25,159.62,19100,159.64,300,159.6273,1748
35177,0.58,0.08,0.5,49.57,15:33:49,159.62,15600,159.64,200,159.6252,1073
35209,3.01,2.55,0.46,7.75,15:34:07,159.65,200,159.67,200,159.6591,200
35245,0.6000000000000001,0.27,0.33,31.740000000000002,15:34:31,159.68,200,159.69,300,159.6882,150
35276,0.8,0.24,0.56,50.540000000000006,15:34:50,159.67,500,159.69,200,159.6757,130
35295,0.44,0.07,0.37,9.43,15:35:09,159.65,200,159.68,700,159.6636,445
35299,0.58,0.22,0.36,11.44,15:35:11,159.65,200,159.67,300,159.6662,100
35306,0.61,0.18,0.43,15.45,15:35:15,159.65,300,159.67,300,159.6614,190
35412,0.61,0.2,0.41,25.740000000000002,15:36:25,159.64,500,159.66,200,159.6516,200
35441,0.56,0.07,0.49,41.72,15:36:41,159.67,500,159.69,300,159.6793,1200
35448,0.44,0.07,0.37,45.57,15:36:45,159.67,500,159.69,300,159.6786,1000
35465,0.61,0.18,0.43,55.56,15:36:55,159.68,300,159.69,500,159.685,100
35504,0.6000000000000001,0.2,0.4,23.640000000000004,15:37:23,159.68,200,159.69,600,159.6835,100
35516,0.6300000000000001,0.07,0.56,32.24,15:37:32,159.68,300,159.69,500,159.6801,149
35534,0.61,0.2,0.41,44.09,15:37:44,159.7,200,159.72,200,159.71,100
35540,0.61,0.14,0.47,47.69000000000001,15:37:47,159.71,200,159.72,200,159.7166,300
35546,0.61,0.13,0.48,51.71000000000001,15:37:51,159.72,600,159.74,500,159.73,100
35560,0.6000000000000001,0.07,0.53,4.0,15:38:04,159.72,500,159.74,300,159.74,100
35568,3.61,3.03,0.58,14.559999999999999,15:38:14,159.72,600,159.74,100,159.7399,102
35580,0.5900000000000001,0.19,0.4,21.790000000000003,15:38:21,159.73,300,159.75,1800,159.75,100
35589,0.6200000000000001,0.07,0.55,27.970000000000002,15:38:27,159.75,100,159.77,700,159.76,100
35595,0.6100000000000001,0.27,0.34,31.560000000000002,15:38:31,159.76,500,159.78,100,159.77,100
35599,0.45,0.08,0.37,33.77000000000001,15:38:33,159.76,500,159.78,400,159.78,100
35643,0.62,0.21,0.41,0.0,15:39:00,159.76,600,159.77,400,159.765,270
35669,0.59,0.09,0.5,23.450000000000003,15:39:23,159.77,600,159.78,400,159.7746,100
35681,0.61,0.21,0.4,29.810000000000002,15:39:29,159.77,700,159.78,400,159.775,100
35688,0.61,0.19,0.42,33.620000000000005,15:39:33,159.77,800,159.78,400,159.7766,100
35737,0.64,0.23,0.41,5.2299999999999995,15:40:05,159.75,200,159.77,200,159.751,100
35783,0.8,0.27,0.53,39.370000000000005,15:40:39,159.77,500,159.78,300,159.7799,116
35826,0.57,0.08,0.49,0.0,15:41:00,159.72,100,159.74,1000,159.72,100
35830,0.5700000000000001,0.07,0.5,2.17,15:41:02,159.72,100,159.74,1000,159.7268,112
35873,0.79,0.17,0.62,28.389999999999997,15:41:28,159.74,500,159.76,200,159.7599,114
35900,0.78,0.07,0.71,0.0,15:42:00,159.74,800,159.75,600,159.745,100
35920,0.64,0.08,0.56,23.2,15:42:23,159.75,700,159.77,200,159.7699,102
35923,0.63,0.08,0.55,25.619999999999997,15:42:25,159.75,700,159.77,200,159.7528,500
35936,0.7799999999999999,0.21,0.57,35.339999999999996,15:42:35,159.76,500,159.77,300,159.7634,213
35956,0.62,0.08,0.54,49.589999999999996,15:42:49,159.74,200,159.76,200,159.7513,200
36058,0.5900000000000001,0.14,0.45,56.2,15:43:56,159.77,800,159.78,100,159.7731,175
36098,2.0,1.42,0.58,26.570000000000004,15:44:26,159.77,1100,159.79,200,159.7899,115
36133,0.64,0.08,0.56,48.200000000000024,15:44:48,159.71,200,159.73,300,159.7212,100
36139,0.63,0.26,0.37,52.190000000000026,15:44:52,159.72,100,159.73,300,159.7299,124
36166,0.6,0.23,0.37,2.4000000000000004,15:45:02,159.69,100,159.71,300,159.7,100
36198,0.45,0.11,0.34,26.009999999999998,15:45:26,159.69,600,159.7,600,159.6999,175
36229,0.6,0.18,0.42,44.20000000000001,15:45:44,159.67,100,159.69,600,159.675,100
36260,0.59,0.12,0.47,13.599999999999998,15:46:13,159.67,300,159.69,600,159.6899,145
36274,0.76,0.2,0.56,23.609999999999992,15:46:23,159.68,200,159.69,100,159.6884,170
36297,0.63,0.08,0.55,39.45,15:46:39,159.7,600,159.72,300,159.7103,250
36322,0.62,0.08,0.54,57.59000000000001,15:46:57,159.71,100,159.72,400,159.715,100
36335,0.6,0.08,0.52,5.829999999999999,15:47:05,159.69,700,159.71,300,159.7066,100
36339,0.6100000000000001,0.07,0.54,10.04,15:47:10,159.69,700,159.71,200,159.6939,1000
36346,0.44,0.07,0.37,16.450000000000003,15:47:16,159.7,100,159.71,300,159.705,300
36358,0.58,0.08,0.5,23.42,15:47:23,159.69,400,159.71,500,159.707,213
36412,0.59,0.23,0.36,55.650000000000055,15:47:55,159.7,600,159.72,600,159.7199,114
36556,0.43,0.08,0.35,43.63000000000002,15:49:43,159.7,900,159.71,300,159.709,190
36560,0.44,0.08,0.36,45.640000000000015,15:49:45,159.7,900,159.71,300,159.7013,1000
36577,0.61,0.23,0.38,55.57000000000001,15:49:55,159.7,1300,159.72,200,159.7019,800
36588,0.5900000000000001,0.13,0.46,2.1900000000000004,15:50:02,159.73,300,159.79,300,159.736,200
36596,1.01,0.23,0.78,8.75,15:50:08,159.76,600,159.78,700,159.7725,565
36643,0.8,0.07,0.73,47.000000000000014,15:50:47,159.71,400,159.73,100,159.735,150
36684,0.6300000000000001,0.07,0.56,22.41999999999999,15:51:22,159.75,200,159.77,300,159.7501,1500
36689,0.81,0.07,0.74,26.38999999999999,15:51:26,159.74,100,159.77,400,159.755,100
36692,0.77,0.18,0.59,28.79999999999999,15:51:28,159.74,100,159.77,400,159.7679,200
36716,0.95,0.07,0.88,46.769999999999996,15:51:46,159.79,100,159.8,200,159.8,100
36718,0.8200000000000001,0.28,0.54,48.38999999999999,15:51:48,159.78,400,159.8,200,159.79,100
36721,0.76,0.07,0.69,50.57999999999999,15:51:50,159.78,500,159.8,200,159.7986,100
36734,0.8300000000000001,0.07,0.76,0.0,15:52:00,159.78,300,159.81,300,159.81,100
36745,2.4299999999999997,1.9,0.53,14.559999999999999,15:52:14,159.79,300,159.82,300,159.82,100
36750,0.79,0.07,0.72,19.58,15:52:19,159.8,200,159.83,100,159.8299,118
36756,0.85,0.22,0.63,24.189999999999998,15:52:24,159.8,100,159.82,100,159.80200000000002,400
36767,0.83,0.08,0.75,32.23,15:52:32,159.8,500,159.83,200,159.825,100
36772,0.6399999999999999,0.07,0.57,36.02,15:52:36,159.8,500,159.83,300,159.83,100
36775,0.45,0.07,0.38,37.81000000000001,15:52:37,159.81,100,159.83,500,159.8213,100
36778,0.6,0.09,0.51,39.610000000000014,15:52:39,159.81,400,159.82,200,159.815,100
36799,0.78,0.23,0.55,53.57000000000003,15:52:53,159.79,200,159.82,200,159.8109,500
36817,0.6000000000000001,0.07,0.53,5.620000000000001,15:53:05,159.82,100,159.84,400,159.84,100
36827,0.8,0.07,0.73,18.06,15:53:18,159.83,500,159.86,400,159.85,100
36828,3.3499999999999996,2.65,0.7,21.409999999999997,15:53:21,159.85,300,159.87,200,159.86,100
36834,0.7899999999999999,0.21,0.58,25.829999999999995,15:53:25,159.85,500,159.87,100,159.87,200
36844,0.6399999999999999,0.07,0.57,32.06,15:53:32,159.85,600,159.87,200,159.8699,103
36847,0.6399999999999999,0.07,0.57,34.260000000000005,15:53:34,159.85,1200,159.87,200,159.8686,100
36862,0.76,0.13,0.63,45.79999999999999,15:53:45,159.85,700,159.86,500,159.8501,100
36865,0.74,0.07,0.67,47.97999999999999,15:53:47,159.85,700,159.86,500,159.8554,200
36871,0.64,0.17,0.47,52.01999999999999,15:53:52,159.85,300,159.86,700,159.855,100
36874,0.45,0.07,0.38,53.82999999999999,15:53:53,159.85,200,159.86,600,159.845,500
36939,0.79,0.15,0.64,36.820000000000014,15:54:36,159.84,500,159.87,200,159.8692,700
36961,0.78,0.2,0.58,52.65000000000001,15:54:52,159.86,200,159.88,500,159.88,100
36980,0.7899999999999999,0.22,0.57,4.99,15:55:04,159.88,200,159.9,1500,159.9,100
36985,0.5900000000000001,0.14,0.45,10.79,15:55:10,159.86,200,159.88,200,159.89,100
36997,0.78,0.17,0.61,23.13,15:55:23,159.88,800,159.89,100,159.885,400
37017,0.6,0.08,0.52,36.74999999999999,15:55:36,159.86,600,159.88,700,159.861,200
37023,0.76,0.09,0.67,40.90999999999999,15:55:40,159.86,800,159.88,500,159.8611,300
37058,0.6,0.22,0.38,2.83,15:56:02,159.89,1200,159.9,700,159.895,100
37062,0.63,0.24,0.39,8.450000000000001,15:56:08,159.89,1000,159.91,300,159.9092,500
37063,0.5800000000000001,0.2,0.38,9.030000000000001,15:56:09,159.89,1000,159.91,400,159.91,100
37066,0.5700000000000001,0.23,0.34,10.620000000000001,15:56:10,159.89,1500,159.91,500,159.8984,100
37098,0.55,0.2,0.35,31.030000000000005,15:56:31,159.89,2200,159.91,700,159.9014,100
37103,0.78,0.37,0.41,35.05000000000001,15:56:35,159.91,400,159.93,500,159.92,100
37132,0.6000000000000001,0.07,0.53,52.870000000000026,15:56:52,159.91,1700,159.93,1100,159.93,100
37157,1.01,0.37,0.64,19.830000000000002,15:57:19,159.92,600,159.94,700,159.9346,200
37158,0.75,0.12,0.63,20.580000000000002,15:57:20,159.93,100,159.95,100,159.95,100
37160,0.8,0.12,0.68,22.200000000000003,15:57:22,159.93,200,159.95,100,159.94,100
37170,0.8600000000000001,0.18,0.68,30.630000000000006,15:57:30,159.91,200,159.92,100,159.915,100
37176,0.75,0.29,0.46,1.9700000000000002,15:59:01,159.91,900,159.93,1500,159.9299,101
37189,0.63,0.14,0.49,12.410000000000002,15:59:12,159.89,500,159.91,500,159.9099,101
37192,1.8399999999999999,1.27,0.57,15.580000000000002,15:59:15,159.89,500,159.91,900,159.8988,100
37193,0.6100000000000001,0.07,0.54,16.19,15:59:16,159.87,1100,159.89,600,159.889,600
37210,0.6200000000000001,0.07,0.55,28.180000000000003,15:59:28,159.87,100,159.89,2500,159.8799,109
37234,0.62,0.17,0.45,44.59,15:59:44,159.85,800,159.86,300,159.8573,300
