,Total Delay,Request Delay,Saving Delay,Arrival Time,Time,Bid,Bid Size,Ask,Ask Size,Last Price,Last Size
0,0.6499999999999999,0.3,0.35,0.6499999999999999,09:30:00,33.43,600,33.44,1400,33.44,100
6,0.28,0.08,0.2,2.6000000000000005,09:30:02,33.42,500,33.43,2100,33.425,200
12,0.35,0.16,0.19,4.76,09:30:04,33.4,300,33.41,1000,33.405,100
16,0.32,0.08,0.24,6.53,09:30:06,33.39,200,33.4,1400,33.4,100
22,0.3,0.08,0.22,8.47,09:30:08,33.39,700,33.4,1200,33.395,100
28,0.5800000000000001,0.27,0.31,10.940000000000001,09:30:10,33.37,400,33.38,900,33.37,100
32,0.43,0.21,0.22,12.59,09:30:12,33.39,200,33.4,1200,33.391,101
37,0.44,0.21,0.23,14.589999999999998,09:30:14,33.38,600,33.39,1400,33.385,300
51,0.4,0.18,0.22,1.98,09:31:01,33.36,300,33.37,800,33.355,100
56,0.30000000000000004,0.07,0.23,4.9799999999999995,09:31:04,33.36,400,33.37,800,33.36,100
59,0.33,0.1,0.23,6.17,09:31:06,33.36,200,33.37,1600,33.3601,100
65,0.31,0.07,0.24,9.980000000000002,09:31:09,33.36,900,33.37,400,33.365,100
80,1.4100000000000001,1.07,0.34,21.630000000000003,09:31:21,33.37,1100,33.38,200,33.38,100
81,0.43000000000000005,0.17,0.26,22.060000000000002,09:31:22,33.37,600,33.38,700,33.373000000000005,500
94,0.27,0.07,0.2,26.170000000000005,09:31:26,33.39,700,33.4,700,33.39,100
105,0.41000000000000003,0.23,0.18,30.350000000000005,09:31:30,33.41,200,33.42,500,33.415,100
110,0.5,0.28,0.22,32.230000000000004,09:31:32,33.41,700,33.42,400,33.41,100
144,0.46,0.18,0.28,44.46000000000002,09:31:44,33.42,1000,33.43,200,33.42,100
156,0.48,0.21,0.27,50.20000000000002,09:31:50,33.42,800,33.43,400,33.4257,125
209,1.96,1.75,0.21,18.8,09:32:18,33.41,800,33.42,1000,33.4198,177
270,0.36,0.2,0.16,38.53999999999998,09:32:38,33.37,200,33.38,1400,33.375,400
283,0.25,0.09,0.16,42.359999999999985,09:32:42,33.36,300,33.37,1100,33.3699,992
499,0.38,0.19,0.19,4.080000000000001,09:34:04,33.36,1200,33.37,2000,33.3643,151
531,0.51,0.17,0.34,26.139999999999993,09:34:26,33.34,800,33.35,2300,33.34,100
535,0.39,0.08,0.31,27.909999999999997,09:34:27,33.34,2100,33.35,400,33.345,100
539,0.42,0.18,0.24,29.449999999999996,09:34:29,33.34,2300,33.35,300,33.35,200
571,0.32,0.07,0.25,41.95999999999999,09:34:41,33.35,300,33.36,1400,33.3573,884
623,1.67,1.41,0.26,11.46,09:35:11,33.33,1600,33.34,1300,33.335,100
1137,0.31,0.08,0.23,6.22,09:39:06,33.36,3400,33.37,1100,33.3664,1000
1149,0.26,0.07,0.19,12.63,09:39:12,33.33,800,33.34,1800,33.33,1544
1266,0.52,0.28,0.24,2.3200000000000003,09:40:02,33.32,2600,33.33,1600,33.3265,300
1319,0.49,0.28,0.21,30.119999999999997,09:40:30,33.32,2100,33.33,1000,33.325,1100
1362,0.4,0.2,0.2,45.89999999999998,09:40:45,33.33,1200,33.34,1000,33.3301,1023
1457,0.28,0.07,0.21,28.259999999999998,09:41:28,33.38,1400,33.39,900,33.381,1000
1469,0.56,0.23,0.33,32.2,09:41:32,33.37,2000,33.38,600,33.379,900
1736,0.6000000000000001,0.27,0.33,34.43000000000001,09:43:34,33.38,1200,33.39,500,33.3801,129
1788,0.29000000000000004,0.07,0.22,54.05000000000001,09:43:54,33.39,1700,33.4,400,33.3969,200
1804,0.33999999999999997,0.15,0.19,0.0,09:44:00,33.39,1200,33.4,1500,33.3949,100
1868,0.33999999999999997,0.12,0.22,30.06,09:44:30,33.41,2300,33.42,2300,33.4163,500
1886,0.35,0.17,0.18,37.89999999999999,09:44:37,33.41,1800,33.42,1200,33.4167,303
1904,0.4,0.2,0.2,44.07,09:44:44,33.41,1800,33.42,1700,33.4101,115
2087,0.56,0.27,0.29,1.9100000000000001,09:46:01,33.4,900,33.41,2500,33.4125,100
2112,2.15,1.73,0.42,14.58,09:46:14,33.42,3100,33.43,900,33.4233,400
2115,0.34,0.08,0.26,15.86,09:46:15,33.43,2200,33.44,3400,33.43,100
2228,0.44,0.23,0.21,0.0,09:47:00,33.43,1600,33.44,2000,33.434,500
2255,0.26,0.08,0.18,9.62,09:47:09,33.43,1600,33.44,2100,33.435,100
2263,1.56,1.22,0.34,18.529999999999994,09:47:18,33.43,1500,33.44,3300,33.4344,700
2273,0.37,0.2,0.17,21.459999999999994,09:47:21,33.43,1600,33.44,2900,33.4364,544
2289,0.31,0.08,0.23,27.549999999999994,09:47:27,33.43,1700,33.44,2900,33.4301,400
2363,0.47,0.17,0.3,56.09999999999997,09:47:56,33.41,2100,33.42,1600,33.4144,537
2429,0.25,0.07,0.18,25.839999999999996,09:48:25,33.44,1400,33.45,3900,33.45,100
2436,0.25,0.08,0.17,27.939999999999994,09:48:27,33.44,1300,33.45,3800,33.445,198
2474,0.5900000000000001,0.25,0.34,42.129999999999995,09:48:42,33.44,1500,33.45,4600,33.4452,100
2485,0.34,0.07,0.27,45.93,09:48:45,33.44,1500,33.45,4700,33.4401,700
2496,0.41000000000000003,0.21,0.2,49.73,09:48:49,33.44,1500,33.45,5200,33.4499,108
2543,2.41,1.99,0.42,11.760000000000002,09:49:11,33.44,1000,33.45,3100,33.4434,100
2573,0.37,0.07,0.3,30.040000000000003,09:49:30,33.43,900,33.44,2200,33.437,2000
2627,0.30000000000000004,0.07,0.23,51.53000000000001,09:49:51,33.42,700,33.43,2400,33.4264,1600
2682,0.49,0.22,0.27,15.87,09:50:15,33.42,1100,33.43,3100,33.4275,425
2737,0.42,0.24,0.18,40.0,09:50:40,33.4,1300,33.41,3300,33.4001,650
2748,0.25,0.07,0.18,43.78000000000001,09:50:43,33.4,1300,33.41,3300,33.4056,100
2804,0.38,0.16,0.22,16.029999999999998,09:51:16,33.4,1800,33.41,3800,33.4025,100
2870,0.29000000000000004,0.07,0.22,41.98999999999999,09:51:41,33.42,2400,33.43,3200,33.421,100
2939,2.09,1.8,0.29,10.97,09:52:10,33.43,1700,33.44,2200,33.4341,1600
2998,0.28,0.09,0.19,34.19,09:52:34,33.43,2300,33.44,2100,33.4346,200
3024,0.32,0.12,0.2,44.09,09:52:44,33.43,2400,33.44,2800,33.439,225
3042,0.57,0.21,0.36,50.410000000000004,09:52:50,33.43,2100,33.44,2800,33.4337,500
3146,0.36,0.18,0.18,31.550000000000004,09:53:31,33.4,2000,33.41,2500,33.4005,765
3237,2.25,2.07,0.18,5.18,09:54:05,33.39,1900,33.4,2900,33.3942,2975
3330,0.25,0.08,0.17,45.94000000000001,09:54:45,33.38,1400,33.39,2200,33.3835,156
3464,0.28,0.07,0.21,42.15,09:55:42,33.38,1600,33.39,2800,33.3812,5268
3586,0.36,0.09,0.27,38.03999999999999,09:56:38,33.39,2200,33.4,1300,33.3996,4000
3616,0.4,0.22,0.18,47.97,09:56:47,33.39,2900,33.4,1200,33.3945,250
3634,0.4,0.21,0.19,54.139999999999986,09:56:54,33.39,2400,33.4,1200,33.3943,450
3679,3.34,3.09,0.25,20.67,09:57:20,33.39,2700,33.4,1900,33.3974,1230
3724,0.56,0.27,0.29,36.07000000000001,09:57:36,33.37,1900,33.38,3100,33.3743,191
3735,0.42000000000000004,0.23,0.19,40.230000000000004,09:57:40,33.37,1200,33.38,3100,33.3701,400
3814,2.37,2.09,0.28,4.92,09:58:04,33.36,3300,33.37,2100,33.3641,1500
3864,0.28,0.07,0.21,28.810000000000013,09:58:28,33.36,3300,33.37,2300,33.3633,692
3959,1.3099999999999998,1.14,0.17,13.06,09:59:13,33.34,2500,33.35,2600,33.3463,600
4155,0.48,0.17,0.31,36.56,10:00:36,33.37,2500,33.38,2700,33.3737,500
4221,2.69,2.36,0.33,7.699999999999999,10:01:07,33.38,2000,33.39,1400,33.3832,564
4235,0.26,0.07,0.19,16.76,10:01:16,33.38,2900,33.39,1400,33.3842,1271
4317,0.26,0.08,0.18,43.91000000000003,10:01:43,33.38,2400,33.39,3300,33.389,300
4376,0.26,0.07,0.19,13.91,10:02:13,33.37,1300,33.38,2300,33.3735,292
4478,0.34,0.08,0.26,54.06000000000003,10:02:54,33.38,1100,33.39,2300,33.3846,300
4505,0.26,0.07,0.19,1.8600000000000003,10:03:01,33.38,1600,33.39,2300,33.3854,299
4529,0.26,0.08,0.18,11.85,10:03:11,33.38,1500,33.39,2300,33.3839,190
4663,0.42,0.18,0.24,2.02,10:04:02,33.41,3500,33.42,600,33.4156,1000
4748,0.44,0.21,0.23,44.21999999999999,10:04:44,33.42,2400,33.43,800,33.4246,668
4774,0.53,0.2,0.33,54.44999999999999,10:04:54,33.42,2400,33.43,800,33.427,600
4819,2.35,1.95,0.4,18.420000000000005,10:05:18,33.43,2200,33.44,800,33.4361,107
4862,0.39,0.21,0.18,35.669999999999995,10:05:35,33.45,1100,33.46,700,33.46,100
4869,0.26,0.08,0.18,37.82999999999999,10:05:37,33.45,1800,33.46,1400,33.455,100
4952,2.39,2.14,0.25,16.930000000000003,10:06:16,33.46,1500,33.47,1400,33.465,100
4956,0.25,0.08,0.17,20.050000000000004,10:06:20,33.45,4100,33.46,1700,33.459,100
4987,0.26,0.07,0.19,29.71999999999999,10:06:29,33.45,3900,33.46,1900,33.4516,150
5187,0.31,0.12,0.19,42.80000000000002,10:07:42,33.44,2300,33.45,3500,33.4475,100
5245,3.9699999999999998,3.65,0.32,11.75,10:08:11,33.44,2600,33.45,3500,33.443000000000005,500
5462,168.17,168.0,0.17,0.0,10:12:00,33.47,2000,33.48,4200,33.48,100
5463,0.26,0.1,0.16,0.26,10:12:00,33.47,2000,33.48,4200,33.475,100
5471,0.38,0.21,0.17,2.5,10:12:02,33.47,2000,33.48,4600,33.4718,500
5484,0.23,0.07,0.16,6.210000000000001,10:12:06,33.47,800,33.48,5800,33.47,100
5523,0.45,0.22,0.23,20.400000000000006,10:12:20,33.47,1800,33.48,3600,33.4789,100
5561,1.9400000000000002,1.6,0.34,10.979999999999999,10:13:10,33.47,1900,33.48,2700,33.4799,121
5696,0.24000000000000002,0.07,0.17,1.86,10:14:01,33.46,1200,33.47,3900,33.4656,103
5709,0.34,0.17,0.17,6.19,10:14:06,33.46,1700,33.47,3500,33.467,789
5779,0.38,0.21,0.17,40.00000000000001,10:14:40,33.46,1900,33.47,4200,33.461,149
5863,1.73,1.47,0.26,12.74,10:15:12,33.48,3000,33.49,7200,33.49,100
5865,3.1599999999999997,2.82,0.34,16.54,10:15:16,33.48,3400,33.49,7200,33.485,100
5883,0.45,0.22,0.23,25.759999999999994,10:15:25,33.48,3400,33.49,7400,33.4867,100
5890,0.29,0.08,0.21,27.899999999999995,10:15:27,33.48,3400,33.49,7400,33.4899,229
6027,0.27,0.09,0.18,19.08,10:16:19,33.47,2600,33.48,2000,33.4701,534
6031,0.27,0.08,0.19,21.91,10:16:21,33.47,2600,33.48,2000,33.4735,300
6265,0.44999999999999996,0.09,0.36,25.85999999999999,10:17:25,33.46,2100,33.47,4800,33.4658,300
6302,0.5800000000000001,0.24,0.34,21.839999999999996,10:18:21,33.46,2500,33.47,2500,33.4618,600
6368,0.31,0.07,0.24,18.55999999999999,10:19:18,33.47,3700,33.48,2000,33.4766,300
6379,0.42000000000000004,0.19,0.23,22.569999999999993,10:19:22,33.47,4600,33.48,1200,33.4749,100
6448,0.30000000000000004,0.07,0.23,12.740000000000002,10:20:12,33.48,3400,33.49,3700,33.4858,1500
6459,0.4,0.21,0.19,17.759999999999998,10:20:17,33.49,3300,33.5,15900,33.495,100
6536,34.309999999999995,34.08,0.23,0.0,10:21:00,33.48,3200,33.49,3400,33.4844,210
6551,0.47000000000000003,0.08,0.39,5.989999999999998,10:21:05,33.48,3800,33.49,3300,33.489000000000004,100
6559,0.6000000000000001,0.07,0.53,10.14,10:21:10,33.49,5100,33.5,15700,33.5,200
6635,0.5,0.18,0.32,15.61,10:22:15,33.49,4200,33.5,6900,33.497,127
6637,2.21,1.94,0.27,19.19,10:22:19,33.49,4200,33.5,6900,33.4999,1454
6651,0.45,0.18,0.27,25.580000000000005,10:22:25,33.49,4200,33.5,6900,33.4901,375
6667,0.67,0.28,0.39,33.78,10:22:33,33.49,4200,33.5,7000,33.4946,391
6684,0.38,0.08,0.3,43.41000000000001,10:22:43,33.49,2800,33.5,7200,33.4965,144
6789,0.66,0.22,0.44,20.58,10:23:20,33.49,3800,33.5,7800,33.4958,300
7025,0.35000000000000003,0.07,0.28,35.61999999999999,10:25:35,33.49,3100,33.5,11100,33.4936,250
7067,0.32,0.07,0.25,54.10999999999996,10:25:54,33.51,2700,33.52,8100,33.51,100
7071,0.41000000000000003,0.2,0.21,55.81999999999995,10:25:55,33.51,4100,33.52,7700,33.52,100
7075,0.51,0.27,0.24,0.0,10:26:00,33.52,4400,33.53,2100,33.525,200
7080,0.33,0.07,0.26,2.1,10:26:02,33.52,4000,33.53,4400,33.53,100
7108,0.39,0.11,0.28,22.15,10:26:22,33.53,3900,33.54,7100,33.54,100
7162,0.44,0.08,0.36,46.03999999999999,10:26:46,33.53,4700,33.54,6400,33.535,100
7422,0.42000000000000004,0.2,0.22,4.04,10:29:04,33.53,4400,33.54,5400,33.5383,321
7505,0.27,0.07,0.2,37.89000000000001,10:29:37,33.52,3000,33.53,5900,33.5201,208
7649,0.37,0.14,0.23,37.459999999999994,10:30:37,33.53,4500,33.54,3200,33.5358,131
7665,0.45,0.18,0.27,43.519999999999996,10:30:43,33.53,4700,33.54,3000,33.5385,254
7680,0.49,0.19,0.3,49.61,10:30:49,33.53,4700,33.54,3100,33.5351,113
7840,0.30000000000000004,0.07,0.23,14.610000000000007,10:33:14,33.52,3000,33.53,3300,33.5235,285
7952,0.41000000000000003,0.21,0.2,6.200000000000001,10:34:06,33.52,3300,33.53,3900,33.5238,400
7964,0.38,0.12,0.26,16.23,10:34:16,33.52,3400,33.53,3800,33.529,890
7967,0.41000000000000003,0.15,0.26,17.259999999999998,10:34:17,33.52,3400,33.53,3800,33.5234,246
7973,0.3,0.08,0.22,20.159999999999997,10:34:20,33.52,3500,33.53,3800,33.521,100
8013,0.75,0.27,0.48,36.63,10:34:36,33.52,3500,33.53,3700,33.5266,307
8031,0.47,0.18,0.29,44.08,10:34:44,33.52,3500,33.53,3800,33.5242,217
8067,0.6000000000000001,0.07,0.53,0.0,10:35:00,33.52,3800,33.53,3100,33.5258,596
8108,0.62,0.18,0.44,28.04,10:35:28,33.5,6600,33.51,5900,33.5001,250
8114,0.47000000000000003,0.08,0.39,31.669999999999998,10:35:31,33.5,6800,33.51,6400,33.5047,300
8124,0.98,0.22,0.76,38.89,10:35:38,33.5,6800,33.51,6200,33.5066,228
8126,0.7899999999999999,0.09,0.7,40.3,10:35:40,33.5,6800,33.51,6300,33.5027,623
8132,1.57,0.07,1.5,46.82999999999999,10:35:46,33.5,6800,33.51,5900,33.505,100
8136,2.6,0.38,2.22,54.83999999999999,10:35:54,33.5,6700,33.51,6800,33.5036,165
8142,0.6,0.08,0.52,59.87999999999999,10:35:59,33.5,6800,33.51,7800,33.501,110
8164,0.43,0.13,0.3,14.209999999999999,10:36:14,33.51,2400,33.52,8000,33.515,100
8171,0.59,0.08,0.51,18.2,10:36:18,33.51,2200,33.52,8000,33.5101,116
8174,0.76,0.17,0.59,20.19,10:36:20,33.51,2500,33.52,8000,33.5135,122
8177,0.8300000000000001,0.19,0.64,22.410000000000004,10:36:22,33.51,2500,33.52,8000,33.513000000000005,200
8180,0.63,0.08,0.55,24.420000000000005,10:36:24,33.51,2500,33.52,8000,33.519,300
8193,0.62,0.18,0.44,32.260000000000005,10:36:32,33.51,2300,33.52,8000,33.5196,450
8218,0.63,0.23,0.4,48.30999999999999,10:36:48,33.51,2400,33.52,8100,33.5164,200
8233,0.8,0.31,0.49,0.0,10:37:00,33.51,2200,33.52,6500,33.516999999999996,223
8244,0.6000000000000001,0.2,0.4,7.35,10:37:07,33.51,2200,33.52,7400,33.5156,130
8259,0.5900000000000001,0.07,0.52,19.320000000000004,10:37:19,33.5,7500,33.51,4100,33.5099,1138
8340,2.96,2.43,0.53,9.57,10:38:09,33.5,6800,33.51,6400,33.5034,150
8353,0.6000000000000001,0.07,0.53,20.000000000000004,10:38:20,33.5,6800,33.51,6600,33.5017,300
8377,0.61,0.17,0.44,34.410000000000004,10:38:34,33.5,6400,33.51,5000,33.5035,750
8391,0.43,0.07,0.36,41.82,10:38:41,33.5,6400,33.51,7600,33.5049,100
8411,0.8500000000000001,0.18,0.67,0.0,10:39:00,33.5,6900,33.51,6400,33.5087,600
8446,0.95,0.22,0.73,31.889999999999997,10:39:31,33.5,6100,33.51,6400,33.5065,120
8503,0.63,0.12,0.51,13.36,10:40:13,33.49,2600,33.5,3900,33.4944,1145
8529,0.6,0.17,0.43,31.330000000000013,10:40:31,33.48,3900,33.49,2400,33.4893,470
8538,0.59,0.21,0.38,37.300000000000026,10:40:37,33.48,3800,33.49,2400,33.4807,100
8548,0.5800000000000001,0.07,0.51,43.66000000000003,10:40:43,33.48,3400,33.49,2300,33.4825,100
8582,3.0200000000000005,2.49,0.53,14.43,10:41:14,33.49,3800,33.5,4400,33.499,100
8586,2.21,1.61,0.6,18.62,10:41:18,33.49,3700,33.5,4300,33.4957,200
8591,0.61,0.18,0.43,21.830000000000002,10:41:21,33.49,3700,33.5,4000,33.4955,300
8605,0.66,0.2,0.46,30.24,10:41:30,33.48,3800,33.49,2600,33.4853,100
8608,0.64,0.19,0.45,32.019999999999996,10:41:32,33.48,3700,33.49,3000,33.4856,294
8635,0.5900000000000001,0.14,0.45,47.61,10:41:47,33.48,5600,33.49,3200,33.4829,200
8705,0.61,0.29,0.32,33.720000000000006,10:42:33,33.5,2500,33.51,8700,33.509,269
8722,0.5700000000000001,0.07,0.5,43.48000000000001,10:42:43,33.5,2600,33.51,8700,33.5014,200
8746,0.75,0.07,0.68,57.84000000000002,10:42:57,33.5,2000,33.51,8800,33.507,450
8809,0.6,0.17,0.43,44.02000000000001,10:43:44,33.5,2800,33.51,5600,33.5056,257
8888,0.6000000000000001,0.07,0.53,26.419999999999998,10:44:26,33.5,3400,33.51,3900,33.5054,149
8905,0.63,0.27,0.36,35.980000000000004,10:44:35,33.5,3800,33.51,4000,33.5029,1000
8941,0.5700000000000001,0.07,0.5,8.16,10:45:08,33.5,3600,33.51,4300,33.5053,700
8949,0.43,0.13,0.3,16.38,10:45:16,33.51,3300,33.52,3500,33.5168,350
8962,0.5900000000000001,0.07,0.52,24.209999999999997,10:45:24,33.51,3500,33.52,4500,33.5133,343
9074,0.79,0.4,0.39,35.629999999999995,10:46:35,33.51,2500,33.52,2100,33.5153,512
9129,0.43000000000000005,0.1,0.33,24.24,10:47:24,33.5,5200,33.51,1800,33.5002,500
9163,0.64,0.18,0.46,44.22999999999998,10:47:44,33.5,4300,33.51,2600,33.5068,285
9268,0.5700000000000001,0.07,0.5,39.18999999999998,10:48:39,33.5,4100,33.51,3500,33.5042,300
9322,0.56,0.19,0.37,23.950000000000003,10:49:23,33.5,4800,33.51,3800,33.5085,421
9376,0.61,0.09,0.52,6.22,10:50:06,33.48,3500,33.49,5400,33.4925,1500
9430,0.5800000000000001,0.26,0.32,43.750000000000014,10:50:43,33.46,2100,33.47,4400,33.4693,234
9445,0.5700000000000001,0.2,0.37,51.940000000000005,10:50:51,33.46,2700,33.47,4300,33.4647,103
9473,2.8099999999999996,2.34,0.47,13.399999999999999,10:51:13,33.45,4400,33.46,3900,33.4565,475
9485,0.8300000000000001,0.19,0.64,22.58,10:51:22,33.45,4000,33.46,4300,33.4573,153
9523,0.58,0.09,0.49,46.10000000000002,10:51:46,33.46,4100,33.47,3500,33.4601,1044
9554,3.45,2.83,0.62,15.0,10:52:15,33.45,4200,33.46,2300,33.4585,1000
9593,0.59,0.16,0.43,41.990000000000016,10:52:41,33.46,4000,33.47,3300,33.4699,135
9679,0.5700000000000001,0.07,0.5,38.199999999999996,10:53:38,33.47,4500,33.48,2300,33.4767,300
9686,0.62,0.29,0.33,42.03999999999999,10:53:42,33.47,4500,33.48,2300,33.479,1000
9789,0.6300000000000001,0.07,0.56,22.270000000000003,10:56:22,33.47,3500,33.48,4700,33.4746,127
9850,0.61,0.21,0.4,31.97000000000001,10:57:31,33.47,4600,33.48,3900,33.4756,625
9913,0.62,0.18,0.44,7.78,10:58:07,33.47,4900,33.48,4500,33.473,400
9959,0.5800000000000001,0.07,0.51,37.55000000000001,10:58:37,33.47,5600,33.48,6000,33.4763,600
10007,2.17,1.58,0.59,11.190000000000001,10:59:11,33.47,4800,33.48,7000,33.4774,800
10018,2.77,2.34,0.43,19.8,10:59:19,33.47,4800,33.48,6700,33.4785,500
10183,0.43999999999999995,0.09,0.35,10.979999999999999,11:01:10,33.47,6900,33.48,7700,33.4758,120
10186,4.41,3.86,0.55,20.36,11:01:20,33.47,6500,33.48,7800,33.4793,117
10228,0.61,0.2,0.41,43.379999999999995,11:01:43,33.47,7100,33.48,7800,33.4773,1000
10250,0.44,0.08,0.36,55.599999999999994,11:01:55,33.47,6000,33.48,8000,33.4725,1720
10256,135.06,134.46,0.6,0.0,11:04:00,33.47,6800,33.48,9000,33.4765,573
10392,0.62,0.21,0.41,47.62000000000001,11:05:47,33.47,4700,33.48,9500,33.4751,150
10517,0.6000000000000001,0.27,0.33,3.97,11:07:03,33.47,5800,33.48,8800,33.4708,225
10522,0.43,0.07,0.36,10.379999999999999,11:07:10,33.47,6500,33.48,8700,33.471,1354
10564,0.62,0.17,0.45,38.01,11:07:38,33.47,6900,33.48,8900,33.4733,191
10706,0.44,0.08,0.36,15.84,11:09:15,33.47,5700,33.48,8700,33.4772,474
10756,0.63,0.21,0.42,44.000000000000014,11:09:44,33.47,5700,33.48,8500,33.4744,333
10796,0.43,0.07,0.36,7.04,11:10:07,33.47,5800,33.48,8900,33.4755,315
10992,0.42,0.07,0.35,26.009999999999998,11:12:26,33.47,6200,33.48,7800,33.4738,906
11011,0.61,0.24,0.37,38.220000000000006,11:12:38,33.47,6200,33.48,7900,33.4757,200
11149,1.15,0.65,0.5,20.39,11:14:20,33.47,5900,33.48,10000,33.4734,108
11179,0.5700000000000001,0.24,0.33,37.79999999999999,11:14:37,33.46,8000,33.47,7600,33.4625,12040
11201,108.41,107.97,0.44,0.0,11:16:00,33.45,7100,33.46,9200,33.4566,100
11248,2.77,2.15,0.62,12.959999999999999,11:17:12,33.45,6300,33.46,10600,33.4501,157
11308,0.43,0.08,0.35,49.58000000000002,11:17:49,33.43,6700,33.44,6100,33.4367,300
11340,2.6199999999999997,2.32,0.3,10.790000000000001,11:18:10,33.43,6600,33.44,6000,33.4366,408
11426,0.62,0.08,0.54,9.839999999999998,11:19:09,33.44,5800,33.45,6000,33.4433,1280
11501,0.6200000000000001,0.07,0.55,5.57,11:20:05,33.44,4200,33.45,6400,33.441,500
11618,0.6699999999999999,0.18,0.49,37.83,11:21:37,33.43,4000,33.44,9900,33.4357,200
11621,0.79,0.15,0.64,40.41,11:21:40,33.43,5000,33.44,9900,33.4349,100
11642,0.64,0.19,0.45,53.99,11:21:53,33.43,5100,33.44,9600,33.4399,180
11654,0.64,0.08,0.56,4.18,11:22:04,33.43,5200,33.44,9600,33.4352,100
11669,0.64,0.25,0.39,18.419999999999998,11:22:18,33.43,3800,33.44,10300,33.4328,1429
11846,0.6000000000000001,0.28,0.32,23.830000000000002,11:24:23,33.42,4800,33.43,3200,33.4267,800
11915,2.8,2.21,0.59,12.009999999999998,11:25:12,33.42,3400,33.43,2700,33.4254,200
11932,0.79,0.2,0.59,26.419999999999998,11:25:26,33.42,2300,33.43,2800,33.4253,250
11934,0.96,0.18,0.78,28.2,11:25:28,33.42,2300,33.43,2700,33.429,100
11943,0.64,0.21,0.43,34.04999999999999,11:25:34,33.42,2800,33.43,3800,33.4258,615
11975,0.76,0.23,0.53,56.43999999999999,11:25:56,33.42,4900,33.43,2200,33.4238,312
12059,0.73,0.08,0.65,1.34,11:28:01,33.44,2900,33.45,1400,33.4444,100
12061,0.8099999999999999,0.22,0.59,2.95,11:28:02,33.44,2600,33.45,1700,33.4468,255
12066,0.64,0.08,0.56,0.0,11:29:00,33.44,3600,33.45,1400,33.4463,584
12096,0.62,0.12,0.5,27.78,11:29:27,33.44,6600,33.45,4700,33.4457,110
12204,3.4,2.88,0.52,15.58,11:31:15,33.44,2000,33.45,7800,33.4406,100
12233,0.5700000000000001,0.12,0.45,33.53,11:31:33,33.43,1800,33.44,6200,33.438,345
12282,0.44,0.07,0.37,4.23,11:32:04,33.43,13200,33.44,1100,33.4393,152
12474,0.5900000000000001,0.07,0.52,3.8,11:34:03,33.42,12900,33.43,3900,33.4244,518
12489,0.62,0.18,0.44,19.790000000000006,11:34:19,33.42,13100,33.43,2800,33.4293,149
12524,0.63,0.2,0.43,42.18000000000001,11:34:42,33.43,2700,33.44,5800,33.433,709
12556,0.6000000000000001,0.07,0.53,4.220000000000001,11:35:04,33.43,2900,33.44,5900,33.4334,200
12597,0.56,0.12,0.44,17.15,11:36:17,33.43,3200,33.44,4600,33.4335,137
12666,0.43000000000000005,0.09,0.34,32.8,11:37:32,33.43,3100,33.44,4200,33.4329,585
12735,0.77,0.17,0.6,21.970000000000002,11:38:21,33.44,4800,33.45,2300,33.4451,211
12813,1.57,1.07,0.5,21.990000000000002,11:41:21,33.47,4900,33.48,3500,33.4747,830
12828,0.62,0.12,0.5,32.02,11:41:32,33.47,4800,33.48,3200,33.4737,121
12909,3.11,2.79,0.32,10.99,11:42:10,33.47,4600,33.48,3700,33.4754,1493
13055,0.29000000000000004,0.07,0.22,10.48,11:43:10,33.47,5400,33.48,3100,33.4771,115
13118,0.4,0.18,0.22,37.31000000000002,11:43:37,33.48,2800,33.49,1800,33.4828,585
13142,84.78,84.59,0.19,0.0,11:45:00,33.48,4200,33.49,2100,33.4888,200
13339,0.25,0.07,0.18,25.0,11:46:25,33.49,3300,33.5,12000,33.4972,1500
13446,3.2800000000000002,2.99,0.29,9.739999999999998,11:47:09,33.49,3200,33.5,12100,33.4931,160
13500,0.31,0.09,0.22,30.12,11:47:30,33.49,2900,33.5,12200,33.4929,830
13530,0.43,0.21,0.22,40.07999999999999,11:47:40,33.49,2800,33.5,12200,33.4989,125
13658,0.41000000000000003,0.21,0.2,35.87999999999999,11:48:35,33.49,1600,33.5,12800,33.4949,100
13802,0.36,0.17,0.19,24.58999999999999,11:49:24,33.49,2900,33.5,11900,33.4934,186
13858,0.31000000000000005,0.14,0.17,42.509999999999984,11:49:42,33.49,3200,33.5,11700,33.4985,300
13887,0.24000000000000002,0.07,0.17,0.0,11:50:00,33.49,3000,33.5,11900,33.4984,1200
14054,1.58,1.3,0.28,6.66,11:51:06,33.48,5700,33.49,5200,33.4865,147
14071,3.9400000000000004,3.66,0.28,21.26,11:51:21,33.48,4100,33.49,5300,33.4839,200
14073,0.27,0.08,0.19,21.880000000000003,11:51:21,33.48,4100,33.49,5300,33.4851,100
14423,0.35,0.17,0.18,24.949999999999996,11:53:24,33.49,5000,33.5,13400,33.4966,167
14487,0.42,0.24,0.18,47.26000000000004,11:53:47,33.49,4500,33.5,13500,33.4935,183
14528,0.25,0.07,0.18,15.479999999999997,11:54:15,33.49,4500,33.5,13700,33.492,503
15049,0.42,0.18,0.24,39.88000000000001,11:57:39,33.49,1800,33.5,14000,33.4975,615
15094,0.37,0.18,0.19,56.11000000000002,11:57:56,33.49,2700,33.5,14100,33.4943,125
15117,3.58,3.32,0.26,13.709999999999999,11:58:13,33.49,2600,33.5,13900,33.4967,150
15398,0.38,0.14,0.24,0.0,12:00:00,33.48,5000,33.49,10200,33.4854,300
15404,0.5,0.23,0.27,2.1100000000000003,12:00:02,33.48,3700,33.49,10100,33.4846,120
15428,0.45,0.26,0.19,12.149999999999997,12:00:12,33.48,3700,33.49,10300,33.4842,631
15453,0.32,0.08,0.24,23.879999999999995,12:00:23,33.48,3100,33.49,10500,33.4845,182
15658,0.35,0.18,0.17,41.95,12:01:41,33.47,3500,33.48,5100,33.4769,640
15679,0.26,0.1,0.16,47.819999999999986,12:01:47,33.47,3600,33.48,5200,33.4742,100
15784,0.36,0.18,0.18,33.879999999999995,12:02:33,33.47,10900,33.48,13100,33.4707,500
15909,1.04,0.87,0.17,12.409999999999997,12:03:12,33.47,11600,33.48,12400,33.4762,120
16265,0.25,0.08,0.17,29.14999999999998,12:05:29,33.47,4200,33.48,13300,33.4745,200
16514,4.23,3.96,0.27,15.46,12:07:15,33.47,7800,33.48,11300,33.4768,150
16533,0.24,0.08,0.16,23.679999999999996,12:07:23,33.47,8000,33.48,11300,33.4732,300
16562,0.39,0.2,0.19,33.940000000000005,12:07:33,33.47,9500,33.48,10100,33.4716,200
16608,0.27,0.07,0.2,49.63000000000003,12:07:49,33.48,6500,33.49,5600,33.4833,455
16673,0.32,0.14,0.18,19.919999999999998,12:08:19,33.48,6300,33.49,3900,33.4801,130
16977,1.57,1.33,0.24,14.63,12:10:14,33.49,6900,33.5,14300,33.4963,562
17023,0.43,0.24,0.19,30.07999999999999,12:10:30,33.49,7700,33.5,13000,33.4998,1370
17029,0.31,0.07,0.24,32.07999999999999,12:10:32,33.49,7500,33.5,13000,33.491,1430
17081,0.37,0.21,0.16,48.18999999999997,12:10:48,33.49,6300,33.5,13000,33.4947,1100
17415,0.30000000000000004,0.07,0.23,49.970000000000006,12:12:49,33.49,4200,33.5,15200,33.4915,218
17434,0.3,0.09,0.21,56.0,12:12:56,33.49,6200,33.5,15100,33.4983,2905
17475,0.24000000000000002,0.07,0.17,21.939999999999998,12:13:21,33.49,21900,33.5,14900,33.493,800
17740,0.34,0.08,0.26,56.03000000000003,12:14:56,33.48,5500,33.49,4900,33.486999999999995,1000
17760,3.09,2.88,0.21,0.0,12:15:00,33.48,15800,33.49,4800,33.4835,314
18451,0.44000000000000006,0.27,0.17,20.220000000000006,12:19:20,33.5,3800,33.51,4300,33.501999999999995,530
18712,0.31000000000000005,0.14,0.17,0.0,12:21:00,33.5,6200,33.51,3000,33.5073,500
18738,0.5700000000000001,0.28,0.29,14.680000000000001,12:21:14,33.5,6200,33.51,2800,33.5057,150
18741,0.36,0.14,0.22,18.12,12:21:18,33.5,6300,33.51,3100,33.5015,100
18825,0.37,0.19,0.18,48.19,12:21:48,33.51,4800,33.52,3100,33.5157,100
18844,0.62,0.26,0.36,54.27,12:21:54,33.51,4500,33.52,3000,33.5167,450
18873,1.62,1.35,0.27,2.79,12:22:02,33.51,4000,33.52,3400,33.5165,100
18890,0.43000000000000005,0.2,0.23,15.209999999999997,12:22:15,33.51,4700,33.52,3400,33.5166,375
18900,0.29000000000000004,0.07,0.22,19.289999999999996,12:22:19,33.51,4700,33.52,3400,33.5151,122
19796,0.55,0.21,0.34,28.060000000000006,12:28:28,33.52,3100,33.53,4600,33.5215,100
19802,0.26,0.08,0.18,29.99000000000001,12:28:29,33.52,3200,33.53,4400,33.5213,650
19844,0.29000000000000004,0.13,0.16,43.800000000000004,12:28:43,33.52,4700,33.53,4000,33.5243,778
19858,0.25,0.07,0.18,47.96,12:28:47,33.52,4300,33.53,4000,33.5246,100
19882,0.41000000000000003,0.24,0.17,0.0,12:29:00,33.52,8800,33.53,2900,33.5265,200
19960,0.37,0.18,0.19,31.64,12:29:31,33.52,3500,33.53,3300,33.5262,452
20236,0.52,0.21,0.31,18.98999999999999,12:31:18,33.51,4600,33.52,4200,33.5183,133
20311,0.23,0.07,0.16,42.72999999999998,12:31:42,33.51,4100,33.52,3700,33.510999999999996,1000
20356,0.38,0.2,0.18,1.85,12:32:01,33.51,4100,33.52,4800,33.5132,255
20365,3.59,3.3,0.29,11.379999999999999,12:32:11,33.51,4100,33.52,4700,33.5146,200
20366,2.25,1.86,0.39,13.629999999999999,12:32:13,33.51,4100,33.52,4700,33.5115,776
20562,0.44999999999999996,0.24,0.21,24.689999999999998,12:33:24,33.51,5200,33.52,5100,33.5185,300
20598,0.29000000000000004,0.07,0.22,36.53,12:33:36,33.51,6300,33.52,2700,33.5111,770
20723,0.38,0.21,0.17,20.180000000000007,12:34:20,33.51,5100,33.52,3800,33.5147,358
20818,4.34,4.17,0.17,0.0,12:35:00,33.51,4100,33.52,4200,33.5123,147
21029,0.30000000000000004,0.13,0.17,33.89,12:36:33,33.49,5000,33.5,6100,33.4933,100
21384,0.27,0.08,0.19,45.900000000000006,12:38:45,33.49,5600,33.5,5000,33.4973,100
21415,0.35,0.19,0.16,2.9,12:39:02,33.5,2100,33.51,4500,33.504,1878
21429,0.23,0.07,0.16,6.9300000000000015,12:39:06,33.5,2600,33.51,4500,33.5033,344
21477,0.25,0.08,0.17,21.16,12:39:21,33.51,2300,33.52,11900,33.5128,598
21652,2.04,1.74,0.3,2.81,12:41:02,33.51,3300,33.52,3000,33.512,161
21674,0.6000000000000001,0.28,0.32,19.760000000000005,12:41:19,33.51,4000,33.52,3100,33.5144,564
21736,0.47,0.24,0.23,39.81999999999999,12:41:39,33.51,6700,33.52,3000,33.5199,120
22024,0.43,0.21,0.22,0.0,12:46:00,33.51,4200,33.52,5600,33.5158,175
22076,0.47,0.26,0.21,30.13999999999999,12:46:30,33.51,4400,33.52,6000,33.5188,300
22402,0.23,0.07,0.16,26.0,12:48:26,33.48,6800,33.49,6400,33.4873,374
22565,0.33,0.14,0.19,37.97000000000002,12:49:37,33.48,6000,33.49,6400,33.4868,200
22839,0.24000000000000002,0.07,0.17,28.04,12:51:28,33.48,9000,33.49,4900,33.4866,113
23364,0.29000000000000004,0.07,0.22,47.930000000000035,12:54:47,33.49,2900,33.5,5300,33.4995,370
23387,0.32,0.07,0.25,55.990000000000045,12:54:55,33.49,3000,33.5,5200,33.4918,2500
23696,0.37,0.18,0.19,57.04000000000002,12:56:57,33.49,2600,33.5,6000,33.4993,938
23702,0.36,0.17,0.19,0.0,12:57:00,33.49,9100,33.5,3300,33.4982,1059
24107,0.28,0.08,0.2,29.240000000000006,13:00:29,33.49,7300,33.5,3000,33.4942,100
24150,2.3600000000000003,2.2,0.16,21.23,13:01:21,33.5,1900,33.51,7100,33.503,300
24321,0.41000000000000003,0.24,0.17,25.979999999999997,13:02:25,33.5,1900,33.51,6100,33.5046,100
24768,3.53,3.36,0.17,15.25,13:05:15,33.5,2100,33.51,3200,33.5072,500
25244,0.31,0.07,0.24,15.920000000000002,13:11:15,33.5,2800,33.51,4600,33.5067,1000
25415,0.36,0.07,0.29,40.05,13:12:40,33.5,3800,33.51,4700,33.5075,500
25522,0.5900000000000001,0.07,0.52,43.94000000000002,13:13:43,33.5,3200,33.51,4800,33.5069,100
25556,0.5900000000000001,0.07,0.52,6.1899999999999995,13:14:06,33.5,3200,33.51,4800,33.5058,155
25566,0.6,0.09,0.51,18.400000000000002,13:14:18,33.5,3800,33.51,4300,33.5032,160
25622,0.5800000000000001,0.18,0.4,48.54000000000001,13:14:48,33.51,4100,33.52,6300,33.5142,2340
26064,0.5700000000000001,0.07,0.5,51.20999999999999,13:19:51,33.5,3200,33.51,5600,33.5086,1689
26145,0.59,0.08,0.51,43.970000000000006,13:20:43,33.5,6400,33.51,2200,33.5062,152
26219,0.6,0.16,0.44,41.77,13:21:41,33.48,3200,33.49,4800,33.4892,714
26298,0.43999999999999995,0.09,0.35,27.86000000000001,13:22:27,33.48,3100,33.49,2700,33.4843,450
26317,0.72,0.3,0.42,38.24000000000002,13:22:38,33.48,2800,33.49,2800,33.4882,2200
26425,0.6000000000000001,0.07,0.53,50.570000000000014,13:23:50,33.48,4900,33.49,3200,33.4834,320
26526,1.1900000000000002,0.07,1.12,29.41,13:25:29,33.49,3900,33.5,4300,33.4932,1087
26536,1.19,0.23,0.96,40.43,13:25:40,33.49,3900,33.5,4100,33.4938,200
26866,1.42,0.19,1.23,53.81,13:32:53,33.49,8100,33.5,5500,33.4954,138
27033,1.01,0.07,0.94,36.39999999999999,13:36:36,33.5,4000,33.51,3800,33.5044,145
27173,1.21,0.21,1.0,15.98,13:39:15,33.49,7500,33.5,4200,33.498000000000005,115
27205,1.02,0.07,0.95,7.8100000000000005,13:40:07,33.49,8400,33.5,3500,33.4968,400
27285,1.4100000000000001,0.08,1.33,41.59,13:42:41,33.49,9100,33.5,3100,33.4961,116
27287,1.4,0.19,1.21,44.18,13:42:44,33.49,9100,33.5,3100,33.4969,435
27309,1.59,0.51,1.08,13.99,13:43:13,33.49,9300,33.5,3200,33.4945,350
27335,1.0,0.18,0.82,42.21,13:43:42,33.49,8400,33.5,3200,33.4987,315
27359,1.2,0.17,1.03,8.0,13:44:08,33.49,9200,33.5,3500,33.4937,1044
27473,1.3699999999999999,0.23,1.14,26.000000000000004,13:46:26,33.48,6400,33.49,6400,33.4862,286
27557,3.2199999999999998,2.57,0.65,14.400000000000002,13:48:14,33.48,6100,33.49,5700,33.4859,147
27584,0.8099999999999999,0.12,0.69,43.38,13:48:43,33.48,4400,33.49,6600,33.4809,195
27712,1.5799999999999998,0.43,1.15,0.0,13:51:00,33.47,2800,33.48,4800,33.4786,286
27714,1.3699999999999999,0.23,1.14,2.59,13:51:02,33.47,4400,33.48,4700,33.4731,263
27730,1.39,0.24,1.15,25.580000000000002,13:51:25,33.47,3600,33.48,3600,33.4719,210
27739,1.1800000000000002,0.25,0.93,36.39,13:51:36,33.47,5200,33.48,3600,33.4787,804
27940,1.58,0.08,1.5,27.179999999999993,13:55:27,33.47,7200,33.48,4500,33.4705,170
28038,2.0,0.83,1.17,18.970000000000002,13:57:18,33.47,5600,33.48,4600,33.4743,106
28135,1.4,0.22,1.18,15.799999999999999,13:59:15,33.48,5000,33.49,5200,33.4818,3934
28152,1.1800000000000002,0.07,1.11,36.160000000000004,13:59:36,33.48,5000,33.49,5200,33.481,454
28217,1.0,0.19,0.81,50.8,14:00:50,33.49,4500,33.5,5800,33.4928,1494
28334,1.1800000000000002,0.07,1.11,14.2,14:03:14,33.5,3600,33.51,5300,33.5084,400
28381,3.58,2.58,1.0,11.56,14:04:11,33.51,4900,33.52,1900,33.5138,692
28442,1.02,0.13,0.89,27.979999999999997,14:05:27,33.51,6000,33.52,2600,33.5141,227
28466,1.1900000000000002,0.07,1.12,56.129999999999995,14:05:56,33.49,3800,33.5,5000,33.5125,100
28492,0.97,0.07,0.9,25.36999999999999,14:06:25,33.51,3600,33.52,2800,33.5143,340
28533,1.22,0.09,1.13,22.819999999999997,14:07:22,33.51,5100,33.52,4100,33.5148,260
28656,1.3800000000000001,0.07,1.31,48.17000000000001,14:09:48,33.51,3300,33.52,6300,33.5149,164
28716,1.2,0.07,1.13,2.2199999999999998,14:11:02,33.53,3800,33.54,6900,33.5368,200
28720,1.02,0.18,0.84,9.23,14:11:09,33.53,3900,33.54,5800,33.5313,104
28746,0.82,0.08,0.74,37.43,14:11:37,33.53,5200,33.54,2000,33.5346,110
28753,1.0,0.2,0.8,43.99,14:11:43,33.53,5200,33.54,2000,33.5301,163
28788,0.81,0.07,0.74,22.41,14:12:22,33.53,4100,33.54,3700,33.5366,138
28832,0.98,0.12,0.86,1.98,14:13:01,33.53,4100,33.54,3700,33.533,200
28923,1.01,0.08,0.93,38.58999999999999,14:14:38,33.53,3700,33.54,3400,33.5338,350
28928,1.16,0.33,0.83,44.35999999999999,14:14:44,33.53,3000,33.54,3800,33.5354,900
28932,1.0,0.08,0.92,48.39,14:14:48,33.53,3000,33.54,3800,33.5334,150
28945,1.0,0.26,0.74,0.0,14:15:00,33.53,3900,33.54,1800,33.5333,160
28989,1.03,0.07,0.96,47.41999999999998,14:15:47,33.52,3400,33.53,3300,33.523,500
28991,1.03,0.07,0.96,49.61999999999998,14:15:49,33.52,4300,33.53,5200,33.5269,176
29004,1.01,0.08,0.93,4.390000000000001,14:16:04,33.52,4400,33.53,2800,33.5253,229
29039,1.66,0.27,1.39,50.82,14:16:50,33.52,3300,33.53,4700,33.5257,300
29057,0.97,0.07,0.9,13.58,14:17:13,33.52,3300,33.53,5200,33.525999999999996,298
29174,0.99,0.18,0.81,24.399999999999995,14:19:24,33.51,3800,33.52,3500,33.5136,600
29178,0.98,0.14,0.84,27.999999999999993,14:19:27,33.51,3800,33.52,3600,33.5104,1000
29217,1.18,0.15,1.03,3.3999999999999995,14:20:03,33.5,4900,33.51,4100,33.5043,104
29282,0.62,0.21,0.41,57.27000000000002,14:20:57,33.5,3500,33.51,2600,33.5039,775
29698,0.5800000000000001,0.07,0.51,29.42,14:25:29,33.52,4500,33.53,2100,33.527,1200
29701,0.62,0.17,0.45,31.230000000000004,14:25:31,33.52,4500,33.53,2100,33.5285,300
29805,0.57,0.08,0.49,39.179999999999986,14:26:39,33.53,2900,33.54,2900,33.536,483
29848,0.61,0.08,0.53,6.99,14:27:06,33.53,3200,33.54,6900,33.5365,200
29884,0.61,0.17,0.44,29.570000000000004,14:27:29,33.53,2600,33.54,9000,33.5355,453
29984,0.8,0.32,0.48,46.01000000000001,14:28:46,33.52,4900,33.53,4000,33.5244,152
30097,0.62,0.13,0.49,0.0,14:30:00,33.52,3600,33.53,4500,33.5261,1342
30216,2.16,1.68,0.48,18.61,14:31:18,33.52,3800,33.53,4500,33.5254,326
30222,0.6000000000000001,0.07,0.53,22.259999999999998,14:31:22,33.52,3400,33.53,5000,33.5259,300
30403,0.8300000000000001,0.15,0.68,36.07,14:33:36,33.52,4800,33.53,10200,33.5268,216
30436,0.75,0.25,0.5,6.32,14:34:06,33.52,4300,33.53,9900,33.5217,135
30447,0.6200000000000001,0.07,0.55,14.600000000000001,14:34:14,33.52,5400,33.53,7500,33.5299,2700
30468,0.75,0.17,0.58,32.32000000000001,14:34:32,33.52,3900,33.53,11000,33.5208,200
30498,0.82,0.23,0.59,9.76,14:36:09,33.51,6500,33.52,6900,33.5116,403
30626,1.98,1.22,0.76,17.990000000000002,14:38:17,33.51,6200,33.52,7400,33.5119,119
30968,0.81,0.2,0.61,18.97,14:42:18,33.51,8200,33.52,6600,33.5174,100
30971,0.79,0.14,0.65,21.18,14:42:21,33.51,8100,33.52,6600,33.5107,100
31042,2.42,2.08,0.34,21.449999999999996,14:43:21,33.52,6700,33.53,6000,33.5211,2000
31106,0.5900000000000001,0.13,0.46,0.0,14:44:00,33.52,6100,33.53,6100,33.5274,500
31211,0.7899999999999999,0.08,0.71,20.41,14:45:20,33.52,2700,33.53,10200,33.5288,275
31249,0.85,0.23,0.62,50.03000000000003,14:45:50,33.52,2800,33.53,11000,33.5275,100
31369,7.77,7.34,0.43,27.34,14:47:27,33.54,4200,33.55,14200,33.545,193
31372,0.61,0.2,0.41,29.17,14:47:29,33.54,4400,33.55,13600,33.55,100
31428,0.43,0.07,0.36,4.63,14:48:04,33.54,3600,33.55,6600,33.549,185
31433,1.19,0.73,0.46,11.03,14:48:11,33.54,3700,33.55,6300,33.541,547
31533,1.79,1.14,0.65,7.2299999999999995,14:49:07,33.54,3400,33.55,7900,33.5434,127
31702,0.6,0.08,0.52,19.990000000000006,14:51:19,33.54,5700,33.55,7100,33.5495,100
31724,0.62,0.18,0.44,36.00999999999999,14:51:36,33.54,4900,33.55,4900,33.5446,239
31754,0.5800000000000001,0.07,0.51,0.0,14:52:00,33.54,5100,33.55,4100,33.5468,118
31770,0.98,0.53,0.45,13.39,14:52:13,33.54,6500,33.55,4300,33.5456,140
31783,0.5800000000000001,0.07,0.51,23.990000000000002,14:52:23,33.55,6300,33.56,2800,33.5599,200
31787,0.43,0.12,0.31,26.040000000000003,14:52:26,33.55,6600,33.56,2400,33.56,100
31805,0.61,0.17,0.44,36.24000000000001,14:52:36,33.55,7800,33.56,2200,33.555,419
31811,0.79,0.24,0.55,40.42,14:52:40,33.56,5400,33.57,12500,33.565,200
31817,0.6,0.08,0.52,44.03,14:52:44,33.56,5800,33.57,11700,33.5668,3000
31833,0.5800000000000001,0.25,0.33,53.620000000000005,14:52:53,33.56,6800,33.57,10100,33.57,100
31841,0.43,0.08,0.35,57.80000000000002,14:52:57,33.56,6200,33.57,10000,33.5654,100
31853,2.77,2.13,0.64,7.17,14:53:07,33.56,6500,33.57,8300,33.5632,2500
31946,3.63,3.17,0.46,0.0,14:54:00,33.56,8700,33.57,7700,33.569,2000
31949,0.42,0.07,0.35,1.64,14:54:01,33.56,8700,33.57,7700,33.5615,120
32005,0.77,0.15,0.62,38.53000000000001,14:54:38,33.56,7500,33.57,8100,33.5699,669
32010,0.6000000000000001,0.07,0.53,41.960000000000015,14:54:41,33.56,7500,33.57,8200,33.5646,100
32034,3.84,3.26,0.58,16.36,14:55:16,33.55,4100,33.56,5900,33.5521,2000
32079,0.61,0.08,0.53,15.209999999999999,14:56:15,33.55,6500,33.56,3800,33.5554,169
32122,0.6100000000000001,0.07,0.54,6.180000000000001,14:57:06,33.55,5600,33.56,6000,33.5532,100
32126,0.62,0.24,0.38,11.44,14:57:11,33.55,6000,33.56,5900,33.5529,611
32129,0.8,0.24,0.56,13.6,14:57:13,33.55,5700,33.56,5900,33.556999999999995,500
32208,0.43,0.12,0.31,0.99,14:58:00,33.55,5300,33.56,6000,33.5556,255
32236,0.74,0.18,0.56,25.110000000000003,14:58:25,33.55,5900,33.56,6000,33.5553,250
32342,0.6,0.18,0.42,32.36000000000001,14:59:32,33.56,5700,33.57,7300,33.567,800
32415,0.5800000000000001,0.14,0.44,24.159999999999997,15:00:24,33.56,6600,33.57,7200,33.5695,1000
32441,0.43,0.07,0.36,38.03,15:00:38,33.56,5300,33.57,7500,33.562,545
32459,0.64,0.21,0.43,48.21000000000001,15:00:48,33.56,5900,33.57,7600,33.5666,300
32477,0.44,0.08,0.36,3.87,15:01:03,33.55,5400,33.56,4900,33.5557,242
32486,0.57,0.08,0.49,8.82,15:01:08,33.55,5400,33.56,4900,33.5537,500
32489,0.76,0.09,0.67,16.650000000000002,15:01:16,33.55,4300,33.56,5100,33.5533,888
32545,0.79,0.25,0.54,58.04000000000001,15:01:58,33.55,5100,33.56,5900,33.5541,500
32582,1.05,0.21,0.84,20.67,15:02:20,33.55,5000,33.56,6000,33.5501,300
32617,0.8,0.12,0.68,4.61,15:03:04,33.54,2900,33.55,7700,33.543,184
32652,0.8300000000000001,0.2,0.63,34.25,15:03:34,33.54,2800,33.55,7900,33.5426,399
32708,2.21,1.65,0.56,16.43,15:04:16,33.54,3100,33.55,7800,33.5405,300
32772,0.79,0.23,0.56,2.39,15:05:02,33.55,3200,33.56,6100,33.551,4700
32861,1.63,1.01,0.62,12.419999999999998,15:06:12,33.55,3000,33.56,7400,33.5546,187
32916,0.7699999999999999,0.08,0.69,56.23000000000001,15:06:56,33.55,3600,33.56,9400,33.5543,358
32918,0.61,0.08,0.53,57.64000000000001,15:06:57,33.55,3600,33.56,9400,33.5565,459
32926,0.64,0.08,0.56,3.8200000000000003,15:07:03,33.55,3600,33.56,10500,33.5544,249
32999,0.76,0.13,0.63,7.86,15:08:07,33.55,4100,33.56,8200,33.559,2500
33117,0.5900000000000001,0.27,0.32,28.419999999999995,15:09:28,33.54,4700,33.55,12700,33.5462,141
33208,0.43,0.08,0.35,37.82000000000001,15:10:37,33.54,4400,33.55,13000,33.5443,1000
33693,0.5900000000000001,0.07,0.52,2.1800000000000006,15:16:02,33.55,4800,33.56,15500,33.5526,339
33696,0.6200000000000001,0.07,0.55,4.210000000000001,15:16:04,33.55,4800,33.56,14800,33.5577,200
33781,0.76,0.23,0.53,4.36,15:17:04,33.55,5000,33.56,14800,33.5566,100
33943,0.58,0.08,0.5,0.0,15:19:00,33.53,6600,33.54,6100,33.5399,295
34004,0.44999999999999996,0.09,0.36,49.83000000000002,15:19:49,33.54,2900,33.55,9500,33.5435,100
34091,0.61,0.24,0.37,46.040000000000006,15:20:46,33.54,3200,33.55,8900,33.5466,145
34109,0.6000000000000001,0.14,0.46,56.24,15:20:56,33.54,3200,33.55,9000,33.5419,594
34126,0.75,0.15,0.6,14.56,15:21:14,33.54,4200,33.55,9400,33.5458,1000
34134,0.62,0.09,0.53,22.210000000000004,15:21:22,33.54,4500,33.55,9400,33.5479,178
34160,1.0,0.56,0.44,38.2,15:21:38,33.54,4000,33.55,10700,33.5487,200
34579,0.44,0.14,0.3,28.19,15:26:28,33.51,15700,33.52,6700,33.5162,100
34940,0.8200000000000001,0.18,0.64,6.37,15:31:06,33.51,5600,33.52,6900,33.5187,145
35180,0.59,0.08,0.51,45.14000000000001,15:33:45,33.51,4500,33.52,14100,33.5181,357
35247,0.5900000000000001,0.07,0.52,39.16000000000002,15:34:39,33.51,5600,33.52,8600,33.518,471
35295,0.44,0.07,0.37,7.430000000000001,15:35:07,33.51,2800,33.52,10900,33.5152,300
35469,0.6000000000000001,0.27,0.33,57.96000000000001,15:36:57,33.51,2700,33.52,11300,33.5139,191
35776,0.6,0.21,0.39,41.86,15:40:41,33.5,23600,33.51,2000,33.5025,100
36229,0.6,0.18,0.42,50.000000000000014,15:45:50,33.48,3800,33.49,10400,33.4885,1121
36469,0.75,0.28,0.47,42.36,15:48:42,33.46,6300,33.47,14400,33.4654,878
36475,2.38,1.76,0.62,48.37,15:48:48,33.46,6400,33.47,14500,33.4635,1000
36510,0.8,0.19,0.61,10.600000000000003,15:49:10,33.46,2000,33.47,13000,33.4627,221
36556,0.43,0.08,0.35,41.88000000000002,15:49:41,33.46,1400,33.47,13500,33.4685,400
36602,0.64,0.08,0.56,14.590000000000003,15:50:14,33.46,3600,33.47,13000,33.4675,130
36605,1.6,0.76,0.84,18.990000000000006,15:50:18,33.46,3600,33.47,14600,33.4643,500
36640,0.85,0.13,0.72,44.42000000000002,15:50:44,33.45,7300,33.46,9500,33.4592,275
36648,0.82,0.08,0.74,52.430000000000014,15:50:52,33.45,9600,33.46,11800,33.4531,160
36692,0.77,0.18,0.59,28.79999999999999,15:51:28,33.47,8600,33.48,8200,33.4515,200
36749,2.19,1.53,0.66,17.2,15:52:17,33.47,3000,33.48,16400,33.4775,130
36775,0.45,0.07,0.38,36.220000000000006,15:52:36,33.47,4200,33.48,17200,33.472,100
36939,0.79,0.15,0.64,36.820000000000014,15:54:36,33.47,10000,33.48,21200,33.4727,150
37160,0.8,0.12,0.68,22.200000000000003,15:57:22,33.46,12800,33.47,39900,33.4659,200
