,Total Delay,Request Delay,Saving Delay,Arrival Time,Time,Bid,Bid Size,Ask,Ask Size,Last Price,Last Size
0,0.6499999999999999,0.3,0.35,0.6499999999999999,09:30:00,53.85,500,53.9,200,53.85,100
69,0.42,0.21,0.21,0.0,09:31:00,53.87,100,53.92,200,53.88,100
75,0.89,0.62,0.27,4.590000000000001,09:31:04,53.87,200,53.92,300,53.91,100
122,0.32,0.12,0.2,24.070000000000004,09:31:24,53.87,300,53.9,300,53.8874,500
126,0.54,0.28,0.26,25.580000000000002,09:31:25,53.87,300,53.9,300,53.87,100
169,0.27,0.07,0.2,41.99000000000001,09:31:41,53.9,300,53.93,100,53.92,100
201,4.77,4.56,0.21,4.77,09:32:04,53.92,400,53.94,200,53.93,100
270,0.36,0.2,0.16,30.529999999999998,09:32:30,53.82,200,53.87,300,53.865,100
276,0.24000000000000002,0.07,0.17,32.38,09:32:32,53.82,100,53.87,500,53.82,100
283,0.25,0.09,0.16,34.35000000000001,09:32:34,53.83,200,53.86,200,53.83,100
343,2.23,1.98,0.25,0.0,09:33:00,53.82,100,53.85,200,53.8301,110
381,0.41000000000000003,0.22,0.19,22.490000000000006,09:33:22,53.83,300,53.85,200,53.84,100
417,0.39,0.2,0.19,34.470000000000006,09:33:34,53.83,600,53.84,100,53.81,100
423,0.28,0.07,0.21,36.62000000000001,09:33:36,53.8,100,53.83,400,53.8,100
464,0.39,0.17,0.22,50.95,09:33:50,53.72,100,53.74,100,53.75,100
470,0.41000000000000003,0.19,0.22,52.940000000000005,09:33:52,53.72,300,53.79,400,53.74,300
503,0.44,0.22,0.22,0.0,09:34:00,53.76,300,53.78,100,53.77,100
511,0.48,0.27,0.21,6.15,09:34:06,53.76,300,53.78,200,53.7799,500
515,1.4000000000000001,1.06,0.34,13.74,09:34:13,53.76,300,53.78,200,53.7733,300
527,0.43,0.21,0.22,18.169999999999995,09:34:18,53.76,100,53.78,300,53.76,100
614,0.38,0.08,0.3,0.0,09:35:00,53.77,400,53.79,200,53.79,100
628,0.45,0.22,0.23,16.62,09:35:16,53.87,500,53.91,400,53.9,100
632,0.29000000000000004,0.07,0.22,18.68,09:35:18,53.84,300,53.86,200,53.86,100
707,0.25,0.07,0.18,46.68000000000001,09:35:46,53.79,400,53.83,200,53.8028,151
774,2.31,2.11,0.2,10.230000000000002,09:36:10,53.83,400,53.86,200,53.8597,100
778,0.39,0.21,0.18,12.010000000000003,09:36:12,53.83,400,53.86,300,53.845,100
785,0.42,0.21,0.21,18.080000000000002,09:36:18,53.76,200,53.79,200,53.78,100
795,0.33,0.1,0.23,21.930000000000007,09:36:21,53.76,200,53.77,300,53.765,100
809,0.42,0.12,0.3,27.820000000000007,09:36:27,53.79,200,53.81,500,53.8075,100
860,0.29,0.08,0.21,49.900000000000006,09:36:49,53.84,400,53.85,100,53.8458,289
898,1.7399999999999998,1.38,0.36,13.839999999999998,09:37:13,53.88,400,53.9,300,53.8836,200
954,0.47,0.21,0.26,41.829999999999984,09:37:41,53.85,500,53.86,400,53.855,204
1152,0.44,0.2,0.24,15.550000000000002,09:39:15,53.7,100,53.71,200,53.71,100
1156,0.27,0.07,0.2,17.47,09:39:17,53.7,300,53.73,200,53.72,100
1245,0.42000000000000004,0.22,0.2,53.80000000000003,09:39:53,53.72,100,53.73,100,53.73,100
1250,0.44,0.2,0.24,55.47000000000003,09:39:55,53.72,100,53.73,100,53.725,100
1256,0.5800000000000001,0.3,0.28,57.83000000000003,09:39:57,53.69,100,53.71,400,53.7,100
1261,0.35,0.17,0.18,0.0,09:40:00,53.68,200,53.69,100,53.69,100
1266,0.52,0.28,0.24,2.3200000000000003,09:40:02,53.67,100,53.68,100,53.67,100
1269,2.0100000000000002,1.81,0.2,5.08,09:40:05,53.65,300,53.67,100,53.65,100
1281,1.3,0.91,0.39,10.76,09:40:10,53.68,100,53.7,200,53.68,100
1308,0.42,0.18,0.24,26.049999999999997,09:40:26,53.65,300,53.67,200,53.66,100
1319,0.49,0.28,0.21,30.119999999999997,09:40:30,53.63,3600,53.64,100,53.64,100
1330,0.38,0.19,0.19,33.98,09:40:33,53.59,300,53.61,100,53.59,100
1351,0.37,0.08,0.29,41.89999999999999,09:40:41,53.6,500,53.63,200,53.6174,100
1547,0.47,0.22,0.25,0.0,09:42:00,53.67,500,53.68,200,53.6735,214
1561,0.38,0.08,0.3,12.06,09:42:12,53.62,300,53.64,3400,53.63,100
1600,0.33,0.08,0.25,32.019999999999996,09:42:32,53.61,300,53.64,200,53.61,200
1605,0.39,0.09,0.3,33.81999999999999,09:42:33,53.61,200,53.64,200,53.6164,573
1618,0.43000000000000005,0.15,0.28,40.029999999999994,09:42:40,53.61,300,53.64,200,53.625,1000
1627,0.44,0.24,0.2,44.08,09:42:44,53.61,300,53.64,200,53.6399,500
1658,0.76,0.29,0.47,56.30999999999998,09:42:56,53.64,400,53.65,100,53.645,100
1694,0.38,0.12,0.26,15.830000000000005,09:43:15,53.61,300,53.63,3300,53.62,100
1700,0.31,0.1,0.21,17.930000000000003,09:43:17,53.6,100,53.61,300,53.6,100
1715,0.32,0.08,0.24,25.959999999999997,09:43:25,53.61,300,53.62,200,53.615,200
1757,0.29000000000000004,0.07,0.22,42.02000000000001,09:43:42,53.58,600,53.59,400,53.585,100
1767,0.37,0.18,0.19,46.09000000000001,09:43:46,53.58,300,53.59,400,53.58,100
1804,0.33999999999999997,0.15,0.19,0.0,09:44:00,53.59,100,53.6,400,53.595,100
1837,1.29,1.03,0.26,16.84,09:44:16,53.57,200,53.58,100,53.575,100
1841,0.39,0.18,0.21,18.14,09:44:18,53.57,100,53.58,300,53.5799,100
1873,0.36,0.14,0.22,32.059999999999995,09:44:32,53.57,100,53.58,100,53.56,100
1886,0.35,0.17,0.18,37.89999999999999,09:44:37,53.57,100,53.58,300,53.57,100
1945,0.43,0.18,0.25,57.91000000000002,09:44:57,53.57,500,53.59,200,53.5788,1000
2394,0.28,0.07,0.21,7.680000000000001,09:48:07,53.6,500,53.62,300,53.6189,100
2524,0.51,0.2,0.31,60.22000000000001,09:49:00,53.55,300,53.56,400,53.55,100
2773,0.29,0.08,0.21,0.0,09:51:00,53.53,100,53.54,200,53.54,100
2785,0.33,0.13,0.2,4.1499999999999995,09:51:04,53.52,200,53.54,400,53.52,100
2801,3.3499999999999996,3.01,0.34,14.869999999999997,09:51:14,53.53,100,53.54,700,53.53,100
2848,0.33999999999999997,0.09,0.25,34.190000000000005,09:51:34,53.54,400,53.55,400,53.5486,500
2870,0.29000000000000004,0.07,0.22,41.98999999999999,09:51:41,53.56,200,53.57,100,53.565,200
3047,0.41000000000000003,0.18,0.23,45.440000000000005,09:52:45,53.55,200,53.56,200,53.555,100
3134,0.24000000000000002,0.07,0.17,27.76000000000001,09:53:27,53.59,200,53.6,300,53.5708,100
3336,0.38,0.21,0.17,47.87000000000002,09:54:47,53.54,200,53.55,800,53.545,100
3414,0.55,0.18,0.37,22.409999999999997,09:55:22,53.53,300,53.54,700,53.5321,100
3540,1.38,1.03,0.35,8.49,09:56:08,53.53,300,53.55,400,53.5424,400
3679,3.34,3.09,0.25,0.0,09:57:00,53.56,700,53.57,600,53.5626,850
3833,0.24000000000000002,0.07,0.17,18.79,09:58:18,53.57,600,53.59,1700,53.5899,100
4071,0.41000000000000003,0.18,0.23,52.410000000000004,09:59:52,53.56,400,53.57,400,53.5624,100
4392,0.27,0.09,0.18,24.009999999999998,10:02:24,53.56,400,53.57,100,53.5771,105
4602,0.4,0.23,0.17,40.02,10:03:40,53.51,300,53.53,300,53.5291,288
4672,3.85,3.52,0.33,9.709999999999999,10:04:09,53.53,500,53.54,600,53.535,100
4673,0.38,0.14,0.24,10.09,10:04:10,53.53,400,53.54,400,53.5328,100
4727,0.47000000000000003,0.27,0.2,34.14,10:04:34,53.52,400,53.53,200,53.5238,278
4758,0.37,0.17,0.2,46.07,10:04:46,53.52,300,53.53,400,53.5246,200
5355,0.32,0.08,0.24,53.97000000000001,10:08:53,53.6,200,53.61,700,53.6099,134
5462,168.17,168.0,0.17,0.0,10:12:00,53.47,200,53.48,500,53.4736,213
5508,0.28,0.07,0.21,14.27,10:12:14,53.47,300,53.48,600,53.48,100
5523,0.45,0.22,0.23,20.400000000000006,10:12:20,53.47,200,53.48,300,53.47,100
5534,0.44,0.24,0.2,24.31000000000001,10:12:24,53.46,200,53.47,300,53.46,100
5557,0.35000000000000003,0.07,0.28,4.1499999999999995,10:13:04,53.45,200,53.46,200,53.4515,200
5559,1.82,1.57,0.25,6.64,10:13:06,53.44,200,53.45,300,53.45,100
5560,2.4,2.01,0.39,9.04,10:13:09,53.44,200,53.45,300,53.4416,300
5697,0.35,0.18,0.17,0.0,10:14:00,53.42,300,53.43,500,53.43,100
5703,0.31000000000000005,0.14,0.17,1.7400000000000002,10:14:01,53.41,200,53.42,500,53.42,100
5717,1.59,1.33,0.26,11.55,10:14:11,53.4,200,53.41,200,53.4,100
5737,0.44000000000000006,0.27,0.17,23.950000000000003,10:14:23,53.39,400,53.4,200,53.395,100
5751,0.26,0.08,0.18,28.790000000000003,10:14:28,53.39,100,53.4,400,53.39,100
5830,0.25,0.07,0.18,53.80000000000002,10:14:53,53.38,200,53.39,200,53.385,100
5995,0.28,0.07,0.21,0.0,10:16:00,53.39,400,53.4,500,53.3933,100
6082,0.43,0.24,0.19,38.35,10:16:38,53.36,200,53.37,400,53.37,100
6088,0.4,0.18,0.22,40.36000000000001,10:16:40,53.36,300,53.37,500,53.365,100
6093,0.33999999999999997,0.13,0.21,42.140000000000015,10:16:42,53.36,300,53.37,500,53.3699,774
6111,0.36,0.17,0.19,48.110000000000014,10:16:48,53.36,400,53.37,700,53.36,100
6157,0.44,0.21,0.23,4.26,10:17:04,53.35,900,53.36,500,53.3601,100
6171,2.12,1.85,0.27,20.26,10:17:20,53.35,800,53.36,300,53.355,100
6181,0.38,0.08,0.3,24.100000000000005,10:17:24,53.34,2000,53.35,1000,53.35,100
6188,0.43,0.19,0.24,26.710000000000004,10:17:26,53.3,500,53.31,300,53.31,100
6191,0.29000000000000004,0.07,0.22,27.910000000000004,10:17:27,53.3,400,53.31,300,53.305,100
6289,0.37,0.18,0.19,8.809999999999999,10:18:08,53.3,700,53.31,300,53.3018,100
6291,4.31,3.94,0.37,13.489999999999998,10:18:13,53.3,600,53.31,200,53.3,200
6384,0.39,0.17,0.22,24.249999999999996,10:19:24,53.31,400,53.32,800,53.3155,500
6405,0.48000000000000004,0.28,0.2,32.349999999999994,10:19:32,53.31,400,53.32,800,53.315,100
6416,0.44,0.21,0.23,36.239999999999995,10:19:36,53.28,100,53.29,600,53.285,100
6417,0.38,0.17,0.21,36.62,10:19:36,53.27,300,53.28,400,53.28,100
6426,0.47,0.26,0.21,0.0,10:20:00,53.27,500,53.28,500,53.275,100
6437,0.43,0.21,0.22,4.319999999999999,10:20:04,53.28,600,53.29,400,53.29,100
6440,4.45,4.13,0.32,9.46,10:20:09,53.28,600,53.29,300,53.2871,1205
6536,34.309999999999995,34.08,0.23,0.0,10:21:00,53.31,400,53.32,200,53.32,100
6537,0.3,0.08,0.22,0.3,10:21:00,53.31,300,53.32,200,53.318000000000005,500
6555,0.43,0.11,0.32,8.11,10:21:08,53.33,400,53.34,800,53.33,200
6569,0.64,0.28,0.36,16.099999999999998,10:21:16,53.34,500,53.35,300,53.3401,500
6622,2.64,2.23,0.41,7.800000000000001,10:22:07,53.33,800,53.34,300,53.335,100
6638,0.34,0.07,0.27,19.53,10:22:19,53.34,300,53.35,600,53.34,100
6677,0.47000000000000003,0.08,0.39,39.77000000000001,10:22:39,53.35,500,53.36,200,53.3599,500
6695,0.32,0.07,0.25,47.62,10:22:47,53.35,600,53.36,100,53.3549,100
6735,0.52,0.17,0.35,8.19,10:23:08,53.38,300,53.39,300,53.38,100
6872,0.39,0.07,0.32,8.46,10:24:08,53.41,200,53.42,200,53.41,100
6896,0.52,0.22,0.3,20.779999999999994,10:24:20,53.41,300,53.42,300,53.415,100
7005,0.43,0.08,0.35,25.829999999999995,10:25:25,53.4,400,53.41,200,53.4001,100
7075,0.51,0.27,0.24,0.0,10:26:00,53.4,500,53.41,200,53.405,200
7185,37.42,37.15,0.27,0.0,10:27:00,53.37,500,53.38,600,53.375,100
7522,0.26,0.07,0.19,43.840000000000025,10:29:43,53.27,400,53.29,500,53.2809,100
7529,0.38,0.18,0.2,46.03000000000003,10:29:46,53.26,300,53.28,500,53.27,100
7534,0.25,0.07,0.18,47.53000000000003,10:29:47,53.26,300,53.28,500,53.2601,100
7730,0.8200000000000001,0.48,0.34,0.0,10:31:00,53.32,300,53.33,400,53.3238,149
7816,0.38,0.21,0.17,6.750000000000002,10:33:06,53.33,600,53.34,500,53.3353,100
7868,0.25,0.08,0.17,24.760000000000012,10:33:24,53.32,100,53.33,500,53.3275,100
7964,0.38,0.12,0.26,16.23,10:34:16,53.34,800,53.35,700,53.345,100
8533,0.96,0.33,0.63,40.51000000000001,10:40:40,53.38,500,53.39,1400,53.3866,200
8682,3.02,2.54,0.48,15.259999999999996,10:42:15,53.38,700,53.39,1500,53.3854,181
8854,0.5900000000000001,0.14,0.45,5.359999999999999,10:44:05,53.39,400,53.4,500,53.3901,150
9386,2.2,1.55,0.65,16.57,10:50:16,53.35,200,53.36,800,53.3566,200
9529,0.6000000000000001,0.07,0.53,51.92000000000003,10:51:51,53.37,300,53.38,500,53.371,500
9545,0.45,0.07,0.38,2.39,10:52:02,53.35,300,53.36,500,53.3555,500
10256,135.06,134.46,0.6,0.0,11:04:00,53.43,400,53.44,200,53.44,100
10329,0.7999999999999999,0.08,0.72,0.0,11:05:00,53.42,200,53.43,300,53.425,200
10521,3.98,3.41,0.57,12.16,11:07:12,53.43,700,53.44,400,53.435,200
10623,0.76,0.17,0.59,11.209999999999999,11:08:11,53.41,600,53.42,400,53.4111,100
10682,0.6,0.09,0.51,51.490000000000016,11:08:51,53.41,500,53.42,1200,53.4131,100
10700,0.44,0.07,0.37,0.0,11:09:00,53.41,600,53.42,1100,53.4101,100
10713,0.5800000000000001,0.07,0.51,7.379999999999998,11:09:07,53.41,700,53.42,1100,53.4195,499
11186,0.44,0.07,0.37,30.240000000000013,11:14:30,53.32,500,53.34,700,53.3201,100
11248,2.77,2.15,0.62,2.77,11:17:02,53.32,300,53.33,300,53.325,300
11340,2.6199999999999997,2.32,0.3,6.43,11:18:06,53.33,400,53.34,500,53.3366,175
11349,4.0,3.22,0.78,16.04,11:18:16,53.32,200,53.33,500,53.3255,100
11358,0.64,0.08,0.56,22.26,11:18:22,53.33,100,53.34,800,53.3342,100
11410,0.74,0.07,0.67,0.0,11:19:00,53.33,500,53.34,100,53.3333,200
11591,0.5900000000000001,0.25,0.34,19.8,11:21:19,53.34,800,53.35,1400,53.3462,175
11690,0.5900000000000001,0.07,0.52,23.83,11:22:23,53.29,400,53.3,300,53.295,100
11781,0.44999999999999996,0.15,0.3,33.39,11:23:33,53.26,400,53.27,400,53.26,100
11822,0.5900000000000001,0.07,0.52,0.0,11:24:00,53.25,600,53.26,200,53.25,100
11932,0.79,0.2,0.59,17.810000000000002,11:25:17,53.25,600,53.27,600,53.2596,100
11983,0.75,0.08,0.67,0.0,11:26:00,53.25,700,53.26,1500,53.255,300
11989,0.7799999999999999,0.08,0.7,4.41,11:26:04,53.23,200,53.24,500,53.24,200
11992,2.45,1.84,0.61,8.45,11:26:08,53.22,300,53.23,600,53.23,100
11993,2.9699999999999998,2.27,0.7,11.419999999999998,11:26:11,53.21,200,53.23,900,53.22,100
12000,0.76,0.21,0.55,16.4,11:26:16,53.2,200,53.21,700,53.2,100
12007,0.59,0.09,0.5,21.81,11:26:21,53.19,800,53.2,200,53.195,100
12035,30.98,30.48,0.5,0.0,11:27:00,53.17,100,53.18,700,53.17,100
12036,0.5599999999999999,0.21,0.35,0.5599999999999999,11:27:00,53.18,200,53.2,700,53.19,100
12049,0.74,0.07,0.67,8.32,11:27:08,53.18,100,53.19,200,53.18,300
12059,0.73,0.08,0.65,1.34,11:28:01,53.15,400,53.17,800,53.16,100
12099,0.63,0.08,0.55,5.3999999999999995,11:29:05,53.14,200,53.16,700,53.15,100
12102,0.61,0.14,0.47,7.4,11:29:07,53.14,100,53.15,700,53.14,100
12148,18.869999999999997,18.13,0.74,25.31,11:30:25,53.09,100,53.1,1200,53.09,400
12149,0.9299999999999999,0.09,0.84,26.24,11:30:26,53.07,300,53.09,300,53.1,100
12156,0.8300000000000001,0.18,0.65,31.660000000000004,11:30:31,53.06,400,53.08,200,53.08,100
12162,0.61,0.22,0.39,35.49,11:30:35,53.06,400,53.08,200,53.07,100
12188,0.6000000000000001,0.07,0.53,53.230000000000004,11:30:53,53.07,300,53.08,300,53.075,100
12200,9.42,8.89,0.53,0.0,11:31:00,53.06,200,53.08,700,53.06,100
12223,0.45,0.08,0.37,17.59,11:31:17,53.04,200,53.05,500,53.05,100
12227,0.59,0.08,0.51,19.96,11:31:19,53.02,200,53.04,500,53.03,200
12230,0.58,0.08,0.5,21.73,11:31:21,53.02,100,53.03,200,53.02,100
12237,0.58,0.08,0.5,25.549999999999997,11:31:25,53.0,100,53.01,300,53.01,100
12241,0.5900000000000001,0.07,0.52,27.97,11:31:27,52.99,100,53.0,400,52.99,100
12247,0.6000000000000001,0.14,0.46,31.92,11:31:31,52.98,300,53.0,900,52.98,500
12256,0.6200000000000001,0.07,0.55,37.550000000000004,11:31:37,52.97,200,52.99,500,52.97,100
12317,0.7699999999999999,0.08,0.69,30.419999999999995,11:32:30,52.97,400,52.99,600,52.975,300
12320,0.5800000000000001,0.07,0.51,32.239999999999995,11:32:32,52.93,300,52.95,400,52.94,100
12326,0.6,0.15,0.45,35.82,11:32:35,52.92,100,52.94,600,52.92,100
12330,0.5800000000000001,0.07,0.51,38.19,11:32:38,52.92,200,52.93,500,52.93,100
12332,0.57,0.09,0.48,39.19,11:32:39,52.92,100,52.93,400,52.925,100
12337,0.61,0.22,0.39,41.839999999999996,11:32:41,52.91,100,52.92,300,52.9125,200
12352,0.59,0.15,0.44,50.02999999999999,11:32:50,52.9,200,52.91,200,52.9,400
12356,0.6000000000000001,0.2,0.4,52.23999999999999,11:32:52,52.9,100,52.91,700,52.905,100
12363,0.6,0.13,0.47,56.26999999999999,11:32:56,52.89,200,52.91,900,52.903,500
12369,0.6000000000000001,0.07,0.53,0.0,11:33:00,52.88,100,52.89,900,52.88,100
12379,0.79,0.26,0.53,7.970000000000001,11:33:07,52.88,200,52.89,1000,52.89,100
12388,2.03,1.45,0.58,15.42,11:33:15,52.85,200,52.87,500,52.87,100
12395,0.5800000000000001,0.07,0.51,20.4,11:33:20,52.86,400,52.88,900,52.8666,113
12398,0.61,0.25,0.36,22.22,11:33:22,52.86,200,52.87,400,52.86,200
12411,0.43,0.07,0.36,30.040000000000003,11:33:30,52.86,400,52.88,600,52.8614,1000
12425,0.63,0.27,0.36,38.02,11:33:38,52.86,300,52.87,200,52.865,100
12429,0.57,0.21,0.36,40.21,11:33:40,52.86,300,52.88,500,52.8699,110
12489,0.62,0.18,0.44,17.810000000000006,11:34:17,52.84,300,52.85,400,52.85,100
12492,0.63,0.18,0.45,19.820000000000007,11:34:19,52.83,100,52.84,300,52.84,100
12495,0.6200000000000001,0.07,0.55,21.79000000000001,11:34:21,52.81,300,52.83,200,52.82,100
12498,0.5800000000000001,0.07,0.51,23.570000000000007,11:34:23,52.8,200,52.82,100,52.8167,500
12505,0.64,0.18,0.46,28.190000000000005,11:34:28,52.8,300,52.82,700,52.8,500
12514,0.7899999999999999,0.21,0.58,33.760000000000005,11:34:33,52.8,300,52.82,300,52.81,400
12532,0.76,0.08,0.68,45.76,11:34:45,52.8,1500,52.82,400,52.813,500
12541,0.76,0.07,0.69,52.129999999999995,11:34:52,52.79,200,52.8,300,52.79,100
12547,0.6000000000000001,0.07,0.53,0.0,11:35:00,52.78,300,52.8,200,52.7937,100
12550,0.77,0.32,0.45,1.98,11:35:01,52.78,100,52.8,900,52.78,200
12565,2.38,1.91,0.47,15.79,11:35:15,52.8,200,52.81,600,52.805,100
12575,0.59,0.18,0.41,5.1499999999999995,11:36:05,52.8,300,52.82,400,52.8149,1000
12614,3.59,3.07,0.52,0.0,11:37:00,52.85,200,52.86,700,52.855,200
12741,0.6000000000000001,0.14,0.46,32.2,11:38:32,52.85,300,52.86,400,52.8558,1000
12782,0.62,0.14,0.48,1.62,11:40:01,52.93,600,52.94,300,52.9292,100
12794,0.76,0.2,0.56,2.2,11:41:02,52.94,700,52.95,100,52.949,200
12800,0.63,0.28,0.35,9.450000000000001,11:41:09,52.94,600,52.95,100,52.95,100
12811,0.6,0.08,0.52,17.810000000000002,11:41:17,52.95,400,52.96,400,52.9527,190
12890,2.3,2.0,0.3,0.0,11:42:00,52.93,300,52.95,400,52.9388,500
12930,0.58,0.23,0.35,18.409999999999993,11:42:18,52.95,500,52.97,400,52.96,100
13170,0.25,0.08,0.17,8.89,11:45:08,52.94,700,52.95,200,52.945,100
13222,0.34,0.17,0.17,24.909999999999993,11:45:24,52.96,200,52.97,1000,52.9575,100
13229,0.39,0.22,0.17,26.969999999999995,11:45:26,52.96,300,52.97,300,52.955,100
13291,0.25,0.08,0.17,4.02,11:46:04,52.99,300,53.0,400,53.0,100
13296,0.25,0.09,0.16,12.25,11:46:12,53.0,500,53.01,600,53.0051,400
13339,0.25,0.07,0.18,31.89,11:46:31,52.99,200,53.0,400,52.995,100
13444,0.42000000000000004,0.23,0.19,4.04,11:47:04,52.99,400,53.01,800,53.005,100
13646,0.29000000000000004,0.07,0.22,31.799999999999994,11:48:31,52.95,400,52.97,400,52.968999999999994,12743
13671,0.31,0.09,0.22,39.82999999999999,11:48:39,52.91,100,52.92,200,52.91,100
13689,0.47000000000000003,0.27,0.2,45.99999999999998,11:48:45,52.91,100,52.92,200,52.915,100
14504,4.07,3.9,0.17,0.0,11:54:00,52.89,400,52.9,400,52.895,300
14505,0.39,0.21,0.18,0.39,11:54:00,52.9,100,52.91,800,52.8925,100
14517,1.98,1.65,0.33,10.6,11:54:10,52.9,300,52.91,800,52.9093,100
14711,0.4,0.18,0.22,24.00000000000001,11:55:24,52.89,400,52.9,300,52.8999,130
14753,0.45,0.26,0.19,40.020000000000024,11:55:40,52.91,400,52.92,100,52.9143,100
14929,0.42,0.21,0.21,51.98000000000005,11:56:51,52.89,200,52.9,300,52.8996,1000
15009,0.47000000000000003,0.27,0.2,12.469999999999997,11:57:12,52.91,300,52.92,200,52.9132,190
15427,0.28,0.07,0.21,11.699999999999998,12:00:11,52.93,200,52.94,400,52.935,2000
15565,0.38,0.18,0.2,0.0,12:01:00,52.91,200,52.92,600,52.9128,390
15679,0.26,0.1,0.16,47.819999999999986,12:01:47,52.88,1900,52.89,300,52.8831,120
15686,0.24000000000000002,0.07,0.17,49.81999999999999,12:01:49,52.88,1900,52.89,300,52.8875,100
16004,0.33,0.13,0.2,52.170000000000016,12:03:52,52.88,200,52.89,800,52.875,100
16356,2.14,1.97,0.17,10.010000000000003,12:06:10,52.89,300,52.9,500,52.8901,1068
16670,2.81,2.59,0.22,3.0700000000000003,12:08:03,52.88,600,52.89,400,52.8886,200
17147,2.34,2.08,0.26,0.0,12:11:00,52.9,400,52.91,500,52.9025,100
17312,0.25,0.07,0.18,7.839999999999999,12:12:07,52.88,600,52.89,300,52.885,100
17343,0.35,0.17,0.18,23.8,12:12:23,52.87,600,52.88,600,52.8734,571
17434,0.3,0.09,0.21,53.980000000000004,12:12:53,52.87,400,52.88,700,52.8789,229
17465,3.0,2.67,0.33,16.88,12:13:16,52.88,400,52.89,600,52.8825,100
17936,3.98,3.64,0.34,20.230000000000004,12:16:20,52.88,500,52.89,600,52.8844,148
17940,0.31,0.07,0.24,21.780000000000005,12:16:21,52.87,900,52.88,300,52.8725,100
18014,0.44000000000000006,0.17,0.27,47.80000000000001,12:16:47,52.84,100,52.85,600,52.845,100
18027,0.27,0.09,0.18,51.87000000000002,12:16:51,52.83,500,52.84,100,52.83,100
18070,0.23,0.07,0.16,5.930000000000001,12:17:05,52.82,400,52.83,600,52.825,115
18228,0.37,0.21,0.16,0.0,12:18:00,52.82,400,52.83,900,52.8233,152
18241,0.31000000000000005,0.14,0.17,7.550000000000001,12:18:07,52.82,600,52.83,700,52.827,100
18413,2.06,1.86,0.2,6.98,12:19:06,52.82,1200,52.83,900,52.8201,100
18507,0.30000000000000004,0.07,0.23,34.44,12:19:34,52.83,800,52.84,1200,52.835,100
18617,0.39,0.21,0.18,26.370000000000008,12:20:26,52.83,700,52.84,700,52.8351,100
18747,0.32,0.12,0.2,16.02,12:21:16,52.81,400,52.82,400,52.815,100
18825,0.37,0.19,0.18,44.02999999999998,12:21:44,52.82,300,52.83,600,52.8293,200
18972,0.29000000000000004,0.07,0.22,49.94,12:22:49,52.81,400,52.83,400,52.8235,205
19032,0.33999999999999997,0.13,0.21,14.400000000000002,12:23:14,52.81,300,52.82,200,52.8146,101
19054,0.39,0.21,0.18,26.23000000000001,12:23:26,52.8,300,52.81,400,52.8075,100
19208,0.49,0.24,0.25,26.25000000000001,12:24:26,52.81,500,52.82,700,52.8156,220
19433,0.27,0.07,0.2,2.16,12:26:02,52.81,700,52.82,200,52.8133,100
19442,0.28,0.09,0.19,8.13,12:26:08,52.81,700,52.82,200,52.8101,200
19906,0.36,0.17,0.19,0.0,12:29:00,52.81,700,52.82,300,52.8177,100
20709,0.29000000000000004,0.13,0.16,31.729999999999997,12:34:31,52.84,400,52.85,600,52.8475,100
21500,0.4,0.23,0.17,0.0,12:40:00,52.8,500,52.81,1100,52.8084,290
21648,0.36,0.18,0.18,4.040000000000001,12:41:04,52.8,500,52.81,700,52.8046,113
21675,0.24,0.08,0.16,24.040000000000003,12:41:24,52.8,600,52.81,800,52.8057,240
23006,0.25,0.08,0.17,10.160000000000002,12:52:10,52.9,900,52.91,400,52.9044,200
23316,0.28,0.07,0.21,0.0,12:54:00,52.9,600,52.91,1100,52.9062,300
23836,0.23,0.07,0.16,34.889999999999986,12:57:34,52.86,800,52.87,800,52.8607,100
24284,0.26,0.09,0.17,0.0,13:02:00,52.88,700,52.89,700,52.881,200
24386,0.36,0.2,0.16,41.839999999999975,13:02:41,52.87,800,52.88,400,52.876000000000005,200
24673,0.24,0.08,0.16,21.85000000000001,13:04:21,52.87,800,52.88,1400,52.8714,170
24749,0.24000000000000002,0.07,0.17,0.9299999999999999,13:05:00,52.86,800,52.87,500,52.8611,100
25122,0.4,0.18,0.22,16.659999999999997,13:10:16,52.86,400,52.87,500,52.8601,503
25165,0.39,0.18,0.21,30.62999999999999,13:10:30,52.86,400,52.87,1500,52.869,100
26006,0.75,0.2,0.55,12.38,13:19:12,52.91,300,52.92,800,52.9101,199
26257,0.59,0.21,0.38,0.0,13:22:00,52.92,400,52.93,1700,52.9243,293
26376,1.65,1.07,0.58,23.05,13:23:23,52.91,600,52.92,700,52.9175,100
26495,1.19,0.13,1.06,40.96000000000001,13:24:40,52.92,700,52.93,1500,52.9232,104
26510,3.42,2.3,1.12,0.0,13:25:00,52.92,700,52.93,1700,52.9201,100
26693,1.38,0.23,1.15,57.830000000000034,13:28:57,52.93,900,52.94,400,52.9316,3000
26760,1.41,0.22,1.19,33.349999999999994,13:30:33,52.93,500,52.94,200,52.9354,100
26912,1.2200000000000002,0.14,1.08,0.0,13:34:00,52.93,900,52.94,700,52.9357,472
27115,1.1900000000000002,0.07,1.12,9.609999999999998,13:38:09,52.92,1300,52.93,1200,52.9293,100
27401,1.19,0.2,0.99,0.0,13:45:00,52.86,1200,52.87,2000,52.8634,135
27437,1.02,0.07,0.95,43.84,13:45:43,52.85,800,52.86,1200,52.8557,140
27628,1.01,0.23,0.78,18.03,13:49:18,52.84,600,52.85,1000,52.8443,150
27653,0.99,0.08,0.91,43.610000000000014,13:49:43,52.84,500,52.85,1300,52.8499,438
27728,1.21,0.07,1.14,23.17,13:51:23,52.89,800,52.9,500,52.8932,125
27862,0.97,0.23,0.74,45.98000000000002,13:53:45,52.87,1300,52.88,100,52.879,350
27954,1.1900000000000002,0.07,1.12,44.01,13:55:44,52.87,100,52.88,1400,52.8742,172
28181,3.6100000000000003,2.62,0.99,0.0,14:00:00,52.86,700,52.87,1000,52.8685,100
28184,2.82,1.93,0.89,6.42,14:00:06,52.86,800,52.87,1000,52.863,1282
28235,0.98,0.24,0.74,9.19,14:01:09,52.86,800,52.87,1300,52.8638,200
28256,1.1900000000000002,0.07,1.12,31.57,14:01:31,52.86,1100,52.87,1500,52.8642,208
28430,3.4299999999999997,2.73,0.7,3.4299999999999997,14:05:03,52.82,700,52.83,1700,52.8234,125
28478,1.3699999999999999,0.21,1.16,1.3699999999999999,14:06:01,52.81,1100,52.82,500,52.8199,182
28503,1.23,0.15,1.08,29.01,14:06:29,52.8,700,52.81,600,52.8099,1256
28693,1.1900000000000002,0.07,1.12,25.830000000000002,14:10:25,52.8,200,52.81,1100,52.8028,524
28724,0.99,0.18,0.81,11.8,14:11:11,52.79,300,52.8,900,52.7933,400
28727,0.99,0.23,0.76,17.19,14:11:17,52.79,600,52.8,900,52.795,100
28737,0.81,0.07,0.74,27.21,14:11:27,52.77,4100,52.78,900,52.775,200
28739,0.81,0.14,0.67,29.0,14:11:29,52.77,4000,52.78,900,52.77,100
28761,0.81,0.14,0.67,48.96,14:11:48,52.75,1400,52.76,400,52.76,100
28770,0.8200000000000001,0.07,0.75,0.0,14:12:00,52.76,600,52.77,400,52.765,200
28806,1.0,0.24,0.76,38.589999999999996,14:12:38,52.78,100,52.79,600,52.785,100
28932,1.0,0.08,0.92,48.39,14:14:48,52.83,100,52.84,700,52.839,755
28977,0.9800000000000001,0.17,0.81,38.40999999999999,14:15:38,52.86,700,52.87,500,52.8629,500
29024,1.2000000000000002,0.27,0.93,27.830000000000002,14:16:27,52.86,100,52.87,400,52.8616,100
29647,0.5900000000000001,0.14,0.45,0.0,14:24:00,52.86,1000,52.87,700,52.8632,150
29653,0.42,0.07,0.35,3.63,14:24:03,52.85,400,52.86,1100,52.8544,100
29668,0.77,0.14,0.63,0.0,14:25:00,52.86,600,52.87,1100,52.8644,100
29881,0.6,0.18,0.42,29.950000000000003,14:27:29,52.85,800,52.86,800,52.8543,200
29981,0.8200000000000001,0.29,0.53,32.18,14:28:32,52.89,1000,52.9,900,52.8972,500
30012,0.77,0.07,0.7,0.0,14:29:00,52.89,600,52.9,800,52.8993,200
30173,0.5900000000000001,0.07,0.52,6.39,14:30:06,52.88,600,52.89,800,52.8846,125
30240,0.44,0.08,0.36,33.830000000000005,14:31:33,52.9,600,52.91,900,52.9001,5000
30448,3.59,3.1,0.49,18.19,14:34:18,52.96,1400,52.97,300,52.9699,100
30645,0.5900000000000001,0.14,0.45,29.56,14:38:29,52.95,700,52.96,800,52.9544,500
31038,0.6,0.23,0.37,13.799999999999997,14:43:13,52.91,1300,52.92,700,52.9146,211
31082,0.6200000000000001,0.07,0.55,44.00000000000001,14:43:44,52.9,200,52.91,800,52.9046,155
31653,0.79,0.14,0.65,43.97,14:50:43,52.91,1200,52.92,600,52.9133,200
32056,47.769999999999996,47.23,0.54,0.0,14:56:00,52.96,800,52.97,500,52.965,100
32070,0.59,0.08,0.51,9.17,14:56:09,52.96,800,52.97,700,52.9615,100
32137,0.6000000000000001,0.07,0.53,3.06,14:57:03,52.93,1100,52.94,600,52.9399,100
32216,2.0100000000000002,1.57,0.44,18.63,14:58:18,52.91,500,52.92,800,52.9169,312
32706,0.76,0.07,0.69,5.98,15:04:05,52.88,900,52.89,300,52.888999999999996,300
32715,0.77,0.31,0.46,14.229999999999999,15:04:14,52.87,1600,52.88,700,52.8799,116
32792,0.6200000000000001,0.07,0.55,14.220000000000002,15:05:14,52.86,1000,52.87,1100,52.8668,100
32822,0.64,0.08,0.56,34.25000000000001,15:05:34,52.86,800,52.87,1100,52.8665,900
32891,0.6200000000000001,0.28,0.34,27.070000000000004,15:06:27,52.87,200,52.87,100,52.8633,547
32894,0.58,0.08,0.5,29.03,15:06:29,52.87,700,52.88,900,52.8744,504
33236,0.62,0.21,0.41,50.24000000000003,15:10:50,52.89,900,52.9,900,52.8985,100
33713,0.59,0.21,0.38,12.6,15:16:12,52.95,1200,52.96,400,52.9554,665
33989,0.76,0.21,0.55,34.80000000000001,15:19:34,52.95,700,52.96,500,52.9507,100
34181,0.57,0.09,0.48,38.220000000000006,15:21:38,52.95,1900,52.96,300,52.9568,4000
34627,0.6,0.16,0.44,1.81,15:27:01,52.97,1000,52.98,1600,52.971000000000004,275
34715,0.44999999999999996,0.09,0.36,0.0,15:28:00,52.98,1400,52.99,1200,52.9853,300
34843,0.8099999999999999,0.09,0.72,36.23000000000001,15:29:36,52.98,400,52.99,1100,52.985,100
34879,0.84,0.08,0.76,22.799999999999997,15:30:22,52.95,400,52.96,1200,52.957,660
35053,0.59,0.21,0.38,19.79,15:32:19,52.95,1000,52.96,1200,52.9545,1160
35325,0.58,0.22,0.36,23.470000000000002,15:35:23,52.95,1400,52.96,1300,52.9552,100
35524,0.63,0.14,0.49,42.02,15:37:42,52.94,1900,52.95,1300,52.941,100
35785,0.62,0.15,0.47,47.44999999999999,15:40:47,52.94,1100,52.95,500,52.946999999999996,200
35849,0.44,0.07,0.37,15.820000000000002,15:41:15,52.94,1200,52.95,1300,52.9408,105
36009,0.61,0.17,0.44,24.370000000000005,15:43:24,52.94,2800,52.95,1000,52.9425,100
36029,0.5700000000000001,0.14,0.43,36.379999999999995,15:43:36,52.93,1300,52.94,800,52.9384,200
36159,0.45999999999999996,0.09,0.37,4.029999999999999,15:45:04,52.9,1500,52.91,1000,52.902,100
36188,0.59,0.1,0.49,25.989999999999995,15:45:25,52.89,1000,52.9,1300,52.8933,100
36254,0.6,0.21,0.39,5.43,15:46:05,52.87,800,52.88,2900,52.8701,134
36405,0.58,0.09,0.49,49.45000000000005,15:47:49,52.82,300,52.83,2200,52.8225,100
36475,2.38,1.76,0.62,48.37,15:48:48,52.82,1400,52.83,1400,52.8299,128
36511,2.06,1.54,0.52,10.270000000000001,15:49:10,52.83,1300,52.84,300,52.8346,183
36517,3.77,2.96,0.81,17.04,15:49:17,52.83,1600,52.84,500,52.8399,100
36591,0.6,0.18,0.42,4.0,15:50:04,52.8,300,52.81,800,52.8625,700
36805,0.6,0.08,0.52,53.64000000000002,15:52:53,52.84,2700,52.85,700,52.8493,399
37152,0.6300000000000001,0.07,0.56,13.610000000000001,15:57:13,52.8,8000,52.81,2900,52.8041,106
