,Total Delay,Request Delay,Saving Delay,Arrival Time,Time,Bid,Bid Size,Ask,Ask Size,Last Price,Last Size
0,0.6499999999999999,0.3,0.35,0.6499999999999999,09:30:00,54.74,400,54.9,500,54.86,100
12,0.35,0.16,0.19,4.76,09:30:04,54.74,300,54.81,100,54.775,100
22,0.3,0.08,0.22,8.47,09:30:08,54.71,600,54.74,300,54.72,100
32,0.43,0.21,0.22,12.59,09:30:12,54.62,100,54.71,200,54.68,100
42,0.32,0.07,0.25,16.54,09:30:16,54.64,100,54.76,100,54.71,100
51,0.4,0.18,0.22,0.0,09:31:00,54.64,100,54.77,300,54.74,100
69,0.42,0.21,0.21,10.05,09:31:10,54.64,200,54.79,200,54.75,100
77,1.79,1.43,0.36,16.86,09:31:16,54.68,100,54.81,200,54.79,100
99,0.27,0.07,0.2,26.060000000000002,09:31:26,54.68,200,54.86,100,54.78,100
122,0.32,0.12,0.2,34.120000000000005,09:31:34,54.7,200,54.86,200,54.82,100
200,2.27,2.05,0.22,0.0,09:32:00,54.7,300,54.84,100,54.85,100
201,4.77,4.56,0.21,4.77,09:32:04,54.84,300,54.89,200,54.87,100
202,2.2199999999999998,2.03,0.19,6.989999999999999,09:32:06,54.82,100,54.92,100,54.895,100
206,0.24000000000000002,0.07,0.17,8.11,09:32:08,54.92,200,54.98,100,54.95,100
209,1.96,1.75,0.21,10.79,09:32:10,54.95,100,55.0,14200,54.98,190
214,0.33999999999999997,0.18,0.16,12.18,09:32:12,54.96,100,55.01,100,55.0,100
221,0.26,0.08,0.18,14.329999999999998,09:32:14,55.02,100,55.13,100,55.04,100
227,0.36,0.19,0.17,16.18,09:32:16,55.13,200,55.15,100,55.13,200
234,0.23,0.07,0.16,18.15,09:32:18,55.16,100,55.22,100,55.22,100
241,0.26,0.09,0.17,20.389999999999997,09:32:20,55.2,200,55.22,100,55.19,500
252,0.24000000000000002,0.07,0.17,24.31999999999999,09:32:24,55.08,1500,55.2,100,55.17,100
258,0.39,0.22,0.17,26.549999999999994,09:32:26,55.08,1500,55.18,100,55.08,100
264,0.24000000000000002,0.07,0.17,28.499999999999996,09:32:28,54.89,300,55.13,200,55.06,600
295,0.33999999999999997,0.18,0.16,38.36000000000002,09:32:38,55.1,900,55.14,200,55.12,200
302,0.39,0.22,0.17,40.60000000000002,09:32:40,55.1,1100,55.18,100,55.14,110
336,0.29,0.08,0.21,51.82000000000003,09:32:51,55.15,100,55.18,200,55.15,100
343,2.23,1.98,0.25,3.41,09:33:03,55.01,400,55.09,100,55.02,100
344,0.36,0.18,0.18,3.77,09:33:03,54.92,100,55.03,100,55.01,300
509,2.14,1.95,0.19,2.14,09:34:02,54.91,500,55.07,600,55.07,100
556,0.47000000000000003,0.28,0.19,27.040000000000003,09:34:27,54.92,600,55.07,200,54.99,900
695,0.6200000000000001,0.28,0.34,38.08999999999999,09:35:38,54.99,600,55.06,400,55.05,100
707,0.25,0.07,0.18,41.849999999999994,09:35:41,55.11,200,55.14,100,55.11,100
748,0.4,0.22,0.18,53.910000000000004,09:35:53,55.08,100,55.12,200,55.1,100
779,3.7600000000000002,3.33,0.43,20.150000000000002,09:36:20,55.1,300,55.14,300,55.1279,100
892,0.5,0.24,0.26,0.0,09:37:00,55.08,200,55.15,900,55.1197,100
901,2.69,2.4,0.29,8.65,09:37:08,55.09,200,55.1,300,55.09,300
922,0.43,0.08,0.35,18.400000000000002,09:37:18,55.1,200,55.11,300,55.1067,200
959,0.48,0.21,0.27,34.17,09:37:34,55.17,200,55.22,400,55.18,100
1016,4.37,4.13,0.24,12.880000000000003,09:38:12,55.18,600,55.23,4000,55.21,600
1060,0.33,0.08,0.25,34.05999999999999,09:38:34,55.18,100,55.22,900,55.2152,200
1095,0.51,0.2,0.31,48.30999999999999,09:38:48,55.19,400,55.25,900,55.2,894
1135,0.42000000000000004,0.2,0.22,5.6000000000000005,09:39:05,55.18,100,55.21,300,55.195,100
1152,0.44,0.2,0.24,15.550000000000002,09:39:15,55.18,300,55.2,100,55.187,200
1211,0.45,0.2,0.25,41.870000000000026,09:39:41,55.15,200,55.18,100,55.1776,100
1245,0.42000000000000004,0.22,0.2,53.80000000000003,09:39:53,55.15,300,55.2,100,55.185,200
1256,0.5800000000000001,0.3,0.28,57.83000000000003,09:39:57,55.17,200,55.2,100,55.1875,100
1262,0.25,0.07,0.18,0.0,09:40:00,55.17,100,55.19,100,55.18899999999999,300
1565,2.37,2.09,0.28,4.380000000000001,09:42:04,55.15,200,55.2,200,55.155,200
1804,0.33999999999999997,0.15,0.19,0.0,09:44:00,55.13,100,55.16,200,55.141000000000005,2000
1868,0.33999999999999997,0.12,0.22,30.06,09:44:30,55.11,100,55.15,400,55.1324,500
1970,1.2,0.89,0.31,8.54,09:45:08,55.1,300,55.14,400,55.1032,100
1981,0.5,0.2,0.3,16.08,09:45:16,55.1,300,55.14,600,55.1203,250
2649,0.45999999999999996,0.22,0.24,0.0,09:50:00,55.13,400,55.18,400,55.178000000000004,2800
2817,0.38,0.08,0.3,16.12,09:51:16,55.08,300,55.13,300,55.105,200
2875,0.41000000000000003,0.2,0.21,37.89999999999999,09:51:37,55.1,100,55.13,300,55.115,1700
3243,0.27,0.07,0.2,0.0,09:54:00,55.02,200,55.04,100,55.03,100
3434,0.39,0.19,0.2,30.509999999999994,09:55:30,55.01,300,55.04,300,55.031000000000006,100
3509,0.5,0.26,0.24,0.0,09:56:00,55.04,800,55.05,500,55.045,100
3533,0.45,0.23,0.22,13.96,09:56:13,55.04,400,55.05,600,55.0408,100
3772,0.26,0.07,0.19,47.989999999999995,09:57:47,54.94,100,54.98,300,54.96,700
3813,1.68,1.38,0.3,0.0,09:58:00,54.94,200,54.97,600,54.94,100
3864,0.28,0.07,0.21,26.260000000000012,09:58:26,54.96,100,54.97,400,54.97,100
4462,0.56,0.25,0.31,48.28000000000003,10:02:48,55.14,600,55.19,200,55.165,200
4576,0.35,0.18,0.17,33.940000000000005,10:03:33,55.11,100,55.17,100,55.16,100
4608,0.24000000000000002,0.07,0.17,43.650000000000006,10:03:43,55.17,100,55.22,300,55.2039,700
4988,0.27,0.07,0.2,9.940000000000001,10:06:09,55.21,100,55.22,100,55.2099,500
5015,0.38,0.14,0.24,20.06,10:06:20,55.22,100,55.25,2900,55.23,100
5070,0.37,0.18,0.19,0.0,10:07:00,55.24,200,55.27,300,55.25,100
5097,0.38,0.21,0.17,15.550000000000004,10:07:15,55.24,200,55.28,400,55.27,100
5125,0.38,0.18,0.2,27.59000000000001,10:07:27,55.24,300,55.28,600,55.28,100
5187,0.31,0.12,0.19,49.590000000000025,10:07:49,55.28,300,55.3,200,55.3,100
5239,0.37,0.21,0.16,6.19,10:08:06,55.28,300,55.3,300,55.2915,400
5245,3.9699999999999998,3.65,0.32,11.75,10:08:11,55.3,300,55.35,200,55.32,100
5372,0.28,0.07,0.21,0.0,10:09:00,55.3,400,55.33,700,55.303000000000004,100
5376,0.37,0.17,0.2,1.6600000000000001,10:09:01,55.28,100,55.3,200,55.29,100
5426,0.26,0.08,0.18,31.74000000000001,10:09:31,55.22,100,55.25,400,55.24,100
5432,0.28,0.07,0.21,33.690000000000005,10:09:33,55.22,100,55.25,400,55.235,100
5575,1.53,1.22,0.31,6.04,10:13:06,55.28,400,55.33,200,55.31,100
5586,0.33,0.08,0.25,13.31,10:13:13,55.28,300,55.31,500,55.295,100
6181,0.38,0.08,0.3,19.840000000000003,10:17:19,55.2,300,55.23,300,55.2132,284
6257,0.5700000000000001,0.18,0.39,47.920000000000016,10:17:47,55.23,300,55.25,300,55.245,360
6291,4.31,3.94,0.37,7.42,10:18:07,55.24,200,55.27,300,55.26,100
6363,0.38,0.17,0.21,16.619999999999997,10:19:16,55.21,400,55.24,200,55.225,100
6536,34.309999999999995,34.08,0.23,0.0,10:21:00,55.29,500,55.32,400,55.2996,250
6563,0.71,0.23,0.48,12.68,10:21:12,55.31,100,55.34,200,55.33,100
6612,0.6000000000000001,0.27,0.33,0.0,10:22:00,55.31,500,55.34,200,55.3295,150
6651,0.45,0.18,0.27,25.580000000000005,10:22:25,55.32,600,55.34,200,55.34,100
6661,0.75,0.27,0.48,30.350000000000005,10:22:30,55.37,200,55.38,200,55.37,100
6665,0.49,0.07,0.42,32.46,10:22:32,55.34,500,55.36,300,55.36,100
6681,0.56,0.24,0.32,41.81000000000001,10:22:41,55.34,500,55.37,300,55.35,100
6737,4.74,4.41,0.33,0.0,10:23:00,55.38,200,55.39,300,55.39,100
6747,0.48,0.09,0.39,4.6,10:23:04,55.38,400,55.41,300,55.41,100
6757,0.43,0.21,0.22,8.290000000000001,10:23:08,55.38,400,55.41,400,55.38,100
6768,0.42,0.13,0.29,12.22,10:23:12,55.38,400,55.41,400,55.398999999999994,500
6859,1.61,1.32,0.29,0.0,10:24:00,55.4,300,55.42,100,55.42,100
7293,0.25,0.08,0.17,7.82,10:28:07,55.24,300,55.27,200,55.255,210
7489,0.43000000000000005,0.23,0.2,16.15,10:29:16,55.27,400,55.31,400,55.3099,100
7868,0.25,0.08,0.17,24.760000000000012,10:33:24,55.3,300,55.31,1100,55.305,200
8075,0.63,0.17,0.46,0.0,10:35:00,55.27,300,55.29,400,55.275,100
8137,1.21,0.08,1.13,50.01999999999999,10:35:50,55.25,300,55.28,1800,55.265,500
8233,0.8,0.31,0.49,0.0,10:37:00,55.25,500,55.27,800,55.2584,200
8480,0.78,0.15,0.63,46.13000000000002,10:39:46,55.3,600,55.31,200,55.3011,100
8503,0.63,0.12,0.51,19.769999999999996,10:40:19,55.32,100,55.33,700,55.325,100
9023,0.59,0.23,0.36,0.0,10:46:00,55.34,400,55.36,200,55.355,100
9519,0.6,0.19,0.41,37.31000000000001,10:51:37,55.24,200,55.25,500,55.2501,3500
9602,0.64,0.19,0.45,48.20000000000002,10:52:48,55.21,200,55.22,1000,55.215,100
9774,0.63,0.19,0.44,12.29,10:56:12,55.23,400,55.24,400,55.2299,100
9799,0.6100000000000001,0.07,0.54,28.860000000000007,10:56:28,55.22,100,55.24,400,55.2399,100
9937,0.5700000000000001,0.07,0.5,0.0,10:58:00,55.26,300,55.28,400,55.2667,500
10061,0.57,0.22,0.35,22.000000000000004,10:59:22,55.21,200,55.23,400,55.2102,3333
10293,0.65,0.23,0.42,26.15,11:04:26,55.25,300,55.27,300,55.2616,150
10564,0.62,0.17,0.45,28.060000000000006,11:07:28,55.18,400,55.21,600,55.1824,3000
11024,0.76,0.2,0.56,41.36999999999999,11:12:41,55.13,200,55.16,300,55.145,100
11201,108.41,107.97,0.44,0.0,11:16:00,55.23,200,55.25,400,55.2432,200
12059,0.73,0.08,0.65,1.34,11:28:01,55.24,400,55.26,300,55.2411,100
12307,0.43,0.12,0.31,2.19,11:32:02,55.3,300,55.33,700,55.3299,100
12849,0.61,0.18,0.43,0.0,11:41:00,55.28,400,55.31,600,55.3001,750
14826,0.26,0.07,0.19,9.84,11:56:09,55.34,300,55.37,200,55.3553,100
15141,0.26,0.07,0.19,18.07,11:58:18,55.35,200,55.36,400,55.3515,400
15546,0.35,0.17,0.18,41.85000000000001,12:00:41,55.33,300,55.34,200,55.335,100
16353,0.24000000000000002,0.07,0.17,3.39,12:06:03,55.35,200,55.38,200,55.365,140
17415,0.30000000000000004,0.07,0.23,47.95000000000001,12:12:47,55.34,300,55.37,500,55.3594,200
17688,0.49,0.19,0.3,36.400000000000006,12:14:36,55.34,700,55.35,400,55.3443,400
18797,0.32999999999999996,0.12,0.21,0.0,12:21:00,55.35,200,55.36,100,55.3558,500
19285,0.29,0.08,0.21,6.929999999999999,12:24:06,55.31,300,55.34,300,55.336999999999996,200
19572,0.29000000000000004,0.09,0.2,0.0,12:27:00,55.35,300,55.37,300,55.3502,500
20228,0.24,0.08,0.16,14.050000000000002,12:31:14,55.36,200,55.38,300,55.3799,100
21456,0.24000000000000002,0.07,0.17,14.880000000000004,12:39:14,55.32,300,55.34,300,55.3214,800
21786,149.10999999999999,148.89,0.22,0.0,12:44:00,55.27,100,55.28,200,55.2765,458
22598,0.34,0.17,0.17,0.0,12:49:00,55.26,400,55.28,500,55.2665,300
22682,0.33,0.14,0.19,4.09,12:50:04,55.26,500,55.28,500,55.2798,500
22872,0.31000000000000005,0.14,0.17,6.109999999999999,12:51:06,55.26,500,55.28,400,55.2786,200
23066,0.36,0.18,0.18,30.100000000000016,12:52:30,55.23,200,55.24,600,55.2347,200
23804,0.33999999999999997,0.18,0.16,6.070000000000001,12:57:06,55.23,100,55.26,300,55.2597,100
23885,0.35,0.18,0.17,0.0,12:58:00,55.25,300,55.28,500,55.2799,100
25083,0.35,0.09,0.26,0.0,13:10:00,55.31,300,55.32,300,55.3146,100
25745,0.67,0.21,0.46,0.0,13:16:00,55.31,400,55.33,400,55.3213,500
26382,0.62,0.18,0.44,0.0,13:23:00,55.31,400,55.33,300,55.3207,335
26754,1.57,0.34,1.23,3.76,13:30:03,55.4,100,55.41,900,55.4,106
26779,1.19,0.3,0.89,35.78,13:30:35,55.39,300,55.4,300,55.395,285
26888,1.41,0.18,1.23,28.82,13:33:28,55.38,200,55.39,100,55.383,100
26889,1.6,0.33,1.27,30.42,13:33:30,55.38,200,55.39,200,55.3808,100
27226,1.1700000000000002,0.07,1.1,16.990000000000002,13:41:16,55.33,200,55.36,200,55.345,1000
27240,1.2,0.07,1.13,33.18,13:41:33,55.35,200,55.38,200,55.3501,100
27668,0.99,0.24,0.75,6.390000000000001,13:50:06,55.3,200,55.31,300,55.2975,100
27713,1.22,0.07,1.15,1.22,13:51:01,55.26,300,55.28,100,55.2737,283
27723,2.3899999999999997,1.63,0.76,17.37,13:51:17,55.26,300,55.28,200,55.271,400
27825,0.99,0.2,0.79,0.0,13:53:00,55.28,200,55.29,200,55.285,200
27883,3.41,2.69,0.72,12.63,13:54:12,55.3,300,55.32,200,55.313,100
27929,1.23,0.18,1.05,0.0,13:55:00,55.3,100,55.32,200,55.3125,100
28217,1.0,0.19,0.81,31.610000000000003,14:00:31,55.3,100,55.33,300,55.3106,321
28524,1.4000000000000001,0.09,1.31,0.0,14:07:00,55.28,200,55.31,300,55.2968,100
29374,0.6,0.09,0.51,0.0,14:21:00,55.3,300,55.33,500,55.315,272
29673,3.62,3.02,0.6,5.19,14:25:05,55.29,400,55.31,500,55.3012,100
29972,0.6100000000000001,0.07,0.54,19.2,14:28:19,55.28,200,55.3,400,55.2888,107
34546,0.43999999999999995,0.09,0.35,0.0,15:26:00,55.25,300,55.26,600,55.2522,1100
35580,0.5900000000000001,0.19,0.4,25.620000000000008,15:38:25,55.27,400,55.28,900,55.2701,104
35643,0.62,0.21,0.41,0.0,15:39:00,55.27,400,55.28,1100,55.2755,200
36602,0.64,0.08,0.56,12.400000000000002,15:50:12,55.23,1200,55.24,700,55.2338,420
36650,0.77,0.18,0.59,51.80000000000002,15:50:51,55.23,1200,55.24,1500,55.2301,254
36805,0.6,0.08,0.52,57.80000000000003,15:52:57,55.2,400,55.21,1400,55.205,100
37152,0.6300000000000001,0.07,0.56,0.6300000000000001,15:57:00,55.17,300,55.18,700,55.175,100
