,Total Delay,Request Delay,Saving Delay,Arrival Time,Time,Bid,Bid Size,Ask,Ask Size,Last Price,Last Size
0,0.6499999999999999,0.3,0.35,0.6499999999999999,09:30:00,19.21,100,19.25,700,19.22,100
16,0.32,0.08,0.24,6.53,09:30:06,19.19,100,19.23,700,19.21,100
32,0.43,0.21,0.22,12.59,09:30:12,19.16,200,19.23,300,19.18,100
88,0.39,0.2,0.19,0.0,09:31:00,19.2,300,19.21,400,19.2,100
144,0.46,0.18,0.28,20.19,09:31:20,19.21,200,19.26,100,19.25,100
187,0.24000000000000002,0.07,0.17,0.0,09:32:00,19.22,100,19.24,200,19.23,100
295,0.33999999999999997,0.18,0.16,46.129999999999995,09:32:46,19.21,100,19.22,300,19.215,300
315,0.3,0.08,0.22,52.339999999999996,09:32:52,19.21,100,19.22,300,19.2193,100
445,0.39,0.21,0.18,38.63000000000001,09:33:38,19.18,400,19.19,500,19.19,100
452,0.26,0.07,0.19,40.760000000000005,09:33:40,19.18,500,19.19,200,19.187,120
479,0.38,0.12,0.26,50.25000000000001,09:33:50,19.18,600,19.19,100,19.1862,187
486,0.25,0.07,0.18,0.0,09:34:00,19.14,100,19.15,300,19.145,100
499,0.38,0.19,0.19,4.080000000000001,09:34:04,19.15,300,19.17,400,19.16,100
508,1.78,1.57,0.21,9.100000000000001,09:34:09,19.13,400,19.14,600,19.14,100
511,0.48,0.27,0.21,12.050000000000002,09:34:12,19.13,300,19.14,600,19.1344,700
513,2.17,1.87,0.3,14.470000000000002,09:34:14,19.14,600,19.15,100,19.15,100
566,0.33,0.08,0.25,39.94999999999999,09:34:39,19.16,300,19.17,300,19.17,35000
588,0.29000000000000004,0.07,0.22,47.87999999999999,09:34:47,19.12,200,19.13,300,19.12,200
617,3.8,3.55,0.25,0.0,09:35:00,19.12,400,19.13,300,19.13,100
636,0.43,0.22,0.21,15.759999999999998,09:35:15,19.11,600,19.12,400,19.11,100
855,0.35000000000000003,0.07,0.28,52.44,09:36:52,19.13,300,19.14,400,19.135,100
1023,0.39,0.11,0.28,15.890000000000002,09:38:15,19.19,100,19.2,900,19.195,1000
1197,0.53,0.17,0.36,36.18000000000002,09:39:36,19.15,500,19.16,200,19.1575,800
1238,0.38,0.19,0.19,52.20000000000004,09:39:52,19.15,700,19.16,300,19.1562,200
1272,0.46,0.23,0.23,1.1300000000000001,09:40:01,19.13,1000,19.14,400,19.1375,700
1308,0.42,0.18,0.24,20.97,09:40:20,19.08,600,19.09,500,19.08,100
1319,0.49,0.28,0.21,25.04,09:40:25,19.09,400,19.1,300,19.09,200
1330,0.38,0.19,0.19,28.899999999999995,09:40:28,19.1,500,19.11,800,19.1,100
1341,0.44999999999999996,0.21,0.24,32.94,09:40:32,19.1,500,19.11,100,19.1075,300
1395,0.34,0.08,0.26,0.0,09:41:00,19.07,200,19.08,500,19.07,100
1401,0.29000000000000004,0.1,0.19,2.09,09:41:02,19.07,300,19.08,600,19.0875,1600
1438,0.28,0.07,0.21,18.05,09:41:18,19.06,300,19.07,300,19.065,100
1439,3.9699999999999998,3.65,0.32,22.02,09:41:22,19.03,600,19.04,300,19.03,100
1445,0.36,0.07,0.29,24.229999999999997,09:41:24,19.03,600,19.04,400,19.035,300
1456,0.37,0.15,0.22,27.979999999999997,09:41:27,19.05,100,19.06,300,19.04,100
1457,0.28,0.07,0.21,28.259999999999998,09:41:28,19.05,500,19.06,300,19.055,100
1476,0.26,0.08,0.18,34.239999999999995,09:41:34,19.05,700,19.06,400,19.06,200
1482,0.45999999999999996,0.24,0.22,36.36999999999999,09:41:36,19.05,300,19.06,300,19.05,100
1514,0.49,0.2,0.29,48.489999999999995,09:41:48,19.02,800,19.03,700,19.02,300
1572,0.38,0.07,0.31,21.9,09:42:21,19.05,100,19.05,600,19.045,100
1591,0.39,0.08,0.31,29.889999999999993,09:42:29,19.04,300,19.05,400,19.0488,100
1622,0.33,0.07,0.26,43.80999999999999,09:42:43,19.04,300,19.05,500,19.0477,200
1662,0.4,0.1,0.3,0.0,09:43:00,19.07,700,19.08,400,19.075,100
1676,0.54,0.25,0.29,6.07,09:43:06,19.08,400,19.09,200,19.085,100
1815,0.33,0.07,0.26,0.0,09:44:00,19.1,200,19.11,500,19.1062,100
1827,0.29000000000000004,0.07,0.22,3.87,09:44:03,19.1,400,19.1,300,19.105,400
1927,0.27,0.07,0.2,47.73000000000001,09:44:47,19.11,100,19.12,300,19.115,100
2082,0.29000000000000004,0.07,0.22,0.0,09:46:00,19.12,200,19.13,500,19.125,100
2544,0.45,0.18,0.27,10.529999999999998,09:49:10,19.12,1400,19.13,700,19.1258,300
2671,0.44,0.12,0.32,9.149999999999999,09:50:09,19.11,500,19.12,1100,19.1175,100
3127,0.3,0.09,0.21,25.700000000000006,09:53:25,19.11,400,19.12,1500,19.117,100
3134,0.24000000000000002,0.07,0.17,27.76000000000001,09:53:27,19.11,500,19.12,1100,19.1192,100
3189,0.44,0.23,0.21,45.69999999999997,09:53:45,19.12,1000,19.13,700,19.1253,6725
3248,0.29,0.08,0.21,14.71,09:54:14,19.12,600,19.13,600,19.1234,375
3301,0.41000000000000003,0.21,0.2,30.96,09:54:30,19.13,700,19.14,800,19.1275,400
3378,0.35,0.12,0.23,0.0,09:55:00,19.2,1500,19.21,900,19.205,100
3489,0.43000000000000005,0.23,0.2,49.97000000000001,09:55:49,19.18,500,19.19,1500,19.185,100
3610,0.25,0.08,0.17,45.88999999999999,09:56:45,19.22,1100,19.23,800,19.2225,100
3616,0.4,0.22,0.18,47.97,09:56:47,19.22,1100,19.23,800,19.225,100
3839,0.37,0.2,0.17,27.66,09:58:27,19.2,600,19.21,500,19.2018,300
4179,0.56,0.25,0.31,36.26,10:00:36,19.16,1300,19.17,300,19.165,100
4256,0.29000000000000004,0.09,0.2,27.43,10:01:27,19.21,500,19.22,400,19.2175,1000
4324,0.28,0.08,0.2,49.49000000000004,10:01:49,19.23,600,19.24,400,19.24,10000
4337,0.36,0.19,0.17,53.58000000000005,10:01:53,19.23,600,19.24,400,19.2375,700
4367,0.32,0.08,0.24,0.0,10:02:00,19.23,1000,19.24,800,19.245,100
4373,5.0600000000000005,4.79,0.27,8.48,10:02:08,19.23,800,19.24,300,19.235,100
4671,1.4,1.13,0.27,0.0,10:04:00,19.19,1000,19.2,600,19.1901,2200
4789,0.62,0.18,0.44,2.2,10:05:02,19.18,1100,19.19,500,19.1801,200
4850,0.3,0.08,0.22,31.759999999999998,10:05:31,19.17,100,19.18,1900,19.175,1000
5089,0.27,0.09,0.18,0.0,10:07:00,19.2,1200,19.21,700,19.2075,200
5564,0.38,0.18,0.2,0.0,10:13:00,19.2,700,19.21,700,19.201,2000
5852,2.46,2.2,0.26,5.09,10:15:05,19.15,1200,19.16,1400,19.155,100
5874,0.44999999999999996,0.21,0.24,22.179999999999996,10:15:22,19.16,100,19.17,1000,19.1601,300
5879,0.34,0.07,0.27,24.009999999999994,10:15:24,19.16,100,19.17,1000,19.1627,950
6674,0.7,0.24,0.46,40.590000000000025,10:22:40,19.19,900,19.2,800,19.1936,5204
6957,0.61,0.25,0.36,58.350000000000016,10:24:58,19.15,700,19.16,700,19.1475,100
7044,0.4,0.17,0.23,43.90999999999998,10:25:43,19.16,200,19.17,1000,19.159000000000002,700
7336,0.34,0.07,0.27,27.840000000000003,10:28:27,19.16,500,19.17,1100,19.1642,150
7439,3.2600000000000002,2.93,0.33,14.790000000000001,10:29:14,19.16,1200,19.17,200,19.1699,400
7690,0.47,0.21,0.26,51.890000000000015,10:30:51,19.17,1200,19.18,300,19.179000000000002,100
7861,0.32,0.13,0.19,22.690000000000012,10:33:22,19.16,800,19.17,1800,19.1692,100
7886,0.35,0.19,0.16,30.610000000000017,10:33:30,19.16,1200,19.17,1300,19.1668,400
8770,0.59,0.08,0.51,15.979999999999997,10:43:15,19.18,900,19.19,700,19.1892,100
9430,0.5800000000000001,0.26,0.32,43.750000000000014,10:50:43,19.22,4700,19.23,400,19.2269,146
9653,0.44999999999999996,0.15,0.3,4.420000000000001,10:53:04,19.25,1100,19.26,1000,19.26,100
9686,0.62,0.29,0.33,22.610000000000003,10:53:22,19.26,1000,19.27,700,19.265,100
9693,0.6,0.15,0.45,26.820000000000004,10:53:26,19.26,1800,19.27,500,19.27,100
9756,118.97,118.36,0.61,0.0,10:56:00,19.25,2300,19.26,700,19.255,100
9817,0.44,0.12,0.32,1.2,10:57:01,19.24,2000,19.25,900,19.2425,100
10256,135.06,134.46,0.6,0.0,11:04:00,19.27,200,19.28,1700,19.275,100
10269,0.76,0.21,0.55,9.52,11:04:09,19.28,1200,19.29,1100,19.28,100
10270,0.63,0.17,0.46,10.15,11:04:10,19.28,500,19.29,600,19.285,400
10282,0.7999999999999999,0.08,0.72,18.53,11:04:18,19.28,800,19.29,800,19.29,100
10332,0.6200000000000001,0.28,0.34,2.2,11:05:02,19.29,1000,19.3,800,19.295,100
10532,0.63,0.28,0.35,18.229999999999997,11:07:18,19.29,1400,19.3,600,19.3,200
10542,0.5700000000000001,0.07,0.5,23.599999999999998,11:07:23,19.3,700,19.31,1300,19.31,100
10557,0.43000000000000005,0.09,0.34,31.83,11:07:31,19.31,1100,19.32,600,19.315,100
10579,0.44,0.07,0.37,43.64999999999999,11:07:43,19.31,1200,19.32,1400,19.32,100
10700,0.44,0.07,0.37,10.790000000000001,11:09:10,19.33,800,19.34,1300,19.33,100
10703,0.43,0.07,0.36,12.22,11:09:12,19.33,700,19.34,1200,19.34,100
10713,0.5800000000000001,0.07,0.51,18.17,11:09:18,19.34,1700,19.35,400,19.35,100
10717,0.59,0.17,0.42,20.2,11:09:20,19.34,2500,19.35,400,19.345,100
10748,0.56,0.06,0.5,38.16000000000001,11:09:38,19.35,700,19.36,1000,19.355,100
10756,0.63,0.21,0.42,42.37000000000001,11:09:42,19.35,1200,19.36,1100,19.36,200
10781,0.62,0.24,0.38,56.190000000000005,11:09:56,19.36,1000,19.37,200,19.365,100
10792,0.58,0.15,0.43,4.0,11:10:04,19.36,1300,19.37,300,19.37,100
10812,0.44,0.08,0.36,21.660000000000004,11:10:21,19.37,1100,19.38,500,19.375,100
10824,0.61,0.22,0.39,28.04,11:10:28,19.38,1000,19.39,1700,19.38,100
10827,0.57,0.09,0.48,29.81,11:10:29,19.38,800,19.39,1300,19.39,100
11193,0.57,0.08,0.49,40.809999999999995,11:14:40,19.33,1700,19.34,600,19.335,4800
11367,0.61,0.14,0.47,32.57000000000001,11:18:32,19.37,600,19.38,500,19.3744,200
11462,0.6,0.17,0.43,33.809999999999995,11:19:33,19.32,1700,19.33,600,19.325,10000
11484,0.6,0.18,0.42,47.410000000000004,11:19:47,19.3,1500,19.31,900,19.2975,1800
11513,4.16,3.7,0.46,8.370000000000001,11:20:08,19.31,1000,19.32,1200,19.3162,100
11548,0.5900000000000001,0.07,0.52,31.75,11:20:31,19.31,1100,19.32,1100,19.3133,158
11551,0.63,0.1,0.53,33.93,11:20:33,19.31,700,19.32,1300,19.3142,1200
11560,0.62,0.14,0.48,40.12,11:20:40,19.31,1100,19.32,700,19.3143,700
11611,0.7799999999999999,0.09,0.69,30.000000000000004,11:21:30,19.3,500,19.31,500,19.305,100
12035,30.98,30.48,0.5,0.0,11:27:00,19.26,500,19.27,800,19.2644,200
12057,0.5700000000000001,0.13,0.44,0.0,11:28:00,19.26,700,19.27,500,19.261,900
12227,0.59,0.08,0.51,32.4,11:31:32,19.26,800,19.27,1400,19.2649,400
12464,0.6100000000000001,0.07,0.54,57.80000000000002,11:33:57,19.24,1500,19.25,1800,19.2446,600
12962,0.28,0.08,0.2,11.679999999999998,11:42:11,19.25,1800,19.26,800,19.2531,107
13118,0.4,0.18,0.22,25.96999999999999,11:43:25,19.25,1600,19.26,800,19.2543,150
13553,0.31,0.13,0.18,41.92000000000001,11:47:41,19.26,2100,19.27,1800,19.2675,100
14073,0.27,0.08,0.19,7.23,11:51:07,19.25,1600,19.26,1200,19.2575,100
14122,0.37,0.2,0.17,23.149999999999995,11:51:23,19.25,2200,19.26,600,19.2547,162
14134,0.26,0.07,0.19,27.06,11:51:27,19.26,1400,19.27,500,19.2688,500
14622,0.25,0.07,0.18,51.08000000000002,11:54:51,19.24,600,19.25,1200,19.2438,200
15009,0.47000000000000003,0.27,0.2,17.499999999999996,11:57:17,19.25,1900,19.26,700,19.250999999999998,1000
17403,0.24000000000000002,0.07,0.17,37.27000000000002,12:12:37,19.24,1300,19.25,600,19.2457,100
17475,0.24000000000000002,0.07,0.17,21.939999999999998,12:13:21,19.24,2600,19.25,500,19.2475,100
18332,0.36,0.2,0.16,43.83999999999998,12:18:43,19.21,1100,19.22,1300,19.2168,500
18352,0.38,0.22,0.16,50.07999999999999,12:18:50,19.21,1000,19.22,1300,19.2151,300
20067,1.17,0.85,0.32,11.1,12:30:11,19.24,800,19.25,2400,19.2435,150
20178,0.33,0.07,0.26,54.09000000000002,12:30:54,19.23,1500,19.24,1300,19.2397,100
21150,0.39,0.21,0.18,16.03,12:37:16,19.23,1300,19.24,1100,19.2367,157
21384,0.27,0.08,0.19,0.0,12:38:00,19.23,1700,19.24,1200,19.2356,100
21849,0.28,0.07,0.21,20.590000000000007,12:44:20,19.23,3500,19.24,1400,19.2365,259
22652,0.37,0.18,0.19,18.36,12:50:18,19.23,1800,19.24,1600,19.2338,133
22688,0.33,0.14,0.19,30.61000000000001,12:50:30,19.23,1700,19.24,1600,19.230999999999998,799
23187,0.26,0.07,0.19,23.84000000000001,12:53:23,19.23,2000,19.24,2200,19.2332,100
23885,0.35,0.18,0.17,0.0,12:58:00,19.23,2200,19.24,500,19.2399,129
25115,0.29,0.08,0.21,27.900000000000006,13:10:27,19.27,1700,19.28,1800,19.2754,150
25352,0.34,0.07,0.27,7.73,13:12:07,19.26,2900,19.27,800,19.2632,1000
25638,0.62,0.19,0.43,0.0,13:15:00,19.26,4900,19.27,900,19.2646,500
25739,3.4000000000000004,2.99,0.41,14.63,13:16:14,19.26,1500,19.27,700,19.2669,340
26382,0.62,0.18,0.44,22.670000000000005,13:23:22,19.22,2800,19.23,800,19.2275,100
26459,0.8099999999999999,0.24,0.57,18.0,13:24:18,19.23,4500,19.24,1500,19.2358,283
26839,3.62,2.34,1.28,0.0,13:32:00,19.24,2500,19.25,1200,19.2434,139
26972,2.62,1.65,0.97,16.58,13:35:16,19.25,3600,19.26,1000,19.2501,214
27707,1.3900000000000001,0.33,1.06,52.23,13:50:52,19.24,3500,19.25,1700,19.2488,415
27712,1.5799999999999998,0.43,1.15,0.0,13:51:00,19.24,3500,19.25,1800,19.2427,319
27717,1.3699999999999999,0.23,1.14,6.579999999999999,13:51:06,19.24,3500,19.25,1700,19.247,221
27722,3.8,2.78,1.02,14.98,13:51:14,19.24,3800,19.25,1600,19.2468,171
28098,1.3800000000000001,0.08,1.3,22.990000000000002,13:58:22,19.25,1500,19.26,1300,19.253,500
28228,1.17,0.14,1.03,1.17,14:01:01,19.27,2000,19.28,500,19.2775,100
28332,1.01,0.08,0.93,13.01,14:03:13,19.27,2700,19.28,700,19.2765,525
28404,0.8200000000000001,0.07,0.75,27.409999999999993,14:04:27,19.29,1400,19.3,2300,19.2954,200
28515,0.8200000000000001,0.07,0.75,42.990000000000016,14:06:42,19.29,2000,19.3,1300,19.291,200
28661,1.21,0.08,1.13,38.78,14:09:38,19.29,2400,19.3,2100,19.2907,300
28918,0.82,0.08,0.74,28.199999999999996,14:14:28,19.24,1100,19.25,2300,19.241,200
29718,0.64,0.2,0.44,40.23000000000001,14:25:40,19.24,1600,19.25,2300,19.2472,125
30167,0.61,0.08,0.53,47.98000000000003,14:30:47,19.22,1200,19.23,1300,19.221,300
30986,0.6300000000000001,0.07,0.56,35.870000000000005,14:42:35,19.21,1500,19.22,1800,19.211,200
31152,0.61,0.08,0.53,24.990000000000006,14:44:24,19.19,3600,19.2,900,19.191,200
31216,0.62,0.1,0.52,15.429999999999998,14:45:15,19.19,3900,19.2,1900,19.1935,376
31299,0.77,0.07,0.7,29.750000000000004,14:46:29,19.2,7000,19.21,1700,19.2038,200
31790,0.6,0.17,0.43,19.610000000000007,14:52:19,19.19,3100,19.2,2100,19.192999999999998,576
32814,0.83,0.21,0.62,26.419999999999998,15:05:26,19.22,3700,19.23,2200,19.2207,100
33124,0.5900000000000001,0.07,0.52,18.2,15:09:18,19.21,4100,19.22,1900,19.2134,236
33134,0.6000000000000001,0.28,0.32,24.0,15:09:24,19.21,4100,19.22,1900,19.2154,301
33178,0.45,0.07,0.38,14.25,15:10:14,19.21,3800,19.22,2600,19.213,500
33812,0.59,0.21,0.38,32.02000000000001,15:17:32,19.24,2200,19.25,2300,19.2466,259
33863,0.5700000000000001,0.14,0.43,0.0,15:18:00,19.25,1300,19.26,3000,19.2513,2000
34379,2.56,2.0,0.56,9.36,15:24:09,19.23,4400,19.24,2300,19.2334,263
34429,0.6000000000000001,0.07,0.53,45.809999999999995,15:24:45,19.24,2700,19.25,4000,19.2496,4000
35695,0.57,0.09,0.48,42.17,15:39:42,19.23,2200,19.24,2000,19.2342,303
36180,0.98,0.55,0.43,20.569999999999997,15:45:20,19.24,2500,19.25,3700,19.2458,4500
36243,0.62,0.08,0.54,58.230000000000004,15:45:58,19.24,3200,19.25,3600,19.2499,143
36395,0.59,0.18,0.41,48.07000000000004,15:47:48,19.23,5600,19.24,5600,19.2316,114
37003,0.61,0.08,0.53,27.790000000000003,15:55:27,19.23,8300,19.24,3100,19.2325,100
