,Total Delay,Request Delay,Saving Delay,Arrival Time,Time,Bid,Bid Size,Ask,Ask Size,Last Price,Last Size
0,0.6499999999999999,0.3,0.35,0.6499999999999999,09:30:00,48.25,100,48.37,800,48.37,100
6,0.28,0.08,0.2,2.6000000000000005,09:30:02,48.25,200,48.37,800,48.31,300
46,0.35000000000000003,0.08,0.27,0.0,09:31:00,48.25,100,48.36,900,48.305,100
64,2.08,1.88,0.2,9.670000000000002,09:31:09,48.26,100,48.35,300,48.27,300
69,0.42,0.21,0.21,12.030000000000003,09:31:12,48.26,100,48.35,300,48.3006,100
75,0.89,0.62,0.27,16.62,09:31:16,48.26,100,48.35,300,48.285,300
77,1.79,1.43,0.36,18.84,09:31:18,48.26,100,48.35,300,48.325,250
87,0.25,0.08,0.17,23.880000000000006,09:31:23,48.26,100,48.35,300,48.2771,150
94,0.27,0.07,0.2,26.170000000000005,09:31:26,48.25,200,48.3,300,48.2625,200
99,0.27,0.07,0.2,28.040000000000003,09:31:28,48.25,100,48.3,400,48.25,100
117,0.3,0.08,0.22,34.38,09:31:34,48.25,100,48.3,400,48.275,500
133,0.26,0.07,0.19,40.170000000000016,09:31:40,48.25,100,48.27,400,48.26,100
148,0.4,0.08,0.32,46.14000000000002,09:31:46,48.25,100,48.27,400,48.2514,200
156,0.48,0.21,0.27,50.20000000000002,09:31:50,48.21,100,48.27,700,48.21,100
169,0.27,0.07,0.2,54.020000000000024,09:31:54,48.16,100,48.2,200,48.18,300
176,0.33,0.16,0.17,56.30000000000002,09:31:56,48.16,100,48.2,200,48.195,100
181,0.34,0.17,0.17,57.93000000000002,09:31:57,48.16,100,48.2,200,48.1628,100
186,0.29,0.08,0.21,0.0,09:32:00,48.14,100,48.2,200,48.2,100
197,2.11,1.93,0.18,5.2,09:32:05,48.15,100,48.2,500,48.15,130
201,4.77,4.56,0.21,12.78,09:32:12,48.0,1000,48.05,200,48.0427,1461
202,2.2199999999999998,2.03,0.19,15.0,09:32:15,47.95,100,48.04,100,48.0,100
206,0.24000000000000002,0.07,0.17,16.12,09:32:16,47.95,100,47.99,100,47.99,100
209,1.96,1.75,0.21,18.8,09:32:18,47.84,200,47.92,500,47.84,100
227,0.36,0.19,0.17,24.189999999999998,09:32:24,47.84,200,47.91,400,47.88,168
234,0.23,0.07,0.16,26.159999999999997,09:32:26,47.92,100,47.95,200,47.94,100
246,0.36,0.18,0.18,30.23999999999999,09:32:30,47.9,1600,47.94,100,47.92,100
276,0.24000000000000002,0.07,0.17,40.38999999999998,09:32:40,47.89,100,47.93,400,47.9,100
325,0.25,0.07,0.18,56.56999999999999,09:32:56,47.96,400,48.01,500,47.98,100
332,0.25,0.07,0.18,58.52,09:32:58,47.96,400,48.01,500,47.995,8500
336,0.29,0.08,0.21,59.830000000000005,09:32:59,47.96,400,48.01,500,47.985,16500
350,3.75,3.46,0.29,9.190000000000001,09:33:09,47.85,200,47.95,500,47.95,100
351,0.26,0.09,0.17,9.450000000000001,09:33:09,47.85,200,47.95,500,47.905,100
354,2.19,1.96,0.23,12.57,09:33:12,47.85,200,47.95,600,47.9499,700
362,2.69,2.48,0.21,19.009999999999998,09:33:19,47.85,200,47.94,200,47.87,1000
365,0.42000000000000004,0.23,0.19,19.96,09:33:19,47.85,300,47.94,100,47.895,100
412,0.47000000000000003,0.27,0.2,35.970000000000006,09:33:35,47.85,200,47.93,400,47.89,10200
423,0.28,0.07,0.21,40.030000000000015,09:33:40,47.81,200,47.89,500,47.8525,100
427,0.41000000000000003,0.17,0.24,42.00000000000001,09:33:42,47.81,1100,47.89,500,47.85,100
446,0.25,0.07,0.18,48.070000000000014,09:33:48,47.81,1200,47.89,600,47.8607,750
458,0.27,0.09,0.18,52.11000000000001,09:33:52,47.88,100,47.91,200,47.91,100
564,0.41000000000000003,0.2,0.21,41.36999999999999,09:34:41,47.84,100,47.88,100,47.86,100
594,0.38,0.14,0.24,52.279999999999994,09:34:52,47.84,200,47.96,300,47.9334,150
618,0.34,0.07,0.27,5.17,09:35:05,47.75,100,47.8,100,47.76,100
621,0.33,0.07,0.26,6.3500000000000005,09:35:06,47.79,100,47.83,100,47.8,100
622,3.44,3.13,0.31,9.790000000000001,09:35:09,47.75,100,47.83,100,47.81,100
625,2.72,2.35,0.37,14.980000000000002,09:35:14,47.76,1800,47.82,200,47.79,100
641,0.4,0.18,0.22,22.53,09:35:22,47.85,100,47.96,200,47.935,100
657,0.54,0.28,0.26,28.75,09:35:28,47.84,1600,47.89,200,47.865,300
690,0.33,0.08,0.25,40.99000000000001,09:35:40,47.84,100,47.89,200,47.882,3000
708,0.25,0.08,0.17,46.93000000000001,09:35:46,47.78,300,47.87,300,47.843,1000
751,0.4,0.23,0.17,0.0,09:36:00,47.81,100,47.87,300,47.821999999999996,200
772,0.24000000000000002,0.07,0.17,12.05,09:36:12,47.83,600,47.86,200,47.845,100
790,0.38,0.09,0.29,24.490000000000002,09:36:24,47.84,300,47.92,100,47.885,100
795,0.33,0.1,0.23,26.310000000000006,09:36:26,47.85,800,47.92,100,47.9072,3000
809,0.42,0.12,0.3,32.2,09:36:32,47.86,100,47.92,200,47.8601,200
818,0.32,0.14,0.18,36.349999999999994,09:36:36,47.83,300,47.91,100,47.875,300
822,0.30000000000000004,0.07,0.23,38.13999999999999,09:36:38,47.84,100,47.91,100,47.894,1000
882,0.47000000000000003,0.08,0.39,4.37,09:37:04,47.93,100,47.94,100,47.96,100
898,1.7399999999999998,1.38,0.36,14.26,09:37:14,47.89,300,47.97,200,47.9368,300
902,0.39,0.14,0.25,18.95,09:37:18,47.92,200,47.97,200,47.9422,200
914,0.41000000000000003,0.21,0.2,24.31,09:37:24,47.93,300,47.96,100,47.93,100
998,0.48,0.21,0.27,0.0,09:38:00,47.9,300,47.95,300,47.925,500
1117,0.62,0.27,0.35,57.899999999999984,09:38:57,47.93,300,47.98,200,47.955,300
1148,2.41,2.17,0.24,14.400000000000002,09:39:14,47.94,100,47.99,200,47.97,100
1308,0.42,0.18,0.24,26.049999999999997,09:40:26,48.01,100,48.02,1000,48.02,100
1356,0.29000000000000004,0.07,0.22,43.81999999999998,09:40:43,47.95,400,48.0,500,47.975,5000
1357,0.29,0.08,0.21,44.10999999999998,09:40:44,47.88,100,47.95,100,47.915,200
1373,0.28,0.08,0.2,50.13999999999998,09:40:50,47.75,200,47.76,200,47.75,100
1378,0.36,0.07,0.29,52.02999999999998,09:40:52,47.75,300,47.76,500,47.755,100
1476,0.26,0.08,0.18,4.22,09:41:04,47.78,100,47.81,300,47.7821,200
1642,0.36,0.07,0.29,51.749999999999986,09:42:51,47.98,300,48.03,200,48.005,100
1680,0.45,0.2,0.25,3.55,09:43:03,48.0,200,48.03,200,48.03,100
1685,0.29000000000000004,0.07,0.22,5.4799999999999995,09:43:05,48.0,200,48.03,300,48.015,100
1692,1.6300000000000001,1.29,0.34,10.64,09:43:10,48.0,200,48.02,200,48.01,100
1787,0.31,0.07,0.24,49.400000000000006,09:43:49,48.02,1200,48.04,100,48.06,100
1815,0.33,0.07,0.26,4.07,09:44:04,47.93,1200,48.0,300,47.965,100
1822,0.36,0.18,0.18,6.13,09:44:06,47.97,200,48.0,300,47.9823,100
1832,0.35,0.1,0.25,13.97,09:44:13,48.0,300,48.03,300,48.025,100
2030,0.38,0.2,0.18,39.75000000000002,09:45:39,47.94,200,47.96,300,47.9455,500
2052,0.39,0.15,0.24,48.11000000000002,09:45:48,47.95,300,47.97,300,47.9564,150
2056,0.51,0.28,0.23,49.86000000000002,09:45:49,47.94,200,47.95,200,47.945,800
2140,0.30000000000000004,0.07,0.23,30.040000000000003,09:46:30,47.84,200,47.89,400,47.83,100
2168,0.45999999999999996,0.21,0.25,39.95000000000002,09:46:39,47.85,100,47.89,300,47.886,100
2519,0.44,0.14,0.3,55.88000000000002,09:48:55,47.83,100,47.86,100,47.8425,100
2538,0.37,0.08,0.29,4.159999999999999,09:49:04,47.75,400,47.79,300,47.77,100
2550,2.28,1.94,0.34,18.669999999999998,09:49:18,47.76,200,47.8,400,47.78,100
2649,0.45999999999999996,0.22,0.24,0.0,09:50:00,47.76,300,47.79,100,47.775,300
2673,0.45,0.12,0.33,14.040000000000001,09:50:14,47.72,100,47.75,300,47.73,1000
2677,0.45999999999999996,0.21,0.25,16.03,09:50:16,47.66,400,47.75,200,47.72,100
2682,0.49,0.22,0.27,18.09,09:50:18,47.6,500,47.66,100,47.63,300
2683,3.7800000000000002,3.45,0.33,21.87,09:50:21,47.61,300,47.66,100,47.66,100
2695,0.28,0.07,0.21,25.92,09:50:25,47.71,300,47.76,100,47.7475,100
2706,0.30000000000000004,0.07,0.23,30.060000000000002,09:50:30,47.73,300,47.76,100,47.745,200
2725,0.27,0.07,0.2,38.13000000000002,09:50:38,47.74,300,47.81,500,47.7894,150
2762,0.37,0.1,0.27,56.13000000000002,09:50:56,47.8,100,47.84,100,47.82,100
2773,0.29,0.08,0.21,0.0,09:51:00,47.77,100,47.8,700,47.795,100
2779,0.44999999999999996,0.21,0.24,2.1,09:51:02,47.78,100,47.8,700,47.798,150
2827,0.45,0.18,0.27,26.35,09:51:26,47.77,100,47.82,300,47.805,100
2902,0.4,0.2,0.2,54.13999999999998,09:51:54,47.77,100,47.8,400,47.785,100
2922,0.41000000000000003,0.18,0.23,2.12,09:52:02,47.79,300,47.83,100,47.791000000000004,1000
3127,0.3,0.09,0.21,25.700000000000006,09:53:25,47.8,400,47.81,2000,47.8093,270
3244,3.73,3.54,0.19,18.42,09:54:18,47.69,200,47.73,100,47.71,100
3274,0.24000000000000002,0.07,0.17,27.850000000000005,09:54:27,47.7,100,47.72,100,47.715,100
3278,0.37,0.2,0.17,29.050000000000004,09:54:29,47.67,600,47.72,100,47.7,100
3281,0.23,0.07,0.16,29.910000000000004,09:54:29,47.67,600,47.71,200,47.68,100
3287,0.24000000000000002,0.07,0.17,31.73,09:54:31,47.67,600,47.71,200,47.69,100
3323,0.27,0.08,0.19,43.88000000000001,09:54:43,47.64,500,47.7,200,47.64,100
3342,0.33,0.17,0.16,49.75000000000002,09:54:49,47.66,300,47.67,400,47.67,400
3360,0.41000000000000003,0.21,0.2,55.79000000000003,09:54:55,47.71,200,47.76,600,47.74,100
3410,0.32,0.08,0.24,13.780000000000003,09:55:13,47.73,400,47.77,100,47.7548,100
3592,0.36,0.19,0.17,35.72999999999999,09:56:35,47.7,300,47.72,100,47.7066,173
3628,0.32,0.07,0.25,47.669999999999995,09:56:47,47.7,900,47.75,200,47.7225,100
3652,0.27,0.07,0.2,0.0,09:57:00,47.71,300,47.75,100,47.7212,500
3677,1.35,1.06,0.29,17.03,09:57:17,47.72,100,47.75,200,47.7333,100
3713,0.36,0.17,0.19,31.91,09:57:31,47.63,400,47.69,300,47.6634,200
3729,0.25,0.07,0.18,38.08000000000001,09:57:38,47.64,300,47.69,300,47.641000000000005,100
3734,0.37,0.19,0.18,39.81,09:57:39,47.64,300,47.69,300,47.6401,175
3772,0.26,0.07,0.19,51.830000000000005,09:57:51,47.62,400,47.65,200,47.6474,508
3796,0.25,0.07,0.18,0.0,09:58:00,47.64,100,47.66,400,47.65,139
3814,2.37,2.09,0.28,11.86,09:58:11,47.67,300,47.72,100,47.695,100
4117,0.31,0.08,0.23,15.91,10:00:15,47.88,100,47.89,100,47.8801,200
4123,2.46,2.22,0.24,21.440000000000005,10:00:21,47.88,400,47.95,200,47.887,100
4427,0.38,0.18,0.2,32.09999999999999,10:02:32,47.83,200,47.85,200,47.8409,200
4505,0.26,0.07,0.19,1.8600000000000003,10:03:01,47.81,300,47.87,100,47.7825,100
4595,0.27,0.1,0.17,37.900000000000006,10:03:37,47.77,300,47.78,100,47.7734,400
4680,0.36,0.14,0.22,4.46,10:04:04,47.71,100,47.73,100,47.7168,100
4683,2.75,2.41,0.34,7.9,10:04:07,47.71,100,47.73,100,47.7158,200
4748,0.44,0.21,0.23,32.49000000000001,10:04:32,47.69,200,47.72,200,47.705,100
4785,0.46,0.08,0.38,0.0,10:05:00,47.66,100,47.67,300,47.6621,1000
4882,0.33,0.07,0.26,42.00999999999999,10:05:42,47.66,400,47.68,100,47.6672,200
4938,3.37,3.21,0.16,6.220000000000001,10:06:06,47.7,200,47.75,400,47.725,100
4939,1.7,1.53,0.17,7.920000000000001,10:06:07,47.7,400,47.75,400,47.7001,100
4952,2.39,2.14,0.25,18.880000000000003,10:06:18,47.71,100,47.74,300,47.729,500
5020,0.45,0.25,0.2,44.01000000000001,10:06:44,47.68,200,47.69,100,47.685,100
5100,0.24000000000000002,0.07,0.17,13.020000000000001,10:07:13,47.67,200,47.68,300,47.675,100
5233,0.33999999999999997,0.18,0.16,0.0,10:08:00,47.64,200,47.65,100,47.645,100
5249,2.8200000000000003,2.62,0.2,11.5,10:08:11,47.62,200,47.65,500,47.61,100
5250,0.43000000000000005,0.23,0.2,11.93,10:08:11,47.62,300,47.65,500,47.635,100
5378,4.11,3.81,0.3,6.090000000000001,10:09:06,47.6,100,47.63,100,47.62,200
5426,0.26,0.08,0.18,31.74000000000001,10:09:31,47.6,200,47.62,200,47.6,100
5564,0.38,0.18,0.2,9.92,10:13:09,47.61,700,47.65,800,47.626999999999995,200
5608,0.47,0.23,0.24,30.09,10:13:30,47.57,400,47.59,300,47.59,300
5614,0.26,0.07,0.19,31.950000000000003,10:13:31,47.56,300,47.58,300,47.5648,1500
5619,0.44999999999999996,0.24,0.21,34.17000000000001,10:13:34,47.56,300,47.58,300,47.57,100
5624,0.45999999999999996,0.21,0.25,36.20000000000002,10:13:36,47.51,600,47.55,100,47.52,192
5630,0.28,0.08,0.2,38.090000000000025,10:13:38,47.52,200,47.55,400,47.51,100
5651,0.42000000000000004,0.19,0.23,45.940000000000026,10:13:45,47.52,300,47.56,400,47.5288,1500
5664,0.38,0.21,0.17,50.04000000000003,10:13:50,47.48,100,47.52,100,47.5,300
5676,0.35,0.19,0.16,54.000000000000036,10:13:54,47.49,200,47.52,100,47.53,900
5693,0.24000000000000002,0.07,0.17,1.09,10:14:01,47.5,100,47.51,200,47.505,100
5703,0.31000000000000005,0.14,0.17,3.9499999999999997,10:14:03,47.52,200,47.58,100,47.55,100
5709,0.34,0.17,0.17,6.19,10:14:06,47.55,200,47.61,200,47.585,400
5715,0.36,0.17,0.19,7.960000000000001,10:14:07,47.55,200,47.58,100,47.575,500
5719,2.74,2.5,0.24,16.76,10:14:16,47.55,200,47.58,200,47.553000000000004,3000
5722,3.47,3.24,0.23,20.97,10:14:20,47.49,100,47.56,300,47.49,299
5737,0.44000000000000006,0.27,0.17,26.16,10:14:26,47.51,200,47.55,100,47.5297,100
5799,0.26,0.09,0.17,46.15000000000001,10:14:46,47.53,400,47.55,300,47.544,600
5862,0.26,0.08,0.18,0.0,10:15:00,47.53,100,47.55,100,47.54,100
5866,0.30000000000000004,0.07,0.23,5.829999999999999,10:15:05,47.52,200,47.53,100,47.525,100
5878,0.32999999999999996,0.12,0.21,12.659999999999997,10:15:12,47.52,200,47.53,300,47.526,1000
5879,0.34,0.07,0.27,12.999999999999996,10:15:12,47.52,400,47.53,300,47.5264,1000
5939,0.24000000000000002,0.07,0.17,32.699999999999996,10:15:32,47.53,700,47.56,200,47.5401,300
6037,0.26,0.07,0.19,19.829999999999995,10:16:19,47.48,200,47.51,900,47.495,100
6093,0.33999999999999997,0.13,0.21,37.75000000000001,10:16:37,47.52,600,47.53,200,47.535,100
6159,2.81,2.47,0.34,7.279999999999999,10:17:07,47.54,100,47.58,100,47.56,200
6171,2.12,1.85,0.27,16.0,10:17:16,47.55,200,47.59,500,47.58,100
6248,0.33,0.08,0.25,43.84000000000002,10:17:43,47.64,300,47.66,100,47.5825,100
6257,0.5700000000000001,0.18,0.39,47.920000000000016,10:17:47,47.67,300,47.73,200,47.7059,1500
6416,0.44,0.21,0.23,36.239999999999995,10:19:36,47.7,200,47.73,300,47.7123,3000
6521,0.43,0.22,0.21,32.89,10:20:32,47.82,600,47.84,200,47.8316,200
6551,0.47000000000000003,0.08,0.39,5.989999999999998,10:21:05,47.83,300,47.88,300,47.8625,100
6651,0.45,0.18,0.27,27.490000000000006,10:22:27,47.74,200,47.76,100,47.735,200
6709,0.46,0.2,0.26,55.72000000000001,10:22:55,47.64,100,47.67,300,47.655,3200
6872,0.39,0.07,0.32,19.79,10:24:19,47.71,300,47.73,100,47.7201,400
6939,0.48,0.19,0.29,50.330000000000005,10:24:50,47.7,600,47.73,300,47.708999999999996,100
7025,0.35000000000000003,0.07,0.28,35.61999999999999,10:25:35,47.71,400,47.72,200,47.7137,1000
7199,0.24000000000000002,0.07,0.17,4.91,10:27:04,47.77,300,47.8,300,47.7799,200
7237,0.47000000000000003,0.2,0.27,19.17,10:27:19,47.77,300,47.78,200,47.7794,1000
7367,0.43000000000000005,0.2,0.23,40.84000000000001,10:28:40,47.75,200,47.77,100,47.7564,100
7422,0.42000000000000004,0.2,0.22,4.04,10:29:04,47.75,100,47.78,300,47.765,100
7448,0.27,0.08,0.19,17.840000000000003,10:29:17,47.73,300,47.76,100,47.7301,1000
7510,0.45999999999999996,0.24,0.22,39.90000000000001,10:29:39,47.74,200,47.77,200,47.7401,100
7829,0.41000000000000003,0.24,0.17,10.810000000000004,10:33:10,47.73,100,47.76,200,47.7372,320
7868,0.25,0.08,0.17,24.760000000000012,10:33:24,47.74,300,47.78,300,47.7796,120
8136,2.6,0.38,2.22,54.83999999999999,10:35:54,47.9,400,47.92,300,47.9068,900
8335,0.6,0.21,0.39,6.02,10:38:06,47.84,300,47.87,200,47.855,200
8506,0.8,0.07,0.73,19.75,10:40:19,47.86,600,47.88,500,47.8727,3000
8690,0.94,0.31,0.63,23.86,10:42:23,47.98,300,48.01,200,47.998999999999995,700
8835,0.46,0.12,0.34,0.0,10:44:00,47.95,200,47.98,600,47.9501,1000
8860,0.59,0.08,0.51,18.159999999999997,10:44:18,47.92,700,47.95,500,47.943000000000005,275
9012,0.61,0.24,0.37,0.0,10:46:00,47.87,300,47.9,400,47.8874,100
9034,0.5900000000000001,0.26,0.33,16.01,10:46:16,47.87,600,47.9,600,47.8775,100
9051,0.6200000000000001,0.07,0.55,26.23,10:46:26,47.87,700,47.9,600,47.8864,441
9347,0.61,0.15,0.46,42.21,10:49:42,47.87,100,47.91,300,47.896,1000
9552,0.75,0.28,0.47,7.15,10:52:07,47.89,300,47.91,300,47.9032,1000
9707,0.58,0.09,0.49,43.87000000000001,10:53:43,47.96,300,47.97,100,47.9665,300
9802,0.6000000000000001,0.07,0.53,30.69000000000001,10:56:30,47.86,100,47.88,500,47.8799,265
9819,0.53,0.21,0.32,5.590000000000001,10:57:05,47.86,200,47.88,500,47.8664,150
9826,0.44,0.07,0.37,15.589999999999998,10:57:15,47.85,100,47.87,300,47.8633,750
9945,0.6000000000000001,0.27,0.33,32.19,10:58:32,47.79,600,47.82,600,47.803999999999995,121
9990,0.6,0.22,0.38,58.23000000000001,10:58:58,47.79,800,47.8,400,47.7966,500
10015,0.43,0.07,0.36,16.01,10:59:16,47.85,300,47.86,200,47.858999999999995,100
10221,0.5700000000000001,0.07,0.5,39.57,11:01:39,47.89,500,47.9,400,47.8901,600
10321,0.63,0.24,0.39,44.520000000000024,11:04:44,47.92,600,47.93,600,47.9201,169
10434,0.58,0.09,0.49,12.379999999999999,11:06:12,47.86,400,47.88,300,47.861000000000004,350
10437,0.5700000000000001,0.12,0.45,13.979999999999999,11:06:13,47.86,400,47.88,300,47.8732,500
10492,0.43,0.12,0.31,43.97999999999999,11:06:43,47.84,300,47.87,400,47.8575,200
10506,0.6000000000000001,0.2,0.4,0.0,11:07:00,47.84,300,47.87,600,47.8401,1000
10531,2.38,1.79,0.59,21.98,11:07:21,47.88,300,47.9,300,47.8888,250
10609,0.58,0.08,0.5,0.58,11:08:00,47.87,300,47.88,600,47.8701,1000
10752,0.5599999999999999,0.21,0.35,41.81000000000001,11:09:41,47.91,800,47.93,100,47.9125,100
10788,0.59,0.21,0.38,1.81,11:10:01,47.91,800,47.93,500,47.9207,100
10912,0.43,0.08,0.35,26.070000000000004,11:11:26,47.97,500,47.99,400,47.9722,250
10933,0.58,0.08,0.5,37.810000000000024,11:11:37,47.98,200,47.99,300,47.989,300
10984,2.54,2.04,0.5,15.77,11:12:15,47.99,300,48.0,400,47.9988,1000
11155,0.5800000000000001,0.07,0.51,22.189999999999998,11:14:22,48.02,500,48.03,200,48.0101,100
11246,2.5799999999999996,2.01,0.57,7.390000000000001,11:17:07,48.01,600,48.03,200,48.0095,400
11268,0.63,0.17,0.46,25.220000000000006,11:17:25,48.03,600,48.06,200,48.045,300
11286,0.59,0.24,0.35,35.410000000000004,11:17:35,48.07,300,48.08,200,48.075,500
11290,0.61,0.24,0.37,37.63,11:17:37,48.09,100,48.11,600,48.08,100
11297,0.5599999999999999,0.09,0.47,41.38,11:17:41,48.09,300,48.11,600,48.11,100
11301,0.5900000000000001,0.19,0.4,43.60000000000001,11:17:43,48.09,400,48.11,600,48.09,400
11304,0.42,0.07,0.35,45.23000000000001,11:17:45,48.06,100,48.1,300,48.067,1000
11338,0.44,0.08,0.36,6.400000000000001,11:18:06,48.1,700,48.11,400,48.1,100
11339,1.77,1.34,0.43,8.170000000000002,11:18:08,48.1,700,48.11,300,48.105,500
11352,0.6000000000000001,0.07,0.53,22.400000000000006,11:18:22,48.1,200,48.11,200,48.101000000000006,100
11370,0.6100000000000001,0.07,0.54,34.38000000000001,11:18:34,48.04,300,48.07,200,48.04,175
11403,0.61,0.15,0.46,56.170000000000016,11:18:56,48.02,300,48.05,500,48.0349,300
11410,0.74,0.07,0.67,0.0,11:19:00,48.03,100,48.05,200,48.05,100
11469,0.44,0.08,0.36,43.48,11:19:43,48.0,900,48.02,600,48.0097,100
11495,0.64,0.09,0.55,1.4100000000000001,11:20:01,47.98,200,48.0,600,47.9801,100
11525,0.8,0.07,0.73,28.359999999999996,11:20:28,48.03,200,48.05,400,48.036,275
11606,0.8,0.24,0.56,29.980000000000008,11:21:29,48.0,800,48.01,600,48.0034,200
11642,0.64,0.19,0.45,55.59000000000001,11:21:55,47.98,600,47.99,700,47.9849,150
11674,0.59,0.09,0.5,22.179999999999996,11:22:22,47.94,500,47.96,200,47.9487,500
11752,2.58,1.99,0.59,11.01,11:23:11,47.93,400,47.95,600,47.931000000000004,200
11825,0.77,0.34,0.43,0.0,11:24:00,47.95,200,47.96,100,47.9541,100
11835,0.61,0.21,0.4,11.01,11:24:11,47.97,200,47.99,100,47.9702,100
11853,0.66,0.21,0.45,26.430000000000003,11:24:26,47.99,200,48.02,300,47.9925,100
11992,2.45,1.84,0.61,4.04,11:26:04,47.99,700,48.0,400,47.9999,100
12091,7.41,6.91,0.5,12.790000000000001,11:29:12,47.91,600,47.93,400,47.9198,100
12143,0.8,0.18,0.62,0.0,11:30:00,47.94,500,47.97,400,47.9502,100
12200,9.42,8.89,0.53,12.44,11:31:12,47.93,500,47.95,200,47.9434,600
12291,0.6000000000000001,0.28,0.32,1.1800000000000002,11:32:01,47.97,400,47.98,700,47.9725,100
12586,0.43,0.14,0.29,10.98,11:36:10,47.86,300,47.87,2200,47.8699,500
12611,0.6,0.08,0.52,0.0,11:37:00,47.85,200,47.87,300,47.852,2100
12623,0.6,0.09,0.51,10.57,11:37:10,47.91,200,47.93,300,47.9213,750
12716,0.61,0.19,0.42,4.04,11:38:04,47.95,200,47.97,300,47.9636,200
12772,0.42,0.07,0.35,49.41000000000002,11:38:49,47.94,200,47.96,600,47.958,100
12822,0.6200000000000001,0.07,0.55,28.03,11:41:28,47.93,400,47.96,400,47.9579,100
12852,0.59,0.16,0.43,47.81000000000002,11:41:47,47.93,200,47.96,600,47.943999999999996,600
13141,0.41000000000000003,0.22,0.19,0.0,11:43:00,47.95,500,47.98,400,47.9676,550
13196,0.23,0.07,0.16,16.71,11:45:16,48.01,1000,48.04,600,48.0202,100
13616,0.23,0.07,0.16,21.839999999999996,11:48:21,47.94,600,47.96,300,47.946000000000005,100
13745,0.28,0.1,0.18,3.9000000000000004,11:49:03,47.96,200,47.97,100,47.9601,100
13754,3.1999999999999997,3.03,0.17,15.41,11:49:15,47.96,300,47.97,200,47.9675,4000
14543,0.27,0.08,0.19,11.719999999999997,11:54:11,47.89,300,47.91,200,47.9029,100
15318,0.27,0.07,0.2,31.580000000000016,11:59:31,47.88,200,47.9,200,47.8868,100
15605,0.26,0.07,0.19,23.820000000000004,12:01:23,47.89,500,47.92,500,47.908,900
15843,0.36,0.2,0.16,46.25999999999997,12:02:46,47.84,300,47.85,300,47.8325,100
15993,0.37,0.14,0.23,37.11000000000001,12:03:37,47.82,200,47.84,500,47.8369,200
16087,0.41000000000000003,0.15,0.26,15.599999999999996,12:04:15,47.82,200,47.83,400,47.8242,200
16152,0.25,0.07,0.18,37.18000000000001,12:04:37,47.82,600,47.83,700,47.825,100
16335,0.37,0.19,0.18,0.0,12:06:00,47.8,300,47.82,600,47.8132,500
16396,0.25,0.07,0.18,26.699999999999996,12:06:26,47.79,200,47.8,300,47.7935,1400
16513,0.39,0.2,0.19,11.23,12:07:11,47.75,600,47.77,300,47.7501,300
16533,0.24,0.08,0.16,23.679999999999996,12:07:23,47.79,600,47.81,400,47.8032,1500
16608,0.27,0.07,0.2,49.63000000000003,12:07:49,47.79,400,47.8,300,47.7968,100
16765,0.26,0.08,0.18,30.029999999999998,12:08:30,47.82,200,47.83,100,47.8025,100
16975,0.26,0.08,0.18,8.02,12:10:08,47.81,200,47.83,100,47.8201,100
17068,0.33,0.17,0.16,42.07999999999998,12:10:42,47.84,400,47.85,400,47.8466,500
17206,0.24000000000000002,0.07,0.17,32.089999999999996,12:11:32,47.83,100,47.84,300,47.835,4200
17446,0.25,0.07,0.18,0.0,12:13:00,47.86,300,47.88,300,47.8713,100
17579,0.27,0.08,0.19,54.02000000000001,12:13:54,47.86,600,47.88,500,47.8668,100
17772,0.36000000000000004,0.08,0.28,17.019999999999996,12:15:17,47.81,300,47.83,500,47.8101,200
17798,0.35,0.11,0.24,27.710000000000004,12:15:27,47.76,300,47.79,500,47.772,100
17991,0.27,0.07,0.2,31.05000000000002,12:16:31,47.75,200,47.78,400,47.7602,200
18075,0.30000000000000004,0.14,0.16,10.14,12:17:10,47.74,200,47.76,400,47.743,100
18408,0.38,0.21,0.17,12.030000000000001,12:19:12,47.74,500,47.75,400,47.7434,125
18791,0.30000000000000004,0.07,0.23,36.09,12:21:36,47.72,200,47.74,400,47.7332,500
19213,0.38,0.07,0.31,11.790000000000001,12:24:11,47.75,200,47.76,800,47.7325,100
19606,0.24,0.08,0.16,17.259999999999994,12:27:17,47.82,600,47.83,300,47.8234,269
20041,0.31,0.08,0.23,0.0,12:30:00,47.84,500,47.86,700,47.858000000000004,100
20366,2.25,1.86,0.39,9.52,12:32:09,47.83,600,47.85,500,47.8301,100
20818,4.34,4.17,0.17,5.87,12:35:05,47.86,200,47.87,100,47.8632,400
21121,0.34,0.14,0.2,2.21,12:37:02,47.88,300,47.9,500,47.8992,100
21264,0.41000000000000003,0.17,0.24,56.21,12:37:56,48.03,200,48.04,100,48.0386,200
21372,0.39,0.21,0.18,42.24,12:38:42,48.05,100,48.06,600,48.059,100
21396,0.24,0.08,0.16,49.91000000000001,12:38:49,48.05,200,48.06,400,48.0567,169
21406,44.300000000000004,43.96,0.34,0.0,12:39:00,48.07,1000,48.09,600,48.0875,2200
21500,0.4,0.23,0.17,5.92,12:40:05,48.11,400,48.13,300,48.12,300
21509,3.1900000000000004,2.97,0.22,14.840000000000003,12:40:14,48.12,300,48.14,200,48.138000000000005,2200
21513,0.35,0.18,0.17,18.210000000000004,12:40:18,48.16,100,48.17,400,48.16,200
21528,0.5700000000000001,0.27,0.3,26.040000000000003,12:40:26,48.16,400,48.17,400,48.1601,1800
21579,0.24000000000000002,0.07,0.17,40.80999999999999,12:40:40,48.17,200,48.18,200,48.165,100
21594,0.24000000000000002,0.07,0.17,46.00999999999999,12:40:46,48.13,100,48.16,100,48.13,100
21600,0.25,0.08,0.17,47.87,12:40:47,48.14,100,48.16,200,48.1569,1000
21620,0.38,0.18,0.2,54.050000000000004,12:40:54,48.14,100,48.16,300,48.14,100
21699,0.34,0.17,0.17,16.520000000000003,12:41:16,48.16,100,48.19,300,48.17,100
21706,0.23,0.07,0.16,18.459999999999997,12:41:18,48.16,300,48.19,300,48.1804,400
21719,0.27,0.07,0.2,22.769999999999992,12:41:22,48.16,300,48.19,100,48.19,100
21731,0.35,0.14,0.21,26.859999999999996,12:41:26,48.16,300,48.19,100,48.1687,200
21806,0.24,0.08,0.16,6.67,12:44:06,48.11,200,48.13,400,48.1279,300
22044,1.4899999999999998,1.14,0.35,16.839999999999996,12:46:16,48.2,600,48.23,300,48.215,300
22076,0.47,0.26,0.21,30.13999999999999,12:46:30,48.2,600,48.22,300,48.22,100
22092,0.43,0.21,0.22,36.06,12:46:36,48.23,500,48.26,100,48.23,100
22161,0.33,0.08,0.25,0.0,12:47:00,48.25,800,48.26,400,48.255,200
22193,0.28,0.07,0.21,21.39,12:47:21,48.16,100,48.2,200,48.175,200
22252,0.27,0.07,0.2,40.82000000000003,12:47:40,48.17,100,48.19,300,48.1764,280
22285,0.39,0.2,0.19,51.83000000000003,12:47:51,48.21,500,48.25,200,48.24,100
22501,4.42,4.1,0.32,11.180000000000001,12:49:11,48.22,400,48.24,500,48.2386,100
22603,0.43,0.24,0.19,51.96000000000001,12:49:51,48.25,600,48.28,100,48.265,200
22620,0.29,0.08,0.21,0.0,12:50:00,48.26,600,48.29,200,48.28,100
22724,0.4,0.18,0.22,45.84000000000004,12:50:45,48.23,100,48.26,400,48.245,100
22783,1.29,1.09,0.2,3.9,12:51:03,48.22,600,48.24,400,48.2309,190
22969,0.23,0.07,0.16,0.0,12:52:00,48.26,200,48.28,400,48.2745,500
23156,0.33999999999999997,0.18,0.16,18.700000000000003,12:53:18,48.16,700,48.19,300,48.1761,100
23181,0.38,0.22,0.16,26.640000000000008,12:53:26,48.16,400,48.19,700,48.1783,300
23290,0.41000000000000003,0.21,0.2,20.140000000000008,12:54:20,48.17,200,48.19,300,48.1725,100
23450,0.37,0.18,0.19,32.01,12:55:32,48.22,500,48.25,500,48.2398,100
23495,0.24000000000000002,0.07,0.17,45.90000000000002,12:55:45,48.22,600,48.25,600,48.235,100
23759,0.30000000000000004,0.14,0.16,23.020000000000003,12:57:23,48.17,500,48.2,700,48.185,100
24121,0.32,0.14,0.18,0.0,13:01:00,48.17,600,48.19,700,48.1625,100
24322,0.24,0.08,0.16,26.219999999999995,13:02:26,48.15,300,48.17,700,48.1692,100
24421,0.45000000000000007,0.28,0.17,57.259999999999984,13:02:57,48.13,200,48.16,200,48.1475,100
24459,3.23,3.06,0.17,18.99,13:03:18,48.19,500,48.22,200,48.1996,100
24911,174.01,173.76,0.25,0.0,13:08:00,48.21,100,48.24,300,48.2125,100
25358,2.7800000000000002,2.49,0.29,18.38,13:12:18,48.24,200,48.26,300,48.2598,100
25429,0.39,0.14,0.25,47.86000000000001,13:12:47,48.24,200,48.26,300,48.2484,1200
25587,0.42000000000000004,0.08,0.34,0.0,13:14:00,48.26,600,48.29,500,48.29,100
25731,0.59,0.08,0.51,0.0,13:16:00,48.24,600,48.26,400,48.253,400
25782,0.62,0.19,0.43,41.79000000000002,13:16:41,48.27,100,48.29,300,48.2525,100
26035,0.61,0.22,0.39,31.779999999999998,13:19:31,48.29,300,48.31,200,48.3,100
26112,0.5900000000000001,0.07,0.52,10.41,13:20:10,48.29,300,48.3,300,48.295,300
26142,0.5800000000000001,0.13,0.45,28.20000000000001,13:20:28,48.29,500,48.3,400,48.2925,100
26264,3.04,2.57,0.47,12.010000000000002,13:22:12,48.33,100,48.34,100,48.335,300
26268,0.42,0.07,0.35,13.980000000000002,13:22:13,48.3,100,48.33,100,48.33,100
26291,0.59,0.08,0.51,28.19000000000001,13:22:28,48.33,200,48.35,100,48.34,100
26298,0.43999999999999995,0.09,0.35,31.810000000000013,13:22:31,48.32,300,48.35,100,48.32,100
26388,0.57,0.08,0.49,13.209999999999999,13:23:13,48.31,200,48.33,400,48.3125,100
26442,0.8300000000000001,0.19,0.64,2.63,13:24:02,48.3,300,48.33,200,48.315,1000
26457,0.6,0.15,0.45,20.470000000000006,13:24:20,48.28,400,48.31,200,48.2806,484
26487,0.47000000000000003,0.13,0.34,40.23000000000001,13:24:40,48.34,300,48.36,300,48.36,100
26492,1.5999999999999999,0.18,1.42,46.780000000000015,13:24:46,48.34,300,48.37,100,48.35,300
26514,1.21,0.07,1.14,19.22,13:25:19,48.33,200,48.35,100,48.345,100
26591,1.19,0.37,0.82,49.780000000000015,13:26:49,48.28,400,48.3,200,48.286,183
26647,1.4200000000000002,0.09,1.33,59.240000000000016,13:27:59,48.32,100,48.35,100,48.355,100
26791,1.17,0.23,0.94,12.18,13:31:12,48.37,100,48.39,900,48.39,100
26794,1.03,0.24,0.79,15.6,13:31:15,48.37,300,48.39,900,48.38,100
26828,1.4100000000000001,0.07,1.34,58.60000000000001,13:31:58,48.38,300,48.41,400,48.395,100
26831,1.23,0.18,1.05,2.6100000000000003,13:32:02,48.38,400,48.41,400,48.4,100
26841,1.38,0.14,1.24,18.36,13:32:18,48.38,400,48.41,400,48.401,1000
26861,1.3800000000000001,0.09,1.29,45.77,13:32:45,48.48,700,48.6,1300,48.6413,2303
26869,1.6099999999999999,0.17,1.44,58.4,13:32:58,48.53,400,48.58,200,48.555,200
26875,5.99,4.8,1.19,0.0,13:33:00,48.48,300,48.5,200,48.4999,1300
26876,1.21,0.08,1.13,1.21,13:33:01,48.45,500,48.48,200,48.47,100
26877,1.0,0.07,0.93,2.21,13:33:02,48.44,400,48.5,500,48.45,100
26896,1.23,0.21,1.02,27.820000000000004,13:33:27,48.46,300,48.51,100,48.5,300
26903,1.37,0.26,1.11,36.39,13:33:36,48.46,400,48.52,100,48.51,100
26912,1.2200000000000002,0.14,1.08,0.0,13:34:00,48.47,400,48.52,200,48.5067,200
26920,1.01,0.07,0.94,8.810000000000002,13:34:08,48.47,500,48.51,100,48.49,100
26957,1.01,0.08,0.93,55.61,13:34:55,48.52,100,48.55,200,48.54,100
26959,1.4100000000000001,0.08,1.33,58.2,13:34:58,48.53,300,48.57,200,48.57,100
26982,1.57,0.24,1.33,7.590000000000001,13:35:07,48.45,400,48.5,600,48.46,200
27001,1.19,0.15,1.04,31.180000000000007,13:35:31,48.46,100,48.49,300,48.455,127
27069,0.99,0.2,0.79,15.410000000000002,13:37:15,48.44,300,48.48,500,48.48,100
27113,1.21,0.18,1.03,0.0,13:38:00,48.41,200,48.45,1300,48.43,100
27194,1.35,0.23,1.12,0.0,13:39:00,48.37,300,48.4,700,48.385,100
27207,1.1800000000000002,0.08,1.1,5.790000000000001,13:40:05,48.41,100,48.42,500,48.41,100
27210,3.38,2.37,1.01,12.21,13:40:12,48.4,400,48.43,200,48.42,100
27216,0.8200000000000001,0.07,0.75,6.210000000000001,13:41:06,48.43,200,48.45,300,48.4404,300
27251,1.2,0.17,1.03,45.580000000000005,13:41:45,48.46,300,48.49,200,48.475,100
27282,1.21,0.08,1.13,37.78,13:42:37,48.48,300,48.5,500,48.4937,200
27287,1.4,0.19,1.21,44.18,13:42:44,48.5,400,48.53,300,48.53,1272
27300,1.21,0.17,1.04,2.58,13:43:02,48.48,200,48.51,200,48.4888,400
27302,1.3800000000000001,0.07,1.31,5.37,13:43:05,48.51,200,48.53,200,48.52,100
27346,1.21,0.08,1.13,52.63,13:43:52,48.4,300,48.43,300,48.415,400
27348,1.38,0.23,1.15,55.02,13:43:55,48.43,300,48.47,100,48.44,100
27363,1.01,0.08,0.93,7.83,13:44:07,48.5,200,48.54,100,48.515,300
27365,1.2,0.21,0.99,13.799999999999999,13:44:13,48.45,300,48.51,100,48.4548,500
27374,1.01,0.17,0.84,24.219999999999995,13:44:24,48.47,200,48.51,200,48.4921,3900
27403,1.4100000000000001,0.1,1.31,2.8100000000000005,13:45:02,48.44,200,48.48,200,48.441,300
27413,1.21,0.08,1.13,16.810000000000002,13:45:16,48.41,200,48.46,100,48.435,700
27625,1.23,0.08,1.15,22.800000000000004,13:49:22,48.37,200,48.41,400,48.4061,630
27674,1.2,0.17,1.03,8.219999999999999,13:50:08,48.39,100,48.43,300,48.391000000000005,1000
27795,1.02,0.18,0.84,39.99999999999999,13:52:39,48.38,200,48.41,100,48.3525,100
27968,1.24,0.22,1.02,46.43,13:55:46,48.37,400,48.39,400,48.3867,500
28125,1.21,0.22,0.99,0.0,13:59:00,48.43,200,48.45,100,48.4388,100
28174,1.4000000000000001,0.07,1.33,0.0,14:00:00,48.44,200,48.46,100,48.451,1200
28524,1.4000000000000001,0.09,1.31,0.0,14:07:00,48.44,100,48.46,500,48.458999999999996,3000
28563,1.3800000000000001,0.07,1.31,0.0,14:08:00,48.44,400,48.49,500,48.4708,300
28592,1.2,0.07,1.13,38.2,14:08:38,48.44,300,48.48,1100,48.4451,500
28676,1.42,0.23,1.19,10.610000000000001,14:10:10,48.43,300,48.44,200,48.4301,200
28834,0.82,0.09,0.73,0.0,14:13:00,48.42,200,48.45,700,48.4398,1690
28969,0.98,0.08,0.9,0.0,14:15:00,48.39,300,48.42,600,48.4071,100
29253,0.6,0.08,0.52,39.050000000000004,14:20:39,48.44,300,48.45,600,48.445,100
29488,0.44,0.07,0.37,0.0,14:23:00,48.48,1000,48.5,300,48.495,100
29490,0.6000000000000001,0.28,0.32,1.17,14:23:01,48.48,1000,48.5,300,48.4945,500
29527,0.61,0.18,0.43,23.35,14:23:23,48.48,900,48.5,200,48.505,100
29572,0.62,0.21,0.41,47.410000000000004,14:23:47,48.46,200,48.48,400,48.465,1200
29729,0.78,0.07,0.71,49.390000000000015,14:25:49,48.46,200,48.47,300,48.4634,100
29951,0.74,0.14,0.6,18.21,14:28:18,48.45,300,48.48,300,48.4597,100
30017,0.94,0.2,0.74,0.0,14:29:00,48.45,300,48.48,400,48.4691,1000
30664,0.76,0.18,0.58,43.59000000000002,14:38:43,48.46,300,48.47,400,48.4654,200
30688,0.59,0.12,0.47,0.0,14:39:00,48.47,100,48.48,200,48.4799,200
31035,0.5900000000000001,0.25,0.34,6.010000000000001,14:43:06,48.42,300,48.44,1000,48.422,1700
31394,0.43,0.07,0.36,14.219999999999999,14:47:14,48.4,1300,48.41,500,48.405,100
31645,0.85,0.24,0.61,36.21,14:50:36,48.32,200,48.34,200,48.3291,1000
32657,0.85,0.21,0.64,33.87,15:03:33,48.22,300,48.23,300,48.225,100
33080,0.44000000000000006,0.1,0.34,6.03,15:09:06,48.23,1100,48.24,600,48.2375,500
33221,0.6,0.22,0.38,46.390000000000015,15:10:46,48.23,900,48.24,600,48.233000000000004,500
33275,0.61,0.18,0.43,22.360000000000007,15:11:22,48.25,100,48.27,500,48.2631,400
33323,0.75,0.08,0.67,0.0,15:12:00,48.24,300,48.26,1200,48.246,600
33390,0.5900000000000001,0.13,0.46,47.63000000000001,15:12:47,48.2,700,48.21,300,48.2001,1000
33393,0.6,0.21,0.39,49.44000000000001,15:12:49,48.2,1000,48.22,300,48.2088,187
34459,0.79,0.19,0.6,10.559999999999999,15:25:10,48.26,1000,48.27,700,48.2633,200
34922,0.6399999999999999,0.07,0.57,54.17,15:30:54,48.2,1400,48.21,900,48.205,100
34940,0.8200000000000001,0.18,0.64,0.0,15:31:00,48.2,1700,48.21,900,48.2087,133
34943,0.6100000000000001,0.27,0.34,1.82,15:31:01,48.2,1800,48.21,900,48.2075,300
34945,1.59,1.09,0.5,4.0,15:31:04,48.2,1800,48.21,1000,48.2025,100
35648,0.44,0.08,0.36,0.0,15:39:00,48.21,300,48.22,600,48.2175,200
35759,0.5700000000000001,0.26,0.31,31.63,15:40:31,48.25,1100,48.26,600,48.2577,500
36022,0.5800000000000001,0.07,0.51,38.17000000000001,15:43:38,48.22,1100,48.23,1500,48.2285,100
36159,0.45999999999999996,0.09,0.37,4.029999999999999,15:45:04,48.23,1300,48.24,700,48.2275,100
36335,0.6,0.08,0.52,8.040000000000001,15:47:08,48.26,600,48.27,700,48.2635,363
36493,0.62,0.12,0.5,0.0,15:49:00,48.28,1000,48.29,600,48.283,100
36510,0.8,0.19,0.61,12.350000000000003,15:49:12,48.28,2100,48.29,800,48.2805,630
36588,0.5900000000000001,0.13,0.46,0.0,15:50:00,48.38,400,48.48,1100,48.2875,400
36596,1.01,0.23,0.78,6.5600000000000005,15:50:06,48.32,3300,48.34,900,48.3201,100
36605,1.6,0.76,0.84,16.800000000000004,15:50:16,48.32,4200,48.34,700,48.3399,700
36832,0.7899999999999999,0.08,0.71,24.239999999999995,15:53:24,48.33,500,48.34,1600,48.3301,238
36850,0.78,0.25,0.53,36.64,15:53:36,48.34,700,48.35,500,48.3425,100
36860,0.6499999999999999,0.08,0.57,44.239999999999995,15:53:44,48.31,700,48.34,1000,48.3271,5000
37142,0.78,0.17,0.61,4.17,15:57:04,48.36,1000,48.37,2200,48.365,100
37185,2.19,1.61,0.58,9.8,15:59:09,48.35,6100,48.36,1200,48.351000000000006,100
