,Total Delay,Request Delay,Saving Delay,Arrival Time,Time,Bid,Bid Size,Ask,Ask Size,Last Price,Last Size
0,0.6499999999999999,0.3,0.35,0.6499999999999999,09:30:00,89.94,100,90.1,200,89.9403,235
6,0.28,0.08,0.2,2.6000000000000005,09:30:02,89.94,100,90.1,200,89.95,100
22,0.3,0.08,0.22,8.47,09:30:08,89.94,200,90.09,400,89.96,100
32,0.43,0.21,0.22,12.59,09:30:12,89.94,200,90.04,400,90.0311,300
37,0.44,0.21,0.23,14.589999999999998,09:30:14,89.94,200,90.09,600,90.04,100
46,0.35000000000000003,0.08,0.27,0.0,09:31:00,89.95,400,90.09,700,90.02,100
51,0.4,0.18,0.22,1.98,09:31:01,90.06,100,90.23,100,90.125,100
65,0.31,0.07,0.24,9.980000000000002,09:31:09,90.13,200,90.26,100,90.18,100
81,0.43000000000000005,0.17,0.26,22.060000000000002,09:31:22,90.17,100,90.27,100,90.16,100
88,0.39,0.2,0.19,24.270000000000007,09:31:24,90.17,100,90.25,100,90.2,100
105,0.41000000000000003,0.23,0.18,30.350000000000005,09:31:30,89.98,100,90.24,1100,90.07,100
156,0.48,0.21,0.27,50.20000000000002,09:31:50,90.06,100,90.23,400,90.12,100
163,0.43,0.24,0.19,52.29000000000002,09:31:52,90.05,100,90.23,700,90.06,100
186,0.29,0.08,0.21,0.0,09:32:00,89.94,100,90.22,900,89.955,100
214,0.33999999999999997,0.18,0.16,20.189999999999998,09:32:20,90.01,200,90.12,100,90.0,200
258,0.39,0.22,0.17,34.55999999999999,09:32:34,90.12,200,90.18,100,90.1,100
264,0.24000000000000002,0.07,0.17,36.509999999999984,09:32:36,90.14,100,90.3,100,90.36,950
276,0.24000000000000002,0.07,0.17,40.38999999999998,09:32:40,90.15,100,90.37,800,90.26,300
283,0.25,0.09,0.16,42.359999999999985,09:32:42,90.18,100,90.37,800,90.365,100
295,0.33999999999999997,0.18,0.16,46.37,09:32:46,90.18,100,90.36,200,90.2988,200
302,0.39,0.22,0.17,48.61,09:32:48,90.28,100,90.44,100,90.4,100
309,0.25,0.07,0.18,50.54,09:32:50,90.35,200,90.42,200,90.35,100
344,0.36,0.18,0.18,0.0,09:33:00,90.3,200,90.4,100,90.34,100
351,0.26,0.09,0.17,5.68,09:33:05,90.25,300,90.39,100,90.3,100
352,0.35,0.18,0.17,6.029999999999999,09:33:06,90.12,100,90.25,200,90.25,100
362,2.69,2.48,0.21,15.239999999999998,09:33:15,90.25,200,90.36,500,90.28,100
365,0.42000000000000004,0.23,0.19,16.189999999999998,09:33:16,90.25,200,90.36,500,90.305,200
423,0.28,0.07,0.21,36.26000000000001,09:33:36,90.25,200,90.35,500,90.3499,115
446,0.25,0.07,0.18,44.30000000000001,09:33:44,90.37,100,90.47,100,90.44,100
452,0.26,0.07,0.19,46.18000000000001,09:33:46,90.43,100,90.59,300,90.395,100
470,0.41000000000000003,0.19,0.22,52.580000000000005,09:33:52,90.43,100,90.58,200,90.54,100
486,0.25,0.07,0.18,0.0,09:34:00,90.46,100,90.57,100,90.46,100
503,0.44,0.22,0.22,5.900000000000001,09:34:05,90.46,100,90.57,100,90.47,100
508,1.78,1.57,0.21,9.100000000000001,09:34:09,90.46,100,90.57,100,90.515,300
546,0.45,0.2,0.25,31.939999999999994,09:34:31,90.26,200,90.44,100,90.3575,100
618,0.34,0.07,0.27,0.34,09:35:00,90.29,100,90.37,200,90.29,100
623,1.67,1.41,0.26,6.63,09:35:06,90.13,100,90.28,200,90.285,600
625,2.72,2.35,0.37,10.15,09:35:10,90.13,100,90.27,300,90.27,100
628,0.45,0.22,0.23,11.79,09:35:11,90.11,300,90.25,1000,90.24,100
636,0.43,0.22,0.21,15.759999999999998,09:35:15,90.21,200,90.28,200,90.21,100
662,0.56,0.29,0.27,25.919999999999995,09:35:25,90.23,100,90.29,400,90.245,100
727,0.38,0.21,0.17,48.22,09:35:48,90.31,300,90.37,100,90.3436,300
759,0.38,0.21,0.17,0.0,09:36:00,90.32,200,90.41,200,90.35700000000001,1000
772,0.24000000000000002,0.07,0.17,9.8,09:36:09,90.35,200,90.44,100,90.43,100
778,0.39,0.21,0.18,14.140000000000002,09:36:14,90.41,300,90.54,1000,90.42,100
805,0.65,0.28,0.37,28.220000000000006,09:36:28,90.53,200,90.59,100,90.56,100
809,0.42,0.12,0.3,29.950000000000006,09:36:29,90.56,200,90.69,1000,90.59,100
870,0.35000000000000003,0.08,0.27,55.94,09:36:55,90.76,100,90.86,500,90.79,100
875,0.42000000000000004,0.08,0.34,0.0,09:37:00,90.78,400,90.94,1000,90.89,100
882,0.47000000000000003,0.08,0.39,3.9500000000000006,09:37:03,90.79,300,90.93,1000,90.8,100
893,0.28,0.07,0.21,9.77,09:37:09,90.75,200,90.85,100,90.77,100
901,2.69,2.4,0.29,18.139999999999997,09:37:18,90.7,100,90.89,1000,90.74,200
905,0.42000000000000004,0.1,0.32,19.749999999999996,09:37:19,90.75,200,90.88,100,90.82,100
909,0.6000000000000001,0.26,0.34,21.729999999999997,09:37:21,90.75,200,90.88,500,90.8223,200
918,0.49,0.14,0.35,25.749999999999996,09:37:25,90.75,200,90.87,300,90.86,100
922,0.43,0.08,0.35,27.889999999999997,09:37:27,90.79,200,90.88,300,90.88,100
959,0.48,0.21,0.27,43.65999999999998,09:37:43,90.91,200,91.0,100,90.92,100
979,0.35000000000000003,0.07,0.28,51.769999999999975,09:37:51,90.81,100,90.99,100,90.91,100
1007,0.48000000000000004,0.2,0.28,0.0,09:38:00,90.84,100,91.0,300,90.955,200
1011,0.56,0.27,0.29,2.0200000000000005,09:38:02,91.0,100,91.05,100,91.0,100
1016,4.37,4.13,0.24,8.72,09:38:08,90.89,100,91.03,100,90.8852,107
1080,0.46,0.23,0.23,38.019999999999996,09:38:38,90.92,100,91.0,200,90.96,100
1108,0.35000000000000003,0.08,0.27,49.609999999999985,09:38:49,90.93,200,91.11,100,90.93,100
1113,0.51,0.21,0.3,51.90999999999999,09:38:51,90.93,500,91.05,100,91.05,100
1117,0.62,0.27,0.35,53.73999999999999,09:38:53,90.97,100,91.05,100,91.03,100
1122,0.32999999999999996,0.09,0.24,0.0,09:39:00,90.97,400,91.07,100,91.06,100
1135,0.42000000000000004,0.2,0.22,6.05,09:39:06,90.97,500,91.04,100,91.02,100
1142,0.37,0.18,0.19,10.05,09:39:10,91.08,100,91.14,100,91.09,100
1149,0.26,0.07,0.19,14.660000000000002,09:39:14,91.05,100,91.19,300,91.14,100
1152,0.44,0.2,0.24,16.000000000000004,09:39:16,91.05,200,91.18,100,91.19,100
1153,0.8200000000000001,0.52,0.3,16.820000000000004,09:39:16,91.07,100,91.19,100,91.18,100
1159,2.5700000000000003,2.24,0.33,21.560000000000002,09:39:21,91.07,100,91.18,300,91.17,100
1166,0.45,0.13,0.32,24.380000000000006,09:39:24,91.1,100,91.26,300,91.27,100
1172,0.31,0.07,0.24,26.210000000000004,09:39:26,91.1,300,91.26,200,91.26,100
1207,0.38,0.07,0.31,40.46000000000002,09:39:40,91.15,400,91.33,100,91.24,200
1216,0.49,0.22,0.27,44.52000000000004,09:39:44,91.16,100,91.42,200,91.33,100
1245,0.42000000000000004,0.22,0.2,54.250000000000036,09:39:54,91.23,100,91.45,1000,91.39,100
1251,0.28,0.08,0.2,56.20000000000003,09:39:56,91.25,200,91.45,400,91.44,100
1261,0.35,0.17,0.18,0.0,09:40:00,91.28,200,91.45,900,91.365,200
1277,0.46,0.2,0.26,8.22,09:40:08,91.28,400,91.45,400,91.36,200
1281,1.3,0.91,0.39,10.76,09:40:10,91.28,400,91.44,100,91.29,100
1283,2.42,2.13,0.29,13.54,09:40:13,91.11,100,91.28,800,91.11,100
1285,0.43,0.19,0.24,14.259999999999998,09:40:14,90.99,100,91.24,100,91.145,200
1291,0.36,0.17,0.19,16.189999999999998,09:40:16,91.01,300,91.24,500,91.115,400
1387,0.5700000000000001,0.27,0.3,56.43999999999998,09:40:56,91.03,200,91.2,700,91.1477,1000
1391,0.49,0.22,0.27,58.19999999999999,09:40:58,91.02,100,91.19,700,91.04,100
1427,0.33,0.13,0.2,0.0,09:41:00,91.03,100,91.12,300,91.075,200
1440,0.31,0.08,0.23,10.17,09:41:10,91.02,100,91.12,300,91.1,100
1493,0.38,0.21,0.17,28.220000000000006,09:41:28,90.99,200,91.07,400,90.99,100
1547,0.47,0.22,0.25,0.0,09:42:00,91.06,300,91.07,300,91.065,100
1551,0.41000000000000003,0.09,0.32,1.8600000000000003,09:42:01,91.11,200,91.17,100,91.15,100
1568,0.38,0.07,0.31,18.14,09:42:18,91.06,400,91.24,100,91.155,100
1600,0.33,0.08,0.25,32.019999999999996,09:42:32,91.09,100,91.21,200,91.1325,100
1605,0.39,0.09,0.3,33.81999999999999,09:42:33,91.08,1500,91.17,200,91.125,100
1610,0.42000000000000004,0.19,0.23,35.949999999999996,09:42:35,91.07,100,91.17,300,91.12,200
1632,0.33,0.07,0.26,45.849999999999994,09:42:45,91.07,100,91.16,700,91.07,100
1667,0.41000000000000003,0.13,0.28,0.0,09:43:00,90.96,200,91.06,100,90.97,200
1672,0.46,0.08,0.38,2.11,09:43:02,90.96,200,91.06,100,91.01,100
1695,0.45999999999999996,0.21,0.25,14.040000000000003,09:43:14,90.96,100,91.16,700,91.16,100
1799,0.6,0.24,0.36,55.959999999999994,09:43:55,91.0,200,91.08,200,91.08,100
1956,0.43000000000000005,0.09,0.34,0.0,09:45:00,91.0,200,91.08,400,91.0445,100
2061,0.44,0.2,0.24,49.92000000000001,09:45:49,91.06,100,91.12,200,91.105,100
2071,0.53,0.25,0.28,53.89000000000001,09:45:53,91.08,100,91.18,200,91.13,100
2110,0.37,0.1,0.27,8.35,09:46:08,91.13,100,91.21,100,91.2,100
2112,2.15,1.73,0.42,10.8,09:46:10,91.18,100,91.26,100,91.25,200
2115,0.34,0.08,0.26,12.08,09:46:12,91.2,200,91.3,200,91.28,100
2130,0.43,0.18,0.25,22.17,09:46:22,91.22,100,91.31,100,91.2443,1000
2152,0.38,0.08,0.3,30.250000000000004,09:46:30,91.25,300,91.35,100,91.31,100
2163,0.33,0.07,0.26,34.0,09:46:34,91.27,200,91.34,100,91.32,100
2164,0.44999999999999996,0.21,0.24,34.45,09:46:34,91.25,300,91.35,100,91.275,100
2174,0.43000000000000005,0.23,0.2,38.27000000000001,09:46:38,91.23,100,91.37,200,91.2725,100
2191,0.27,0.08,0.19,44.130000000000024,09:46:44,91.23,200,91.37,500,91.34,100
2255,0.26,0.08,0.18,0.0,09:47:00,91.24,200,91.35,500,91.295,100
2267,0.36,0.18,0.18,10.07,09:47:10,91.34,300,91.45,300,91.395,100
2321,0.4,0.2,0.2,29.99,09:47:29,91.35,100,91.43,500,91.35,100
2328,0.3,0.09,0.21,32.01,09:47:32,91.35,100,91.43,500,91.43,200
2343,0.5900000000000001,0.27,0.32,38.33,09:47:38,91.27,100,91.36,700,91.3,100
2363,0.47,0.17,0.3,46.47999999999998,09:47:46,91.23,100,91.31,200,91.305,100
2394,0.28,0.07,0.21,3.880000000000001,09:48:03,91.23,100,91.28,200,91.255,200
2398,0.35000000000000003,0.07,0.28,6.010000000000001,09:48:06,91.23,100,91.28,200,91.23,100
2533,0.51,0.15,0.36,3.6800000000000006,09:49:03,91.17,100,91.25,300,91.21,100
2543,2.41,1.99,0.42,11.760000000000002,09:49:11,91.17,100,91.24,400,91.205,100
2928,0.42000000000000004,0.19,0.23,0.0,09:52:00,91.26,300,91.32,300,91.2804,100
2941,3.5,3.25,0.25,10.5,09:52:10,91.21,500,91.24,600,91.225,100
2959,0.41000000000000003,0.22,0.19,17.81,09:52:17,91.2,100,91.22,100,91.215,300
3030,0.39,0.22,0.17,41.860000000000014,09:52:41,91.31,100,91.4,100,91.374,500
3201,0.36,0.2,0.16,26.190000000000012,09:53:26,91.32,200,91.4,200,91.38,100
3239,0.31,0.12,0.19,7.7299999999999995,09:54:07,91.34,100,91.43,200,91.42,100
3367,0.36,0.18,0.18,58.05000000000003,09:54:58,91.32,300,91.39,500,91.355,100
3429,0.43,0.18,0.25,0.0,09:55:00,91.35,200,91.42,300,91.41,100
3489,0.43000000000000005,0.23,0.2,24.0,09:55:24,91.43,200,91.47,100,91.47,100
3563,0.33,0.07,0.26,0.0,09:56:00,91.43,400,91.49,200,91.46,100
3568,0.55,0.21,0.34,2.21,09:56:02,91.44,200,91.5,1400,91.49,104
3576,0.37,0.07,0.3,5.820000000000001,09:56:05,91.44,200,91.5,1400,91.5,100
3616,0.4,0.22,0.18,19.880000000000003,09:56:19,91.41,100,91.44,200,91.435,400
3652,0.27,0.07,0.2,0.0,09:57:00,91.4,200,91.45,200,91.4252,200
3667,3.57,3.32,0.25,8.85,09:57:08,91.39,100,91.43,200,91.425,100
3670,0.3,0.08,0.22,9.870000000000001,09:57:09,91.37,100,91.43,200,91.37,100
3772,0.26,0.07,0.19,51.830000000000005,09:57:51,91.28,400,91.37,400,91.3301,800
3816,2.62,2.27,0.35,3.62,09:58:03,91.29,500,91.36,400,91.3546,177
3875,0.35,0.12,0.23,28.040000000000017,09:58:28,91.29,300,91.36,400,91.325,100
3984,0.3,0.12,0.18,2.01,09:59:02,91.26,100,91.32,100,91.2708,100
4104,3.3400000000000003,2.95,0.39,8.82,10:00:08,91.14,100,91.22,200,91.22,200
4737,0.26,0.07,0.19,17.94,10:04:17,91.37,100,91.4,200,91.4,100
4765,0.43,0.12,0.31,28.240000000000006,10:04:28,91.38,300,91.45,100,91.45,100
5031,0.36,0.18,0.18,46.03000000000003,10:06:46,91.3,100,91.33,300,91.2903,100
5321,0.29000000000000004,0.07,0.22,14.11,10:08:14,91.08,100,91.14,300,91.0985,379
5391,0.45999999999999996,0.22,0.24,4.300000000000001,10:09:04,91.15,200,91.18,100,91.165,200
6117,0.39,0.2,0.19,0.0,10:16:00,91.27,200,91.3,100,91.3325,100
6133,0.33,0.08,0.25,5.89,10:16:05,91.27,100,91.3,800,91.285,100
6150,0.39,0.14,0.25,0.0,10:17:00,91.24,100,91.29,600,91.2775,100
6637,2.21,1.94,0.27,0.0,10:22:00,91.36,300,91.4,100,91.3725,100
6695,0.32,0.07,0.25,28.429999999999996,10:22:28,91.32,100,91.36,200,91.3625,100
6779,0.42,0.12,0.3,29.87,10:23:29,91.36,100,91.39,400,91.375,100
7288,0.26,0.07,0.19,15.030000000000001,10:28:15,91.34,800,91.38,100,91.3697,500
7312,0.39,0.22,0.17,24.06,10:28:24,91.34,600,91.38,800,91.34100000000001,200
7348,0.35000000000000003,0.07,0.28,36.39999999999999,10:28:36,91.55,600,91.57,100,91.56,100
7381,0.38,0.17,0.21,48.3,10:28:48,91.54,300,91.58,400,91.55,200
7429,0.44999999999999996,0.24,0.21,0.0,10:29:00,91.59,100,91.64,100,91.58,100
7434,0.39,0.21,0.18,1.71,10:29:01,91.61,200,91.65,200,91.62,100
7454,0.28,0.07,0.21,11.64,10:29:11,91.65,200,91.69,100,91.66,100
7477,0.44000000000000006,0.17,0.27,19.680000000000003,10:29:19,91.61,100,91.65,500,91.625,100
7489,0.43000000000000005,0.23,0.2,23.740000000000006,10:29:23,91.61,500,91.64,100,91.595,100
7510,0.45999999999999996,0.24,0.22,31.68000000000001,10:29:31,91.61,300,91.64,100,91.63,100
7535,0.37,0.2,0.17,39.68000000000002,10:29:39,91.58,200,91.63,300,91.61,100
7561,0.38,0.17,0.21,47.810000000000024,10:29:47,91.64,100,91.66,200,91.65,100
7566,0.52,0.19,0.33,49.840000000000025,10:29:49,91.68,100,91.73,900,91.69,570
7571,0.55,0.24,0.31,0.0,10:30:00,91.66,100,91.7,200,91.68,100
7589,4.29,4.05,0.24,11.18,10:30:11,91.59,200,91.64,300,91.64,600
7610,0.43,0.18,0.25,23.31,10:30:23,91.59,200,91.64,300,91.615,100
7625,0.39,0.21,0.18,29.27,10:30:29,91.54,400,91.59,200,91.59,100
7665,0.45,0.18,0.27,43.519999999999996,10:30:43,91.54,200,91.59,300,91.565,800
7766,0.30000000000000004,0.07,0.23,29.650000000000006,10:31:29,91.62,300,91.71,400,91.6511,125
7767,0.43000000000000005,0.2,0.23,30.080000000000005,10:31:30,91.63,200,91.71,300,91.7,200
7776,0.36,0.12,0.24,33.97,10:31:33,91.68,100,91.75,500,91.71,100
7835,0.4,0.19,0.21,12.660000000000005,10:33:12,91.73,700,91.77,500,91.73,100
7851,0.41000000000000003,0.23,0.18,18.940000000000012,10:33:18,91.73,500,91.77,600,91.75,100
7899,0.24000000000000002,0.07,0.17,34.80000000000002,10:33:34,91.76,100,91.81,100,91.7475,200
7913,0.34,0.17,0.17,38.85000000000002,10:33:38,91.76,100,91.81,100,91.76,100
7929,0.31,0.07,0.24,45.02000000000002,10:33:45,91.75,200,91.79,400,91.77,100
8095,0.5900000000000001,0.28,0.31,9.82,10:35:09,91.58,100,91.63,200,91.581,100
8207,0.62,0.09,0.53,42.07999999999998,10:36:42,91.6,500,91.66,600,91.601,2300
8306,0.5700000000000001,0.07,0.5,12.360000000000001,10:37:12,91.56,100,91.6,200,91.6,100
8413,0.9299999999999999,0.07,0.86,0.0,10:39:00,91.7,300,91.75,100,91.725,6200
8416,0.83,0.13,0.7,2.47,10:39:02,91.7,400,91.75,100,91.7139,565
8436,0.8300000000000001,0.27,0.56,22.009999999999998,10:39:22,91.7,600,91.77,400,91.735,100
8464,0.6300000000000001,0.07,0.56,42.190000000000005,10:39:42,91.65,200,91.69,200,91.67,100
8517,0.76,0.21,0.55,26.310000000000006,10:40:26,91.67,100,91.7,200,91.685,100
8575,0.77,0.27,0.5,0.0,10:41:00,91.73,300,91.77,200,91.7301,228
8580,2.0,1.43,0.57,4.44,10:41:04,91.69,100,91.73,100,91.715,100
8598,0.59,0.21,0.38,19.449999999999996,10:41:19,91.68,100,91.72,100,91.705,100
8618,0.5700000000000001,0.07,0.5,31.6,10:41:31,91.68,200,91.71,400,91.695,100
8657,0.62,0.23,0.39,0.0,10:42:00,91.69,200,91.73,400,91.72,100
8812,0.64,0.14,0.5,36.84000000000002,10:43:36,91.73,200,91.78,300,91.7593,260
8860,0.59,0.08,0.51,0.0,10:44:00,91.78,300,91.85,300,91.83,100
8878,0.6000000000000001,0.07,0.53,12.020000000000001,10:44:12,91.83,400,91.87,100,91.86,500
8881,0.5900000000000001,0.07,0.52,13.790000000000001,10:44:13,91.86,100,91.92,200,91.87,100
8885,0.59,0.08,0.51,16.17,10:44:16,91.86,300,91.92,200,91.92,100
8984,0.75,0.14,0.61,9.590000000000002,10:45:09,91.89,500,91.94,300,91.94,100
8996,0.58,0.08,0.5,17.59,10:45:17,91.89,600,91.94,400,91.895,200
9009,0.77,0.22,0.55,25.6,10:45:25,91.84,200,91.89,300,91.91,100
9037,0.62,0.24,0.38,9.99,10:46:09,91.88,100,91.93,300,91.905,100
9209,0.58,0.08,0.5,0.0,10:48:00,91.95,300,91.99,300,91.97,135
9224,0.61,0.18,0.43,9.639999999999999,10:48:09,91.95,500,91.99,300,91.96,600
9295,3.9400000000000004,3.45,0.49,0.0,10:49:00,91.95,600,91.98,200,91.965,100
9308,0.44,0.08,0.36,7.050000000000002,10:49:07,91.95,100,91.98,100,91.95,100
9322,0.56,0.19,0.37,15.01,10:49:15,91.93,100,91.97,100,91.9699,565
9338,0.64,0.09,0.55,25.640000000000004,10:49:25,91.91,100,91.93,100,91.93,100
9379,0.5900000000000001,0.07,0.52,0.0,10:50:00,91.87,100,91.92,200,91.89,100
9405,0.58,0.17,0.41,21.760000000000005,10:50:21,91.9,200,91.95,100,91.9,100
9471,2.39,1.81,0.58,12.23,10:51:12,91.89,400,91.94,300,91.945,100
9473,2.8099999999999996,2.34,0.47,15.620000000000001,10:51:15,91.89,200,91.94,200,91.915,100
9484,0.76,0.22,0.54,23.970000000000006,10:51:23,91.97,100,91.99,400,91.98,100
9485,0.8300000000000001,0.19,0.64,24.800000000000004,10:51:24,92.03,100,92.04,100,92.035,100
9487,0.6000000000000001,0.07,0.53,26.000000000000007,10:51:26,92.03,100,92.05,500,92.04,100
9494,0.77,0.21,0.56,30.360000000000007,10:51:30,91.99,100,92.03,300,92.0175,100
9500,0.59,0.22,0.37,33.98000000000001,10:51:33,91.96,500,92.02,200,91.99,100
9503,0.6000000000000001,0.07,0.53,36.13000000000002,10:51:36,91.96,300,92.02,300,92.01,100
9657,0.5800000000000001,0.07,0.51,20.009999999999998,10:53:20,92.01,300,92.06,100,92.02,100
9675,0.62,0.19,0.43,29.810000000000002,10:53:29,92.06,100,92.09,200,92.075,100
9683,0.57,0.09,0.48,34.21,10:53:34,92.06,300,92.09,100,92.0675,100
9686,0.62,0.29,0.33,36.04,10:53:36,92.06,400,92.12,300,92.09,100
9689,0.76,0.39,0.37,37.839999999999996,10:53:37,92.06,100,92.12,200,92.06,100
9693,0.6,0.15,0.45,40.25,10:53:40,92.11,200,92.13,200,92.11,100
9696,0.43,0.07,0.36,41.85,10:53:41,92.11,200,92.17,200,92.15,100
9717,0.59,0.17,0.42,0.0,10:54:00,92.06,200,92.1,200,92.085,100
9737,0.57,0.08,0.49,13.999999999999998,10:54:13,92.0,100,92.02,100,92.0,100
9741,0.63,0.22,0.41,16.209999999999997,10:54:16,92.04,100,92.1,100,92.07,100
9754,0.5700000000000001,0.07,0.5,26.380000000000003,10:54:26,91.99,100,92.03,100,92.0075,100
9819,0.53,0.21,0.32,3.8,10:57:03,92.04,100,92.07,100,92.05,100
9820,5.77,5.27,0.5,9.57,10:57:09,92.0,100,92.05,200,92.0216,500
9868,0.5900000000000001,0.07,0.52,39.56000000000002,10:57:39,92.04,100,92.09,300,92.1,100
9910,0.62,0.23,0.39,1.7999999999999998,10:58:01,91.99,100,92.03,100,92.03,100
10012,0.58,0.29,0.29,8.850000000000001,10:59:08,92.06,300,92.12,100,92.08,100
10282,0.7999999999999999,0.08,0.72,18.53,11:04:18,92.02,200,92.05,500,92.025,100
10489,0.44,0.08,0.36,50.16999999999999,11:06:50,92.01,100,92.02,200,92.0125,100
10525,2.18,1.6,0.58,15.76,11:07:15,92.06,100,92.1,200,92.0798,142
10629,0.65,0.22,0.43,0.0,11:08:00,92.05,100,92.1,300,92.0999,100
10788,0.59,0.21,0.38,0.0,11:10:00,92.13,400,92.15,200,92.14,100
10795,1.58,1.07,0.51,4.800000000000001,11:10:04,92.03,100,92.06,100,92.055,100
10852,0.75,0.09,0.66,44.16000000000002,11:10:44,91.97,200,92.02,100,92.0199,1618
10960,0.5900000000000001,0.07,0.52,51.080000000000034,11:11:51,92.0,400,92.06,300,92.021,155
10992,0.42,0.07,0.35,19.78,11:12:19,92.0,600,92.05,100,92.0285,100
11078,0.8,0.19,0.61,12.950000000000001,11:13:12,92.0,500,92.05,500,92.0001,190
11132,0.6,0.17,0.43,3.97,11:14:03,92.02,600,92.06,400,92.0328,115
11201,108.41,107.97,0.44,0.0,11:16:00,91.9,200,91.95,400,91.9267,1000
11326,0.44,0.12,0.32,0.0,11:18:00,91.94,300,91.99,400,91.98899999999999,100
11518,0.6100000000000001,0.07,0.54,19.41,11:20:19,91.94,100,91.98,200,91.9599,200
11583,0.6399999999999999,0.07,0.57,2.59,11:21:02,91.91,100,91.97,100,91.911,500
11662,0.8,0.33,0.47,3.45,11:22:03,91.98,100,92.01,100,91.995,100
11762,0.62,0.24,0.38,0.0,11:23:00,91.88,200,91.93,200,91.88,100
11837,0.8,0.39,0.41,0.0,11:24:00,91.88,400,91.93,500,91.881,300
11896,0.7899999999999999,0.09,0.7,40.04,11:24:40,91.83,200,91.88,300,91.85,100
11916,0.7999999999999999,0.21,0.59,8.83,11:25:08,91.83,100,91.87,100,91.84,100
11958,0.61,0.12,0.49,40.28,11:25:40,91.8,300,91.85,1100,91.825,100
11983,0.75,0.08,0.67,0.0,11:26:00,91.84,300,91.87,200,91.855,100
12035,30.98,30.48,0.5,0.0,11:27:00,91.8,100,91.83,100,91.82,100
12059,0.73,0.08,0.65,1.34,11:28:01,91.88,600,91.93,500,91.9082,200
12061,0.8099999999999999,0.22,0.59,2.95,11:28:02,91.88,700,91.93,500,91.9154,1000
12074,0.61,0.3,0.31,3.26,11:29:03,91.81,200,91.87,300,91.8123,300
12143,0.8,0.18,0.62,0.0,11:30:00,91.81,300,91.87,300,91.8699,125
12148,18.869999999999997,18.13,0.74,23.669999999999998,11:30:23,91.81,400,91.86,500,91.835,100
12498,0.5800000000000001,0.07,0.51,27.55000000000001,11:34:27,91.78,300,91.82,200,91.8,100
12524,0.63,0.2,0.43,44.180000000000014,11:34:44,91.79,200,91.82,200,91.805,100
12566,79.02,78.7,0.32,0.0,11:36:00,91.79,400,91.83,200,91.81,200
12705,0.5700000000000001,0.12,0.45,0.0,11:38:00,91.81,400,91.84,300,91.8175,500
12811,0.6,0.08,0.52,7.7700000000000005,11:41:07,91.81,300,91.85,400,91.815,300
12962,0.28,0.08,0.2,34.709999999999994,11:42:34,91.78,100,91.81,200,91.795,100
12968,0.31,0.11,0.2,36.589999999999996,11:42:36,91.78,100,91.81,500,91.79,100
12994,0.27,0.08,0.19,44.790000000000006,11:42:44,91.76,300,91.81,300,91.7925,100
13027,0.39,0.2,0.19,0.0,11:43:00,91.76,500,91.81,400,91.7725,500
13142,84.78,84.59,0.19,0.0,11:45:00,91.66,200,91.69,300,91.665,100
13506,0.27,0.08,0.19,25.86,11:47:25,91.72,200,91.76,100,91.7336,150
13622,0.38,0.21,0.17,23.809999999999995,11:48:23,91.65,100,91.68,200,91.65100000000001,300
13695,0.42000000000000004,0.22,0.2,47.89999999999998,11:48:47,91.61,100,91.66,300,91.635,100
13870,0.41000000000000003,0.18,0.23,34.38999999999999,11:49:34,91.55,300,91.6,100,91.57,100
13944,0.24,0.08,0.16,14.129999999999997,11:50:14,91.55,100,91.56,100,91.5501,100
13951,0.24,0.08,0.16,16.329999999999995,11:50:16,91.51,200,91.55,400,91.52,100
13958,0.44000000000000006,0.27,0.17,18.349999999999998,11:50:18,91.5,200,91.54,100,91.53,200
14001,0.33999999999999997,0.18,0.16,32.23999999999998,11:50:32,91.49,200,91.53,200,91.51,100
14054,1.58,1.3,0.28,0.0,11:51:00,91.44,300,91.49,100,91.4667,400
14083,0.44,0.22,0.22,18.33,11:51:18,91.5,100,91.53,100,91.5021,100
14122,0.37,0.2,0.17,31.139999999999993,11:51:31,91.49,100,91.53,300,91.491,100
14170,0.24000000000000002,0.07,0.17,47.070000000000014,11:51:47,91.44,300,91.51,200,91.4605,150
14517,1.98,1.65,0.33,10.6,11:54:10,91.51,200,91.55,500,91.54,100
14685,0.27,0.07,0.2,5.799999999999999,11:55:05,91.46,200,91.53,200,91.5059,1000
14694,0.44,0.21,0.23,11.939999999999996,11:55:11,91.47,300,91.52,200,91.4701,300
15365,0.29,0.08,0.21,47.839999999999996,11:59:47,91.61,100,91.64,100,91.611,635
15658,0.35,0.18,0.17,35.51999999999998,12:01:35,91.59,100,91.63,400,91.59100000000001,126
16491,0.45000000000000007,0.17,0.28,0.0,12:07:00,91.47,200,91.54,400,91.48,100
16657,0.26,0.07,0.19,0.0,12:08:00,91.56,500,91.6,100,91.561,130
17252,0.4,0.23,0.17,25.349999999999994,12:11:25,91.55,100,91.58,200,91.5591,337
18712,0.31000000000000005,0.14,0.17,0.0,12:21:00,91.49,100,91.52,200,91.5054,350
19236,0.3,0.08,0.22,37.91,12:24:37,91.49,300,91.52,300,91.505,100
19357,0.27,0.07,0.2,2.02,12:25:02,91.5,300,91.53,400,91.5046,100
20373,0.29,0.08,0.21,8.339999999999998,12:32:08,91.48,300,91.52,200,91.4975,200
20661,1.36,1.03,0.33,0.0,12:34:00,91.38,200,91.42,200,91.3922,226
20801,0.34,0.17,0.17,0.0,12:35:00,91.39,100,91.43,100,91.4021,182
21016,0.43,0.24,0.19,19.85,12:36:19,91.42,200,91.44,300,91.421,200
22129,0.27,0.07,0.2,28.710000000000008,12:46:28,91.39,200,91.45,200,91.4081,100
23258,0.37,0.21,0.16,0.0,12:54:00,91.46,600,91.51,100,91.4777,277
23295,0.41000000000000003,0.2,0.21,22.250000000000007,12:54:22,91.46,600,91.51,400,91.4966,220
24128,4.420000000000001,4.19,0.23,6.500000000000001,13:01:06,91.38,200,91.4,100,91.3918,500
25625,0.58,0.21,0.37,31.939999999999998,13:14:31,91.4,100,91.43,200,91.415,100
27143,1.38,0.18,1.2,48.57999999999999,13:38:48,91.63,300,91.65,100,91.6335,100
27570,1.0,0.08,0.92,28.590000000000007,13:48:28,91.43,300,91.47,100,91.4436,117
27735,1.21,0.07,1.14,30.560000000000002,13:51:30,91.44,100,91.46,200,91.441,101
27971,1.3900000000000001,0.09,1.3,0.0,13:56:00,91.48,200,91.49,200,91.485,100
28278,3.21,2.37,0.84,5.8100000000000005,14:02:05,91.53,600,91.58,200,91.555,5565
28531,1.2000000000000002,0.08,1.12,0.0,14:07:00,91.58,1200,91.61,300,91.5927,300
28687,1.01,0.07,0.94,18.81,14:10:18,91.54,100,91.57,600,91.5583,582
28702,0.82,0.08,0.74,39.85000000000001,14:10:39,91.54,300,91.57,200,91.5514,418
28720,1.02,0.18,0.84,0.0,14:11:00,91.54,600,91.57,300,91.54899999999999,368
28726,3.58,2.78,0.8,9.190000000000001,14:11:09,91.54,600,91.57,300,91.56700000000001,215
29002,1.1800000000000002,0.14,1.04,0.0,14:16:00,91.49,400,91.5,300,91.495,100
29459,0.5700000000000001,0.2,0.37,40.010000000000005,14:22:40,91.64,200,91.66,200,91.6408,300
29625,0.61,0.2,0.41,32.059999999999995,14:24:32,91.65,500,91.68,100,91.6698,473
29850,0.43,0.07,0.36,3.43,14:27:03,91.64,300,91.66,500,91.6402,500
30286,0.62,0.09,0.53,0.0,14:32:00,91.64,200,91.65,100,91.645,100
30446,1.46,0.95,0.51,5.45,14:34:05,91.64,400,91.67,200,91.655,100
30573,0.79,0.27,0.52,22.359999999999996,14:37:22,91.56,200,91.58,400,91.5699,225
31478,0.59,0.18,0.41,29.999999999999996,14:48:29,91.64,600,91.67,300,91.6502,100
31653,0.79,0.14,0.65,42.37,14:50:42,91.57,100,91.6,500,91.585,100
31666,0.79,0.24,0.55,52.77,14:50:52,91.57,400,91.6,500,91.5802,200
32303,0.8300000000000001,0.19,0.64,14.58,14:59:14,91.62,200,91.65,100,91.6302,200
32452,0.43,0.07,0.36,37.86000000000001,15:00:37,91.69,200,91.7,200,91.6934,300
32703,0.6000000000000001,0.07,0.53,7.809999999999999,15:04:07,91.64,600,91.68,700,91.6696,500
32775,0.77,0.2,0.57,1.4100000000000001,15:05:01,91.7,200,91.77,200,91.74,100
32790,0.75,0.22,0.53,14.970000000000002,15:05:14,91.72,200,91.77,300,91.745,100
32943,0.6399999999999999,0.07,0.57,16.2,15:07:16,91.65,400,91.67,600,91.6631,102
33701,1.18,0.61,0.57,8.38,15:16:08,91.57,200,91.58,700,91.575,100
33736,0.75,0.2,0.55,36.12000000000001,15:16:36,91.56,500,91.57,200,91.5675,100
33968,0.61,0.09,0.52,26.0,15:19:26,91.53,200,91.57,900,91.545,6500
34025,0.56,0.07,0.49,0.0,15:20:00,91.52,100,91.55,500,91.535,100
34087,0.5599999999999999,0.08,0.48,43.81000000000001,15:20:43,91.55,300,91.58,200,91.5503,2000
34557,0.43,0.07,0.36,22.41,15:26:22,91.69,100,91.71,200,91.6977,330
35524,0.63,0.14,0.49,34.02,15:37:34,91.62,100,91.63,100,91.6299,200
35613,0.6,0.23,0.37,45.57000000000003,15:38:45,91.6,300,91.61,500,91.605,100
36395,0.59,0.18,0.41,48.07000000000004,15:47:48,91.7,900,91.71,700,91.7046,150
36438,0.59,0.17,0.42,24.189999999999998,15:48:24,91.7,500,91.72,600,91.711,100
36493,0.62,0.12,0.5,0.0,15:49:00,91.69,200,91.7,500,91.6918,170
36605,1.6,0.76,0.84,17.390000000000004,15:50:17,91.69,100,91.7,400,91.699,100
36640,0.85,0.13,0.72,42.82000000000002,15:50:42,91.66,400,91.67,800,91.6645,300
36758,0.6100000000000001,0.07,0.54,25.56,15:52:25,91.57,200,91.58,1300,91.5725,200
36785,0.5900000000000001,0.2,0.39,43.80000000000002,15:52:43,91.56,200,91.57,700,91.5625,100
36877,0.5900000000000001,0.2,0.39,55.629999999999995,15:53:55,91.57,100,91.58,600,91.5798,100
36932,0.41000000000000003,0.09,0.32,32.00000000000001,15:54:32,91.6,300,91.62,400,91.6199,100
36985,0.5900000000000001,0.14,0.45,12.18,15:55:12,91.52,300,91.53,200,91.525,100
36987,0.78,0.24,0.54,15.729999999999999,15:55:15,91.52,300,91.53,1100,91.5299,100
37076,0.57,0.08,0.49,24.200000000000003,15:56:24,91.48,100,91.49,400,91.4825,100
37119,0.75,0.19,0.56,50.21000000000002,15:56:50,91.46,400,91.47,200,91.475,100
37126,0.61,0.18,0.43,54.25000000000002,15:56:54,91.45,400,91.46,100,91.455,100
37135,0.5900000000000001,0.2,0.39,0.0,15:57:00,91.44,100,91.45,700,91.445,100
37193,0.6100000000000001,0.07,0.54,16.19,15:59:16,91.44,1400,91.45,700,91.4499,116
37233,0.6,0.12,0.48,43.970000000000006,15:59:43,91.45,400,91.47,300,91.4699,115
