,Total Delay,Request Delay,Saving Delay,Arrival Time,Time,Bid,Bid Size,Ask,Ask Size,Last Price,Last Size
0,0.6499999999999999,0.3,0.35,0.6499999999999999,09:30:00,38.34,400,38.36,100,38.35,100
12,0.35,0.16,0.19,4.76,09:30:04,38.34,400,38.36,100,38.36,200
22,0.3,0.08,0.22,8.47,09:30:08,38.34,400,38.36,100,38.3401,2200
37,0.44,0.21,0.23,14.589999999999998,09:30:14,38.38,400,38.4,600,38.39,100
45,0.32,0.09,0.23,0.0,09:31:00,38.38,400,38.4,600,38.4,200
69,0.42,0.21,0.21,12.38,09:31:12,38.41,100,38.42,100,38.41,100
71,0.37,0.18,0.19,15.12,09:31:15,38.41,200,38.43,200,38.42,100
105,0.41000000000000003,0.23,0.18,30.700000000000003,09:31:30,38.42,400,38.43,200,38.43,100
108,0.27,0.08,0.19,31.690000000000005,09:31:31,38.42,400,38.43,200,38.4243,200
122,0.32,0.12,0.2,36.45000000000001,09:31:36,38.43,300,38.45,200,38.4498,100
138,0.38,0.07,0.31,42.490000000000016,09:31:42,38.45,200,38.47,600,38.44,100
142,0.32,0.13,0.19,43.97000000000002,09:31:43,38.45,200,38.47,600,38.45,100
144,0.46,0.18,0.28,44.810000000000024,09:31:44,38.45,200,38.48,200,38.47,464
148,0.4,0.08,0.32,46.49000000000002,09:31:46,38.45,400,38.48,400,38.48,100
156,0.48,0.21,0.27,50.55000000000002,09:31:50,38.48,200,38.49,200,38.49,600
169,0.27,0.07,0.2,54.370000000000026,09:31:54,38.46,600,38.48,100,38.46,627
176,0.33,0.16,0.17,56.65000000000002,09:31:56,38.46,600,38.48,100,38.4676,2000
258,0.39,0.22,0.17,34.55999999999999,09:32:34,38.5,300,38.51,100,38.5,100
264,0.24000000000000002,0.07,0.17,36.509999999999984,09:32:36,38.5,500,38.51,100,38.51,100
330,0.38,0.18,0.2,58.03,09:32:58,38.48,200,38.49,400,38.485,10000
405,0.5700000000000001,0.28,0.29,30.190000000000005,09:33:30,38.43,400,38.45,200,38.445,400
445,0.39,0.21,0.18,44.05000000000001,09:33:44,38.45,600,38.47,500,38.4559,286
508,1.78,1.57,0.21,11.239999999999998,09:34:11,38.46,400,38.47,800,38.465,100
552,0.5800000000000001,0.25,0.33,36.55,09:34:36,38.49,300,38.5,400,38.495,100
623,1.67,1.41,0.26,6.29,09:35:06,38.45,500,38.46,200,38.455,100
774,2.31,2.11,0.2,5.24,09:36:05,38.43,400,38.44,200,38.435,100
810,0.4,0.12,0.28,23.229999999999997,09:36:23,38.42,200,38.43,500,38.425,100
822,0.30000000000000004,0.07,0.23,28.769999999999996,09:36:28,38.42,500,38.43,500,38.4205,500
1015,1.01,0.75,0.26,8.510000000000002,09:38:08,38.46,600,38.47,600,38.4607,100
1033,0.42000000000000004,0.14,0.28,19.959999999999997,09:38:19,38.47,500,38.48,200,38.475,1300
1104,0.45,0.18,0.27,52.10999999999998,09:38:52,38.45,700,38.46,700,38.4525,400
1216,0.49,0.22,0.27,44.070000000000036,09:39:44,38.45,1000,38.46,800,38.451,125
1325,0.33,0.08,0.25,29.75,09:40:29,38.41,500,38.42,7200,38.415,100
1346,0.45,0.19,0.26,37.63,09:40:37,38.4,700,38.41,500,38.405,100
1417,0.42000000000000004,0.22,0.2,8.15,09:41:08,38.38,300,38.39,700,38.38,100
1451,0.31,0.08,0.23,26.179999999999996,09:41:26,38.38,600,38.39,1200,38.385,350
1503,0.3,0.08,0.22,44.209999999999994,09:41:44,38.41,600,38.42,600,38.4199,704
1622,0.33,0.07,0.26,43.80999999999999,09:42:43,38.41,800,38.42,1500,38.4185,405
1658,0.76,0.29,0.47,58.21999999999998,09:42:58,38.39,900,38.4,500,38.395,200
1985,0.5700000000000001,0.28,0.29,21.990000000000002,09:45:21,38.37,1300,38.38,400,38.375,100
2001,0.5800000000000001,0.27,0.31,28.230000000000004,09:45:28,38.37,1200,38.38,800,38.37,100
2030,0.38,0.2,0.18,39.75000000000002,09:45:39,38.36,900,38.37,600,38.365,100
2067,0.47,0.18,0.29,54.210000000000015,09:45:54,38.34,500,38.35,500,38.345,100
2087,0.56,0.27,0.29,1.9100000000000001,09:46:01,38.34,500,38.35,800,38.34,100
2250,0.4,0.21,0.19,6.059999999999999,09:47:06,38.32,500,38.33,400,38.32,100
2279,0.5,0.21,0.29,22.419999999999998,09:47:22,38.34,1000,38.35,1000,38.33,100
2321,0.4,0.2,0.2,38.03000000000001,09:47:38,38.35,1000,38.36,400,38.355,100
2801,3.3499999999999996,3.01,0.34,10.719999999999999,09:51:10,38.33,500,38.34,1600,38.335,100
3281,0.23,0.07,0.16,22.18,09:54:22,38.36,1500,38.37,1200,38.361,200
3342,0.33,0.17,0.16,42.02000000000003,09:54:42,38.36,3200,38.37,1500,38.3699,176
3448,0.45,0.25,0.2,31.919999999999998,09:55:31,38.37,2000,38.38,1200,38.3753,100
3646,0.33999999999999997,0.13,0.21,51.97000000000001,09:56:51,38.31,1100,38.32,700,38.315,100
3657,0.38,0.09,0.29,1.9299999999999997,09:57:01,38.32,1300,38.33,600,38.325,100
3677,1.35,1.06,0.29,17.03,09:57:17,38.31,700,38.32,700,38.31,100
4014,0.34,0.17,0.17,33.86,09:59:33,38.34,900,38.35,1300,38.346,270
4232,0.42,0.21,0.21,17.64,10:01:17,38.38,900,38.39,800,38.3899,149
5194,0.26,0.07,0.19,49.40000000000001,10:07:49,38.41,1800,38.42,1600,38.412,100
6271,0.69,0.24,0.45,0.0,10:18:00,38.39,900,38.4,3000,38.3967,1200
6732,2.2,1.76,0.44,8.56,10:23:08,38.41,1300,38.42,1300,38.419000000000004,200
7642,0.27,0.07,0.2,35.13999999999999,10:30:35,38.45,1000,38.46,1700,38.4542,147
7716,0.36,0.14,0.22,3.69,10:31:03,38.44,1400,38.45,1900,38.4425,260
7782,0.4,0.18,0.22,37.72,10:31:37,38.44,700,38.45,1600,38.4436,307
7804,0.4,0.23,0.17,0.0,10:33:00,38.44,1200,38.45,2100,38.4463,164
7835,0.4,0.19,0.21,12.660000000000005,10:33:12,38.45,1300,38.46,1800,38.4575,400
8111,0.62,0.08,0.54,29.849999999999998,10:35:29,38.43,1000,38.44,1600,38.433,149
8503,0.63,0.12,0.51,19.769999999999996,10:40:19,38.46,1000,38.47,1900,38.461,1000
8755,0.62,0.15,0.47,0.0,10:43:00,38.45,1300,38.46,2200,38.4599,20000
8762,0.43999999999999995,0.09,0.35,5.65,10:43:05,38.46,500,38.47,1400,38.4625,100
8806,0.81,0.17,0.64,38.22,10:43:38,38.46,900,38.47,1400,38.469,151
8818,0.7899999999999999,0.22,0.57,46.41000000000002,10:43:46,38.46,1000,38.47,2000,38.4601,100
8905,0.63,0.27,0.36,47.590000000000025,10:44:47,38.42,300,38.43,1800,38.4256,100
8916,0.5800000000000001,0.18,0.4,54.00000000000002,10:44:54,38.42,500,38.43,1700,38.4247,150
9122,0.6000000000000001,0.07,0.53,17.810000000000002,10:47:17,38.39,1100,38.4,1100,38.3971,106
9166,0.5900000000000001,0.07,0.52,43.82999999999999,10:47:43,38.39,1200,38.4,800,38.3936,500
9221,0.43,0.07,0.36,28.04,10:48:28,38.4,1000,38.41,700,38.4025,100
9756,118.97,118.36,0.61,0.0,10:56:00,38.27,4900,38.28,700,38.27,100
9777,0.75,0.21,0.54,14.42,10:56:14,38.27,4600,38.28,1600,38.2799,200
9784,0.64,0.18,0.46,18.87,10:56:18,38.25,1000,38.26,1000,38.25,500
9789,0.6300000000000001,0.07,0.56,22.270000000000003,10:56:22,38.25,2000,38.26,700,38.255,100
9790,0.77,0.07,0.7,23.040000000000003,10:56:23,38.24,1300,38.25,1300,38.24,200
9792,0.6100000000000001,0.27,0.34,24.290000000000003,10:56:24,38.24,1400,38.25,1300,38.245,100
9809,0.6100000000000001,0.07,0.54,0.6100000000000001,10:57:00,38.23,1000,38.24,2100,38.23,100
9815,0.44,0.08,0.36,4.03,10:57:04,38.23,300,38.24,900,38.235,100
9822,0.43,0.07,0.36,14.190000000000001,10:57:14,38.22,200,38.23,1200,38.22,100
9830,0.61,0.19,0.42,18.590000000000003,10:57:18,38.22,900,38.23,700,38.225,100
9843,0.61,0.18,0.43,28.18000000000001,10:57:28,38.21,400,38.22,900,38.21,100
9850,0.61,0.21,0.4,31.97000000000001,10:57:31,38.21,1000,38.22,800,38.2,100
9854,0.5700000000000001,0.23,0.34,33.94000000000001,10:57:33,38.21,800,38.22,600,38.2197,100
9930,0.43999999999999995,0.15,0.29,23.81,10:58:23,38.2,1500,38.21,1200,38.2025,200
9952,0.5800000000000001,0.2,0.38,36.0,10:58:36,38.2,1000,38.21,1200,38.205,100
10152,0.44999999999999996,0.15,0.3,48.20000000000001,11:00:48,38.25,1000,38.26,500,38.26,200
10185,4.38,3.9,0.48,8.2,11:01:08,38.28,2100,38.29,1300,38.29,100
10186,4.41,3.86,0.55,12.61,11:01:12,38.29,1600,38.3,900,38.3,100
10199,0.57,0.08,0.49,19.810000000000002,11:01:19,38.27,900,38.28,300,38.28,100
10210,0.57,0.09,0.48,25.590000000000003,11:01:25,38.27,700,38.28,700,38.2754,105
10217,0.61,0.31,0.3,29.61,11:01:29,38.27,800,38.28,200,38.275,100
10225,0.5700000000000001,0.07,0.5,34.0,11:01:34,38.27,800,38.28,600,38.2729,240
10239,0.56,0.07,0.49,41.809999999999995,11:01:41,38.29,600,38.3,700,38.295,600
10520,0.59,0.17,0.42,3.8,11:07:03,38.36,1400,38.37,1200,38.3625,100
10960,0.5900000000000001,0.07,0.52,54.270000000000046,11:11:54,38.33,1000,38.34,800,38.3399,646
11376,0.78,0.17,0.61,36.160000000000004,11:18:36,38.35,1500,38.36,700,38.3525,100
11513,4.16,3.7,0.46,20.379999999999995,11:20:20,38.35,2000,38.36,1200,38.3551,242
11521,0.6000000000000001,0.14,0.46,25.549999999999997,11:20:25,38.35,2000,38.36,1800,38.3501,100
11536,0.6100000000000001,0.27,0.34,35.98,11:20:35,38.35,2000,38.36,1400,38.359,182
11606,0.8,0.24,0.56,29.980000000000008,11:21:29,38.3,900,38.31,1400,38.3001,300
11616,0.76,0.07,0.69,37.800000000000004,11:21:37,38.31,1400,38.32,2500,38.3144,135
11729,0.61,0.18,0.43,55.029999999999994,11:22:55,38.32,800,38.33,1400,38.3243,182
12282,0.44,0.07,0.37,0.0,11:32:00,38.28,900,38.29,900,38.285,100
12385,0.6000000000000001,0.07,0.53,11.99,11:33:11,38.25,900,38.26,1500,38.2589,100
12511,0.61,0.12,0.49,35.780000000000015,11:34:35,38.26,1600,38.27,800,38.265,100
12538,0.63,0.21,0.42,53.98000000000001,11:34:53,38.26,1100,38.27,700,38.2651,100
12716,0.61,0.19,0.42,0.0,11:38:00,38.25,700,38.26,900,38.2552,308
12719,1.99,1.45,0.54,5.61,11:38:05,38.26,1100,38.27,900,38.2601,200
13851,0.37,0.2,0.17,46.08999999999999,11:49:46,38.19,1100,38.2,3200,38.19,100
13893,0.4,0.23,0.17,3.94,11:50:03,38.18,700,38.19,900,38.18,150
13902,2.61,2.31,0.3,9.85,11:50:09,38.17,800,38.18,800,38.17,100
13908,3.7600000000000002,3.45,0.31,15.64,11:50:15,38.16,700,38.17,800,38.16,100
13976,0.25,0.08,0.17,39.88,11:50:39,38.17,800,38.18,1000,38.175,100
14091,0.27,0.07,0.2,6.610000000000001,11:51:06,38.19,600,38.2,700,38.195,100
14361,0.42000000000000004,0.22,0.2,0.0,11:53:00,38.21,1400,38.22,1400,38.219,200
14700,0.37,0.17,0.2,26.020000000000007,11:55:26,38.25,500,38.26,1300,38.2538,400
16080,0.4,0.19,0.21,21.810000000000002,12:04:21,38.21,600,38.22,1200,38.215,100
16522,0.37,0.21,0.16,17.89,12:07:17,38.26,2100,38.27,600,38.2692,100
17440,0.26,0.07,0.19,55.88000000000001,12:12:55,38.26,2300,38.27,1200,38.2665,355
17772,0.36000000000000004,0.08,0.28,15.19,12:15:15,38.24,400,38.25,1000,38.2401,100
18814,0.36,0.17,0.19,47.93,12:21:47,38.28,1700,38.29,900,38.281,100
20260,0.41000000000000003,0.22,0.19,26.609999999999992,12:31:26,38.25,600,38.26,2100,38.2501,500
20848,0.25,0.07,0.18,14.28,12:35:14,38.27,2300,38.28,1100,38.2733,401
20936,0.55,0.27,0.28,42.609999999999964,12:35:42,38.27,2100,38.28,2100,38.2701,100
21169,0.31000000000000005,0.14,0.17,10.980000000000004,12:37:10,38.23,600,38.24,500,38.231,100
22027,0.87,0.6,0.27,4.91,12:46:04,38.3,2800,38.31,1300,38.305,100
22193,0.28,0.07,0.21,15.519999999999998,12:47:15,38.32,1500,38.33,2100,38.3257,172
23722,0.37,0.08,0.29,16.12,12:57:16,38.38,2400,38.39,900,38.3835,140
23759,0.30000000000000004,0.14,0.16,30.160000000000004,12:57:30,38.38,2700,38.39,800,38.3893,100
24322,0.24,0.08,0.16,22.009999999999994,13:02:22,38.41,1900,38.42,1800,38.4125,100
24412,0.38,0.17,0.21,49.88999999999997,13:02:49,38.4,2200,38.41,2400,38.4034,180
25087,2.47,2.25,0.22,13.98,13:10:13,38.39,2800,38.4,1100,38.397,1000
25171,0.28,0.08,0.2,44.169999999999995,13:10:44,38.39,3100,38.4,1000,38.3966,413
25860,0.6000000000000001,0.07,0.53,39.800000000000004,13:17:39,38.52,1300,38.53,300,38.52,100
25864,0.61,0.26,0.35,42.2,13:17:42,38.52,1300,38.53,500,38.525,100
25878,0.6100000000000001,0.07,0.54,49.96000000000001,13:17:49,38.52,1800,38.53,200,38.53,100
25908,3.59,3.17,0.42,18.58,13:18:18,38.5,900,38.51,2600,38.505,200
25981,0.61,0.23,0.38,58.19000000000001,13:18:58,38.51,800,38.52,2100,38.515,100
26008,2.54,2.06,0.48,21.810000000000002,13:19:21,38.49,800,38.5,600,38.4958,1000
26264,3.04,2.57,0.47,12.010000000000002,13:22:12,38.46,1000,38.47,800,38.4673,1000
26382,0.62,0.18,0.44,22.670000000000005,13:23:22,38.48,600,38.49,500,38.4823,2000
27314,2.59,1.72,0.87,20.990000000000002,13:43:20,38.46,2300,38.47,1100,38.4632,110
27707,1.3900000000000001,0.33,1.06,52.23,13:50:52,38.42,3200,38.43,1900,38.4285,419
27713,1.22,0.07,1.15,1.22,13:51:01,38.42,3200,38.43,1600,38.4231,266
27728,1.21,0.07,1.14,23.17,13:51:23,38.42,2700,38.43,1400,38.4217,124
27862,0.97,0.23,0.74,53.20000000000001,13:53:53,38.41,1600,38.42,1100,38.4109,270
27961,1.2000000000000002,0.08,1.12,41.81999999999999,13:55:41,38.39,1600,38.4,2700,38.3946,123
28152,1.1800000000000002,0.07,1.11,33.77000000000001,13:59:33,38.34,900,38.35,2300,38.3454,458
28319,0.99,0.14,0.85,51.19999999999999,14:02:51,38.32,3900,38.33,3500,38.3295,720
28385,1.21,0.19,1.02,22.39,14:04:22,38.34,1000,38.35,1600,38.349000000000004,300
28537,1.21,0.08,1.13,24.599999999999998,14:07:24,38.31,700,38.32,2200,38.3101,262
28571,1.21,0.08,1.13,8.2,14:08:08,38.3,1700,38.31,4000,38.3024,100
28575,1.4000000000000001,0.07,1.33,14.59,14:08:14,38.3,1800,38.31,3900,38.309,300
29006,4.6,3.42,1.18,9.99,14:16:09,38.24,1300,38.25,2700,38.2445,100
29157,0.81,0.07,0.74,0.0,14:19:00,38.26,1600,38.27,1300,38.269,300
29909,0.63,0.08,0.55,49.95000000000001,14:27:49,38.32,2400,38.33,1400,38.329,400
30351,0.77,0.07,0.7,47.37000000000002,14:32:47,38.32,1100,38.33,2600,38.3265,375
30876,1.04,0.51,0.53,16.449999999999996,14:41:16,38.34,1400,38.35,1600,38.3475,800
30900,0.78,0.15,0.63,35.58,14:41:35,38.34,1700,38.35,1500,38.3407,300
31363,0.5700000000000001,0.12,0.45,20.41,14:47:20,38.37,2100,38.38,900,38.379,150
31405,0.5700000000000001,0.2,0.37,50.999999999999986,14:47:50,38.38,1200,38.39,2500,38.389,300
32116,0.6000000000000001,0.07,0.53,0.0,14:57:00,38.36,1500,38.37,1000,38.369,600
32275,0.42,0.07,0.35,49.36000000000003,14:58:49,38.37,1000,38.38,1400,38.3712,250
32575,0.63,0.13,0.5,26.759999999999998,15:02:26,38.32,600,38.33,2900,38.3255,165
32629,0.64,0.08,0.56,14.450000000000003,15:03:14,38.31,1300,38.32,1900,38.3145,371
32860,3.77,3.29,0.48,10.79,15:06:10,38.35,2300,38.36,600,38.3599,300
33048,0.44,0.08,0.36,45.66999999999999,15:08:45,38.37,1100,38.38,1500,38.3744,400
33093,0.5800000000000001,0.18,0.4,16.78,15:09:16,38.37,2300,38.38,1000,38.3743,1000
33768,0.62,0.08,0.54,55.79,15:16:55,38.39,2700,38.4,3000,38.399,600
33805,0.79,0.3,0.49,25.820000000000004,15:17:25,38.4,1700,38.41,2600,38.409,700
34555,0.5700000000000001,0.07,0.5,17.38,15:26:17,38.42,1300,38.43,4300,38.429,500
34836,0.97,0.21,0.76,34.769999999999996,15:29:34,38.43,700,38.44,1500,38.439,400
34843,0.8099999999999999,0.09,0.72,40.44,15:29:40,38.43,800,38.44,1100,38.431,100
34948,0.76,0.1,0.66,16.14,15:31:16,38.42,1400,38.43,3300,38.4299,604
35227,0.5800000000000001,0.07,0.51,26.400000000000006,15:34:26,38.37,1600,38.38,2100,38.3741,100
35564,1.44,0.89,0.55,11.629999999999999,15:38:11,38.38,2900,38.39,1600,38.3882,111
35918,0.97,0.34,0.63,25.610000000000003,15:42:25,38.4,3600,38.41,5000,38.4042,186
36002,0.6,0.08,0.52,26.19000000000001,15:43:26,38.4,2200,38.41,1400,38.4099,100
36268,0.61,0.08,0.53,19.389999999999993,15:46:19,38.4,1700,38.41,6300,38.4043,100
36577,0.61,0.23,0.38,55.57000000000001,15:49:55,38.37,1800,38.38,5300,38.3799,144
36684,0.6300000000000001,0.07,0.56,22.41999999999999,15:51:22,38.33,2000,38.34,1000,38.330999999999996,100
37058,0.6,0.22,0.38,8.02,15:56:08,38.31,7400,38.32,15500,38.3125,100
