,Total Delay,Request Delay,Saving Delay,Arrival Time,Time,Bid,Bid Size,Ask,Ask Size,Last Price,Last Size
0,0.6499999999999999,0.3,0.35,0.6499999999999999,09:30:00,57.73,200,57.81,200,57.7751,134
6,0.28,0.08,0.2,2.6000000000000005,09:30:02,57.73,200,57.81,200,57.77,11500
12,0.35,0.16,0.19,4.76,09:30:04,57.68,100,57.71,300,57.73,100
16,0.32,0.08,0.24,6.53,09:30:06,57.67,100,57.71,300,57.68,100
28,0.5800000000000001,0.27,0.31,10.940000000000001,09:30:10,57.6,400,57.66,500,57.67,2311
32,0.43,0.21,0.22,12.59,09:30:12,57.6,300,57.7,200,57.66,100
37,0.44,0.21,0.23,14.589999999999998,09:30:14,57.6,300,57.71,200,57.7,100
46,0.35000000000000003,0.08,0.27,0.0,09:31:00,57.6,400,57.71,200,57.71,100
201,4.77,4.56,0.21,0.0,09:32:00,57.64,100,57.67,200,57.65,100
202,2.2199999999999998,2.03,0.19,2.2199999999999998,09:32:02,57.56,100,57.6,100,57.59,100
206,0.24000000000000002,0.07,0.17,3.3400000000000003,09:32:03,57.51,100,57.58,200,57.55,100
276,0.24000000000000002,0.07,0.17,27.610000000000003,09:32:27,57.52,100,57.55,300,57.54,100
283,0.25,0.09,0.16,29.58,09:32:29,57.5,200,57.54,100,57.52,168
356,2.15,1.91,0.24,0.0,09:33:00,57.54,200,57.57,100,57.56,200
362,2.69,2.48,0.21,4.03,09:33:04,57.5,300,57.57,200,57.51,100
381,0.41000000000000003,0.22,0.19,10.920000000000002,09:33:10,57.46,200,57.5,100,57.5,100
423,0.28,0.07,0.21,25.050000000000008,09:33:25,57.46,100,57.53,100,57.495,100
446,0.25,0.07,0.18,33.09000000000001,09:33:33,57.46,200,57.53,200,57.46,100
470,0.41000000000000003,0.19,0.22,41.370000000000005,09:33:41,57.46,200,57.53,200,57.47,100
509,2.14,1.95,0.19,13.379999999999999,09:34:13,57.5,200,57.55,200,57.5127,655
514,3.77,3.6,0.17,20.38,09:34:20,57.46,300,57.53,100,57.49,100
516,0.42000000000000004,0.2,0.22,22.2,09:34:22,57.46,400,57.53,400,57.4601,1900
527,0.43,0.21,0.22,26.20999999999999,09:34:26,57.46,400,57.52,900,57.478,830
556,0.47000000000000003,0.28,0.19,38.279999999999994,09:34:38,57.43,200,57.51,800,57.4739,120
561,0.26,0.08,0.18,40.00999999999999,09:34:40,57.43,200,57.49,100,57.45,317
566,0.33,0.08,0.25,42.08999999999999,09:34:42,57.4,400,57.48,100,57.4,100
571,0.32,0.07,0.25,44.09999999999999,09:34:44,57.41,300,57.48,200,57.41,100
594,0.38,0.14,0.24,52.279999999999994,09:34:52,57.4,200,57.45,2100,57.42,100
614,0.38,0.08,0.3,0.0,09:35:00,57.3,400,57.39,100,57.35,100
615,0.54,0.21,0.33,0.54,09:35:00,57.31,100,57.37,100,57.3366,1000
617,3.8,3.55,0.25,4.83,09:35:04,57.25,100,57.3,100,57.25,100
618,0.34,0.07,0.27,5.17,09:35:05,57.25,200,57.31,200,57.355,100
622,3.44,3.13,0.31,9.790000000000001,09:35:09,57.23,100,57.28,500,57.23,100
625,2.72,2.35,0.37,14.980000000000002,09:35:14,56.97,500,57.02,100,56.995,100
628,0.45,0.22,0.23,16.62,09:35:16,56.97,200,57.09,100,57.04,100
632,0.29000000000000004,0.07,0.22,18.68,09:35:18,56.98,100,57.08,100,56.99,100
636,0.43,0.22,0.21,20.59,09:35:20,56.98,100,57.07,200,56.98,200
657,0.54,0.28,0.26,28.75,09:35:28,56.88,200,56.96,400,56.88,100
662,0.56,0.29,0.27,30.749999999999996,09:35:30,56.91,100,57.01,1200,56.97,100
668,0.26,0.07,0.19,32.669999999999995,09:35:32,56.9,100,57.01,500,56.885,100
680,0.33,0.07,0.26,36.78000000000001,09:35:36,56.92,600,57.01,100,56.92,100
686,0.6200000000000001,0.28,0.34,39.32000000000001,09:35:39,56.93,100,57.01,100,57.01,100
707,0.25,0.07,0.18,46.68000000000001,09:35:46,57.08,100,57.11,100,57.07,100
714,0.44,0.26,0.18,48.92000000000001,09:35:48,57.1,100,57.23,1200,57.14,200
759,0.38,0.21,0.17,0.0,09:36:00,57.16,300,57.22,100,57.21,100
771,2.1,1.83,0.27,9.56,09:36:09,57.15,100,57.22,100,57.16,100
790,0.38,0.09,0.29,22.240000000000002,09:36:22,57.23,100,57.3,500,57.27,100
810,0.4,0.12,0.28,30.350000000000005,09:36:30,57.24,100,57.29,1900,57.26,100
822,0.30000000000000004,0.07,0.23,35.88999999999999,09:36:35,57.27,100,57.35,1000,57.29,100
842,0.52,0.21,0.31,44.21999999999999,09:36:44,57.3,400,57.34,100,57.3125,100
855,0.35000000000000003,0.07,0.28,50.19,09:36:50,57.31,300,57.32,100,57.31,100
858,0.35000000000000003,0.07,0.28,51.379999999999995,09:36:51,57.3,200,57.33,1300,57.32,100
860,0.29,0.08,0.21,52.029999999999994,09:36:52,57.31,200,57.34,100,57.34,100
875,0.42000000000000004,0.08,0.34,0.0,09:37:00,57.39,100,57.45,300,57.44,100
893,0.28,0.07,0.21,9.77,09:37:09,57.39,300,57.44,100,57.406000000000006,490
939,0.47000000000000003,0.13,0.34,35.92,09:37:35,57.4,100,57.46,600,57.4192,400
970,0.46,0.2,0.26,47.84999999999998,09:37:47,57.37,100,57.42,200,57.37,100
975,0.49,0.17,0.32,49.81999999999998,09:37:49,57.38,100,57.42,300,57.38,100
993,0.39,0.12,0.27,57.52999999999997,09:37:57,57.44,300,57.49,100,57.457,900
1002,0.42,0.07,0.35,0.0,09:38:00,57.45,300,57.49,500,57.4501,100
1084,0.41000000000000003,0.17,0.24,41.74999999999999,09:38:41,57.37,200,57.44,1800,57.3728,100
1090,0.55,0.22,0.33,44.04999999999999,09:38:44,57.38,100,57.43,100,57.43,100
1166,0.45,0.13,0.32,16.13,09:39:16,57.44,100,57.47,600,57.4401,400
1216,0.49,0.22,0.27,36.27000000000002,09:39:36,57.39,100,57.46,200,57.39,100
1261,0.35,0.17,0.18,0.0,09:40:00,57.44,300,57.5,100,57.48,100
1399,0.37,0.15,0.22,1.48,09:41:01,57.5,400,57.56,200,57.5332,150
1438,0.28,0.07,0.21,18.05,09:41:18,57.51,200,57.58,300,57.545,100
1440,0.31,0.08,0.23,22.33,09:41:22,57.51,200,57.58,200,57.5293,900
1456,0.37,0.15,0.22,27.979999999999997,09:41:27,57.51,200,57.58,200,57.5484,100
1476,0.26,0.08,0.18,34.239999999999995,09:41:34,57.51,300,57.58,200,57.541000000000004,300
1482,0.45999999999999996,0.24,0.22,36.36999999999999,09:41:36,57.51,300,57.58,200,57.5408,200
1586,0.48,0.19,0.29,25.869999999999994,09:42:25,57.48,200,57.53,100,57.505,200
1783,0.29,0.08,0.21,49.77,09:43:49,57.33,200,57.4,300,57.36,100
1788,0.29000000000000004,0.07,0.22,51.800000000000004,09:43:51,57.31,100,57.38,300,57.33,100
1837,1.29,1.03,0.26,12.77,09:44:12,57.31,300,57.38,100,57.317,100
1841,0.39,0.18,0.21,14.070000000000002,09:44:14,57.31,300,57.38,100,57.345,100
2020,0.47,0.26,0.21,30.220000000000002,09:45:30,57.28,100,57.34,100,57.3,100
2036,0.5,0.21,0.29,36.330000000000005,09:45:36,57.26,400,57.34,100,57.28,100
2152,0.38,0.08,0.3,21.900000000000002,09:46:21,57.25,300,57.32,100,57.2773,400
2209,0.53,0.27,0.26,41.78,09:46:41,57.26,100,57.31,100,57.2874,325
2315,0.25,0.07,0.18,31.799999999999994,09:47:31,57.26,200,57.31,300,57.2881,100
2403,0.31,0.07,0.24,0.0,09:48:00,57.26,900,57.31,300,57.2621,1000
2458,0.34,0.17,0.17,23.959999999999997,09:48:23,57.24,200,57.3,100,57.255,100
2496,0.41000000000000003,0.21,0.2,37.96,09:48:37,57.22,100,57.24,400,57.22,200
2502,0.25,0.07,0.18,39.910000000000004,09:48:39,57.18,400,57.23,200,57.18,250
2508,0.30000000000000004,0.07,0.23,41.94000000000001,09:48:41,57.18,400,57.24,400,57.229,610
2519,0.44,0.14,0.3,46.16000000000002,09:48:46,57.18,600,57.23,200,57.19,100
2572,0.5800000000000001,0.2,0.38,27.990000000000002,09:49:27,57.19,200,57.23,200,57.2158,100
2599,0.44,0.2,0.24,40.010000000000005,09:49:40,57.19,200,57.23,200,57.2284,100
2627,0.30000000000000004,0.07,0.23,49.85000000000002,09:49:49,57.19,300,57.23,200,57.1916,2000
2663,0.4,0.07,0.33,0.0,09:50:00,57.19,300,57.23,200,57.1902,500
2796,0.33,0.13,0.2,7.980000000000001,09:51:07,57.15,100,57.21,1200,57.17,117
2801,3.3499999999999996,3.01,0.34,12.770000000000001,09:51:12,57.16,200,57.21,300,57.205,100
2944,0.42000000000000004,0.2,0.22,16.040000000000003,09:52:16,57.18,1100,57.21,400,57.2,100
2972,0.25,0.07,0.18,26.000000000000004,09:52:26,57.06,100,57.15,1200,57.08,200
3098,0.28,0.07,0.21,0.0,09:53:00,57.05,400,57.1,100,57.051,3000
3111,0.29000000000000004,0.09,0.2,6.129999999999999,09:53:06,57.09,200,57.12,200,57.105,200
3140,0.34,0.17,0.17,15.979999999999997,09:53:15,57.08,100,57.11,200,57.09,100
3201,0.36,0.2,0.16,36.16,09:53:36,57.08,200,57.11,200,57.1,200
3207,0.38,0.22,0.16,38.0,09:53:38,57.08,200,57.11,200,57.11,100
3227,0.39,0.22,0.17,0.0,09:54:00,57.08,300,57.11,300,57.095,100
3295,0.27,0.08,0.19,34.02,09:54:34,57.02,100,57.05,100,57.05,100
3317,0.39,0.21,0.18,41.870000000000005,09:54:41,57.02,100,57.05,200,57.0275,300
3323,0.27,0.08,0.19,43.88000000000001,09:54:43,57.01,100,57.03,100,57.02,100
3414,0.55,0.18,0.37,22.409999999999997,09:55:22,57.09,100,57.13,100,57.1142,250
3540,1.38,1.03,0.35,4.6,09:56:04,57.08,100,57.12,300,57.12,201
3592,0.36,0.19,0.17,26.04,09:56:26,57.09,200,57.15,300,57.15,100
3622,0.37,0.12,0.25,35.96000000000001,09:56:35,57.09,200,57.15,300,57.1002,2500
3683,0.33999999999999997,0.09,0.25,0.0,09:57:00,57.1,1000,57.13,300,57.13,100
3760,0.26,0.07,0.19,25.93000000000001,09:57:25,57.1,100,57.13,300,57.115,100
3778,0.26,0.07,0.19,31.96000000000001,09:57:31,57.1,200,57.13,300,57.1075,2500
3875,0.35,0.12,0.23,32.09000000000002,09:58:32,57.05,200,57.08,100,57.065,100
3936,0.27,0.08,0.19,1.7000000000000002,09:59:01,57.09,100,57.13,200,57.1176,771
4045,0.4,0.19,0.21,44.150000000000006,09:59:44,57.03,600,57.1,1200,57.0706,2000
4112,0.43,0.18,0.25,10.25,10:00:10,56.94,100,57.02,800,56.96,100
4121,0.37,0.1,0.27,16.600000000000005,10:00:16,56.99,100,57.05,100,57.0,100
4133,0.46,0.18,0.28,24.220000000000006,10:00:24,57.01,100,57.05,200,57.0277,215
4174,0.31,0.07,0.24,42.109999999999985,10:00:42,57.01,100,57.05,100,57.048,2000
4183,0.42,0.07,0.35,46.27999999999998,10:00:46,57.03,200,57.07,100,57.0316,2000
4190,0.54,0.08,0.46,50.549999999999976,10:00:50,57.03,200,57.07,100,57.0699,150
4330,0.28,0.08,0.2,26.05,10:01:26,57.07,200,57.1,100,57.085,100
4347,0.37,0.19,0.18,32.059999999999995,10:01:32,57.07,200,57.1,100,57.07899999999999,700
4373,5.0600000000000005,4.79,0.27,10.74,10:02:10,57.07,200,57.14,100,57.098,1000
4374,0.69,0.48,0.21,11.43,10:02:11,57.07,200,57.14,100,57.0935,146
4404,0.33,0.07,0.26,25.98999999999999,10:02:25,57.02,100,57.08,100,57.03,100
4576,0.35,0.18,0.17,26.070000000000007,10:03:26,57.02,1400,57.07,200,57.049,350
4608,0.24000000000000002,0.07,0.17,35.78,10:03:35,57.06,400,57.11,100,57.06,100
5201,0.27,0.07,0.2,47.10000000000002,10:07:47,57.09,400,57.12,500,57.1074,2000
5246,0.28,0.08,0.2,12.03,10:08:12,57.1,100,57.13,400,57.1157,200
5361,0.29000000000000004,0.07,0.22,55.900000000000006,10:08:55,57.07,200,57.1,300,57.0857,500
5557,0.35000000000000003,0.07,0.28,0.0,10:13:00,57.16,300,57.19,500,57.1601,100
5562,0.39,0.17,0.22,7.220000000000001,10:13:07,57.16,300,57.17,200,57.165,100
5564,0.38,0.18,0.2,7.87,10:13:07,57.16,200,57.19,400,57.175,100
5586,0.33,0.08,0.25,20.14,10:13:20,57.16,500,57.19,800,57.1807,105
5709,0.34,0.17,0.17,0.0,10:14:00,57.16,800,57.19,800,57.1727,900
5718,0.26,0.1,0.16,7.83,10:14:07,57.2,200,57.23,600,57.215,100
5896,0.33,0.14,0.19,29.79999999999999,10:15:29,57.19,100,57.23,200,57.2167,100
5933,0.31,0.15,0.16,41.99000000000001,10:15:41,57.19,100,57.23,200,57.2069,351
6128,0.25,0.07,0.18,49.860000000000014,10:16:49,57.15,600,57.18,600,57.1625,410
6164,0.32999999999999996,0.12,0.21,14.290000000000001,10:17:14,57.11,600,57.14,500,57.1275,200
6292,1.16,0.95,0.21,1.16,10:18:01,57.13,100,57.18,500,57.155,100
6368,0.31,0.07,0.24,18.55999999999999,10:19:18,57.05,500,57.08,600,57.0727,200
6651,0.45,0.18,0.27,0.0,10:22:00,57.07,2000,57.09,900,57.075,100
6724,0.64,0.25,0.39,0.0,10:23:00,57.04,100,57.06,100,57.0534,150
6865,0.26,0.07,0.19,12.13,10:24:12,57.06,200,57.08,400,57.068999999999996,204
6952,0.38,0.08,0.3,53.920000000000016,10:24:53,57.05,200,57.07,200,57.0606,200
7374,0.47000000000000003,0.28,0.19,41.08000000000001,10:28:41,57.06,300,57.09,700,57.0899,100
7388,0.39,0.2,0.19,46.070000000000014,10:28:46,57.06,300,57.09,700,57.0748,100
7441,0.25,0.07,0.18,0.0,10:29:00,57.06,400,57.09,700,57.0693,400
7535,0.37,0.2,0.17,32.09,10:29:32,57.02,600,57.04,400,57.0201,100
7584,0.33999999999999997,0.1,0.24,3.52,10:30:03,57.04,200,57.08,300,57.0629,100
7589,4.29,4.05,0.24,9.370000000000001,10:30:09,57.04,200,57.07,300,57.055,100
7660,0.48,0.19,0.29,39.55000000000001,10:30:39,57.04,500,57.05,1200,57.045,110
7685,0.49,0.24,0.25,49.95000000000002,10:30:49,57.04,200,57.07,600,57.0532,100
7804,0.4,0.23,0.17,0.0,10:33:00,56.95,300,56.96,2700,56.95,100
7806,0.32,0.15,0.17,0.56,10:33:00,56.94,1000,56.96,2700,56.94,100
8013,0.75,0.27,0.48,36.63,10:34:36,56.89,100,56.91,300,56.9,325
8036,0.43,0.21,0.22,46.01,10:34:46,56.86,700,56.89,300,56.87,300
8072,0.7799999999999999,0.08,0.7,4.01,10:35:04,56.87,400,56.89,300,56.875,100
8084,0.78,0.28,0.5,12.579999999999997,10:35:12,56.86,1100,56.87,2500,56.8701,100
8086,0.61,0.09,0.52,13.989999999999997,10:35:13,56.82,200,56.85,100,56.83,100
8089,0.5599999999999999,0.08,0.48,15.969999999999997,10:35:15,56.82,300,56.85,100,56.82,100
8121,0.47000000000000003,0.08,0.39,36.08,10:35:36,56.83,100,56.85,300,56.84,100
8132,1.57,0.07,1.5,46.82999999999999,10:35:46,56.84,1900,56.85,500,56.845,100
8155,2.19,1.58,0.61,9.99,10:36:09,56.85,400,56.87,2500,56.8475,100
8156,2.7600000000000002,2.24,0.52,12.75,10:36:12,56.84,2000,56.87,2500,56.85,100
8183,0.5900000000000001,0.14,0.45,30.37,10:36:30,56.84,2000,56.86,300,56.86,100
8328,0.59,0.09,0.5,1.7999999999999998,10:38:01,56.88,400,56.91,200,56.8941,160
8338,0.61,0.14,0.47,7.819999999999999,10:38:07,56.88,400,56.91,400,56.895,200
8353,0.6000000000000001,0.07,0.53,21.8,10:38:21,56.9,100,56.91,400,56.89,100
8377,0.61,0.17,0.44,36.21,10:38:36,56.88,200,56.91,300,56.9049,1000
8380,0.5800000000000001,0.14,0.44,37.79,10:38:37,56.88,300,56.91,300,56.9082,1000
8406,0.66,0.16,0.5,54.029999999999994,10:38:54,56.88,400,56.91,300,56.8925,100
8427,0.77,0.18,0.59,7.119999999999999,10:39:07,56.91,200,56.93,200,56.91,100
8490,0.81,0.14,0.67,0.0,10:40:00,56.91,400,56.94,100,56.915,100
8496,0.86,0.22,0.64,5.180000000000001,10:40:05,56.89,200,56.93,200,56.8993,2500
8541,0.5900000000000001,0.14,0.45,41.69000000000003,10:40:41,56.91,100,56.94,500,56.9198,2500
8548,0.5800000000000001,0.07,0.51,46.06000000000004,10:40:46,56.91,200,56.94,500,56.925,100
8568,0.58,0.08,0.5,0.0,10:41:00,56.94,400,56.97,400,56.955,200
8608,0.64,0.19,0.45,30.41,10:41:30,56.95,300,56.97,200,56.9666,1000
8667,0.56,0.07,0.49,3.9600000000000004,10:42:03,57.0,200,57.02,100,57.0031,300
8671,0.43999999999999995,0.09,0.35,6.199999999999999,10:42:06,57.0,200,57.02,100,57.0115,2200
8712,0.46,0.08,0.38,36.29,10:42:36,56.97,100,56.98,100,56.975,100
8761,2.0,1.5,0.5,3.22,10:43:03,56.95,400,56.98,100,56.965,100
8941,0.5700000000000001,0.07,0.5,11.559999999999999,10:45:11,57.07,200,57.1,200,57.0735,900
8990,0.65,0.21,0.44,45.60999999999999,10:45:45,57.06,100,57.09,300,57.0805,225
9023,0.59,0.23,0.36,0.0,10:46:00,57.06,200,57.09,400,57.06100000000001,100
9083,0.7799999999999999,0.09,0.69,42.22,10:46:42,57.06,300,57.09,500,57.0731,400
9250,0.79,0.37,0.42,12.190000000000001,10:48:12,57.05,200,57.07,600,57.0531,100
9445,0.5700000000000001,0.2,0.37,43.93,10:50:43,56.99,300,57.02,700,57.005,100
9513,0.61,0.21,0.4,42.17000000000002,10:51:42,57.02,200,57.05,500,57.0293,107
9545,0.45,0.07,0.38,0.0,10:52:00,57.02,200,57.05,500,57.0301,400
9552,0.75,0.28,0.47,4.76,10:52:04,57.0,300,57.03,300,57.003,200
9554,3.45,2.83,0.62,12.61,10:52:12,57.0,500,57.03,500,57.015,100
9635,0.62,0.2,0.42,7.829999999999999,10:53:07,57.03,500,57.05,200,57.0362,200
9644,2.5799999999999996,2.01,0.57,17.219999999999995,10:53:17,56.98,300,57.01,100,57.0007,200
9700,0.6100000000000001,0.27,0.34,50.239999999999995,10:53:50,57.0,100,57.03,500,57.0169,100
9721,0.56,0.07,0.49,0.0,10:54:00,57.0,300,57.03,600,57.0001,1000
9786,0.6000000000000001,0.14,0.46,20.240000000000002,10:56:20,56.99,700,57.01,600,56.9962,219
9790,0.77,0.07,0.7,23.040000000000003,10:56:23,56.99,500,57.0,300,57.025,100
9791,0.64,0.08,0.56,23.680000000000003,10:56:23,56.99,400,57.0,300,56.9975,100
9796,0.76,0.28,0.48,26.860000000000007,10:56:26,56.99,400,57.0,600,56.993,1124
9865,0.45,0.07,0.38,28.189999999999998,10:57:28,56.98,500,57.0,500,56.9998,200
9910,0.62,0.23,0.39,0.0,10:58:00,56.98,600,57.0,600,56.9891,100
10027,0.5800000000000001,0.07,0.51,19.380000000000003,10:59:19,56.99,600,57.01,300,56.9901,250
10038,0.5800000000000001,0.07,0.51,25.570000000000007,10:59:25,56.99,700,57.0,100,56.9957,100
10088,0.6000000000000001,0.14,0.46,52.97000000000003,10:59:52,56.99,900,57.01,200,56.997,250
10340,1.56,0.89,0.67,8.56,11:05:08,57.06,100,57.07,100,57.068000000000005,100
10359,0.56,0.22,0.34,23.35000000000001,11:05:23,57.09,300,57.1,400,57.0942,293
10420,3.67,3.37,0.3,6.63,11:06:06,57.07,100,57.1,300,57.0785,142
10852,0.75,0.09,0.66,32.55000000000001,11:10:32,57.0,900,57.02,200,57.0107,100
10956,0.6,0.18,0.42,53.67000000000004,11:11:53,57.07,200,57.1,200,57.093999999999994,600
10992,0.42,0.07,0.35,19.78,11:12:19,57.09,500,57.12,300,57.1141,1100
11038,0.79,0.26,0.53,52.16,11:12:52,57.05,500,57.08,600,57.0501,200
11124,0.63,0.23,0.4,52.79000000000002,11:13:52,57.07,400,57.1,100,57.073,100
11132,0.6,0.17,0.43,3.97,11:14:03,57.07,300,57.1,500,57.0793,100
11179,0.5700000000000001,0.24,0.33,36.17999999999999,11:14:36,57.09,200,57.1,100,57.1098,3000
11208,0.55,0.07,0.48,3.6000000000000005,11:16:03,57.16,500,57.18,600,57.1693,800
11275,0.59,0.18,0.41,27.950000000000006,11:17:27,57.2,700,57.22,500,57.2163,595
11431,0.78,0.16,0.62,14.399999999999999,11:19:14,57.23,500,57.24,200,57.24,100
11476,0.95,0.35,0.6,43.99999999999999,11:19:43,57.22,200,57.25,400,57.2336,160
11594,0.62,0.08,0.54,14.989999999999997,11:21:14,57.13,200,57.15,100,57.1301,500
11615,1.04,0.36,0.68,30.25,11:21:30,57.15,200,57.19,400,57.1681,100
11662,0.8,0.33,0.47,5.62,11:22:05,57.15,300,57.19,700,57.1626,100
11736,0.6100000000000001,0.07,0.54,0.0,11:23:00,57.16,1000,57.19,600,57.1769,150
11813,0.81,0.28,0.53,56.38000000000002,11:23:56,57.21,600,57.25,400,57.2319,150
11865,0.63,0.24,0.39,37.64000000000002,11:24:37,57.19,800,57.22,500,57.2074,2000
11901,0.76,0.33,0.43,0.0,11:25:00,57.21,600,57.26,200,57.2326,135
11913,1.4,0.94,0.46,8.61,11:25:08,57.23,200,57.26,300,57.2468,500
11915,2.8,2.21,0.59,12.009999999999998,11:25:12,57.23,200,57.26,300,57.245,100
12023,0.6,0.08,0.52,0.0,11:26:00,57.2,600,57.23,300,57.2168,200
12042,0.5700000000000001,0.07,0.5,3.95,11:27:03,57.23,200,57.27,300,57.2699,200
12057,0.5700000000000001,0.13,0.44,0.0,11:28:00,57.24,400,57.26,300,57.2401,293
12066,0.64,0.08,0.56,0.0,11:29:00,57.19,200,57.21,200,57.1991,100
12074,0.61,0.3,0.31,5.8100000000000005,11:29:05,57.19,200,57.21,500,57.1901,100
12099,0.63,0.08,0.55,29.99,11:29:29,57.19,300,57.21,500,57.2007,200
12149,0.9299999999999999,0.09,0.84,28.009999999999998,11:30:28,57.21,700,57.23,400,57.2299,200
12198,0.6,0.24,0.36,0.0,11:31:00,57.21,900,57.23,400,57.2188,900
12294,1.59,1.05,0.54,0.0,11:32:00,57.19,200,57.22,400,57.2075,300
12566,79.02,78.7,0.32,0.0,11:36:00,57.2,300,57.23,500,57.2059,2300
12597,0.56,0.12,0.44,17.15,11:36:17,57.19,100,57.23,400,57.2024,125
12622,0.6000000000000001,0.07,0.53,4.99,11:37:04,57.19,200,57.24,300,57.2126,135
12698,0.44,0.08,0.36,50.84999999999998,11:37:50,57.21,600,57.26,100,57.2367,100
12723,3.8,3.23,0.57,18.439999999999998,11:38:18,57.23,300,57.26,600,57.2345,200
12756,0.59,0.22,0.37,39.86000000000001,11:38:39,57.24,200,57.25,600,57.2469,118
12799,3.9899999999999998,3.4,0.59,10.82,11:41:10,57.22,200,57.23,400,57.225,174
13303,0.24,0.08,0.16,7.190000000000001,11:46:07,57.23,200,57.25,200,57.2432,500
13438,0.43,0.22,0.21,3.9699999999999998,11:47:03,57.21,200,57.22,300,57.217,635
13726,0.46,0.27,0.19,26.17000000000001,11:48:26,57.22,600,57.23,400,57.2242,447
13754,3.1999999999999997,3.03,0.17,0.0,11:49:00,57.22,700,57.23,300,57.2261,200
13881,0.4,0.21,0.19,0.0,11:50:00,57.23,500,57.24,500,57.235,100
13907,0.24000000000000002,0.07,0.17,11.88,11:50:11,57.25,300,57.26,200,57.2515,100
14049,0.36,0.14,0.22,0.0,11:51:00,57.23,100,57.24,400,57.2375,100
14066,0.36,0.18,0.18,12.129999999999997,11:51:12,57.25,100,57.26,300,57.2527,300
14071,3.9400000000000004,3.66,0.28,17.499999999999996,11:51:17,57.25,100,57.26,300,57.257,100
14116,0.38,0.17,0.21,32.129999999999995,11:51:32,57.25,100,57.26,200,57.2501,300
14122,0.37,0.2,0.17,34.04,11:51:34,57.25,100,57.26,200,57.2546,112
14206,3.46,3.28,0.18,6.970000000000001,11:52:06,57.25,300,57.26,200,57.2535,100
14458,0.25,0.08,0.17,41.56000000000003,11:53:41,57.26,200,57.27,200,57.2651,120
14504,4.07,3.9,0.17,0.0,11:54:00,57.26,300,57.27,400,57.2686,155
14781,0.5700000000000001,0.23,0.34,50.04000000000004,11:55:50,57.18,800,57.2,500,57.18600000000001,100
14793,0.3,0.12,0.18,0.0,11:56:00,57.18,100,57.19,300,57.185,100
14862,0.26,0.07,0.19,29.230000000000008,11:56:29,57.19,600,57.2,100,57.195,100
15049,0.42,0.18,0.24,39.000000000000014,11:57:39,57.19,300,57.2,300,57.1925,100
15939,0.36,0.14,0.22,8.119999999999997,12:03:08,57.18,100,57.21,900,57.183,100
16127,0.46,0.27,0.19,43.88999999999999,12:04:43,57.15,400,57.16,600,57.1546,200
16814,0.31,0.07,0.24,0.0,12:09:00,57.14,1200,57.17,800,57.1536,200
16848,0.27,0.09,0.18,15.839999999999998,12:09:15,57.14,700,57.17,700,57.1564,120
16947,0.37,0.19,0.18,46.069999999999986,12:09:46,57.14,1100,57.17,700,57.167,100
17149,0.30000000000000004,0.07,0.23,0.6200000000000001,12:11:00,57.17,100,57.18,200,57.1701,100
17312,0.25,0.07,0.18,4.550000000000001,12:12:04,57.15,400,57.18,600,57.1669,175
17457,0.38,0.2,0.18,0.0,12:13:00,57.17,200,57.19,700,57.1791,100
17458,3.11,2.8,0.31,3.11,12:13:03,57.17,200,57.19,800,57.1829,170
17840,0.27,0.08,0.19,31.11,12:15:31,57.12,200,57.14,800,57.1288,620
17906,0.31000000000000005,0.14,0.17,0.0,12:16:00,57.12,200,57.13,1400,57.1242,2000
18080,0.96,0.63,0.33,0.0,12:17:00,57.12,200,57.14,300,57.122,100
18100,0.32,0.16,0.16,11.739999999999998,12:17:11,57.12,100,57.13,300,57.1227,100
18183,0.33999999999999997,0.18,0.16,37.620000000000005,12:17:37,57.12,300,57.14,300,57.1263,2500
18301,0.4,0.24,0.16,21.29,12:18:21,57.11,100,57.13,400,57.125,200
18983,0.28,0.09,0.19,53.93,12:22:53,57.13,300,57.15,400,57.1412,150
19101,0.35000000000000003,0.08,0.27,30.179999999999996,12:23:30,57.12,200,57.15,600,57.135,500
19128,0.29,0.08,0.21,40.12,12:23:40,57.12,200,57.15,600,57.1201,120
19174,0.33,0.08,0.25,0.0,12:24:00,57.12,300,57.15,600,57.1203,145
19405,0.37,0.13,0.24,52.24999999999999,12:25:52,57.17,300,57.18,400,57.1775,100
19503,0.27,0.07,0.2,33.78000000000001,12:26:33,57.16,300,57.17,300,57.1644,223
19532,0.29,0.08,0.21,44.06,12:26:44,57.16,300,57.17,300,57.163000000000004,150
19680,0.23,0.07,0.16,45.83999999999998,12:27:45,57.16,300,57.18,400,57.1735,100
20081,2.5500000000000003,2.39,0.16,21.779999999999998,12:30:21,57.13,100,57.15,200,57.131,103
20356,0.38,0.2,0.18,0.0,12:32:00,57.14,300,57.15,500,57.145,100
20512,2.8000000000000003,2.49,0.31,9.84,12:33:09,57.13,300,57.14,400,57.1369,337
20762,0.37,0.2,0.17,39.84999999999999,12:34:39,57.07,300,57.09,300,57.0753,200
20860,0.33,0.16,0.17,25.849999999999998,12:35:25,57.07,200,57.09,400,57.0701,149
21042,0.39,0.23,0.16,38.10999999999999,12:36:38,57.09,200,57.1,300,57.0925,100
21409,0.25,0.07,0.18,0.8999999999999999,12:39:00,57.07,500,57.09,200,57.0834,300
21616,0.29000000000000004,0.07,0.22,44.91999999999999,12:40:44,57.07,800,57.1,500,57.0784,1000
21642,0.41000000000000003,0.21,0.2,0.0,12:41:00,57.07,700,57.1,500,57.0814,300
21655,3.78,3.59,0.19,9.46,12:41:09,57.08,200,57.1,300,57.0831,896
21893,4.58,4.3,0.28,9.239999999999998,12:45:09,57.05,600,57.08,500,57.0593,100
22917,0.24000000000000002,0.07,0.17,0.0,12:51:00,56.99,400,57.01,700,57.0015,100
23149,0.35,0.19,0.16,19.730000000000004,12:53:19,57.03,100,57.04,200,57.035,200
23382,0.37,0.09,0.28,56.05000000000004,12:54:56,57.0,500,57.03,400,57.0299,100
23436,0.26,0.07,0.19,0.0,12:55:00,57.01,200,57.02,400,57.0154,175
23603,0.24,0.08,0.16,19.809999999999988,12:56:19,57.01,200,57.03,400,57.0191,165
24005,0.24000000000000002,0.07,0.17,39.90999999999998,12:58:39,57.04,400,57.05,200,57.0444,353
24179,0.23,0.07,0.16,14.760000000000002,13:01:14,57.06,300,57.07,200,57.0601,600
24412,0.38,0.17,0.21,23.979999999999997,13:02:23,57.05,200,57.07,200,57.0632,118
24430,0.27,0.07,0.2,0.0,13:03:00,57.05,400,57.07,300,57.0527,300
24679,0.36,0.2,0.16,23.960000000000008,13:04:23,57.06,300,57.08,1000,57.0612,1000
24777,0.35,0.18,0.17,12.59,13:05:12,57.05,200,57.07,200,57.056000000000004,832
24923,0.32,0.08,0.24,0.0,13:09:00,57.06,200,57.09,500,57.0676,5533
25086,3.5900000000000003,3.37,0.22,0.0,13:10:00,57.06,200,57.09,400,57.0747,152
25115,0.29,0.08,0.21,14.399999999999999,13:10:14,57.07,400,57.08,200,57.0763,528
25168,0.34,0.17,0.17,31.589999999999986,13:10:31,57.03,400,57.06,400,57.0469,446
25310,0.46,0.07,0.39,19.620000000000005,13:11:19,57.02,400,57.05,600,57.0225,6800
25425,0.53,0.19,0.34,46.080000000000005,13:12:46,57.0,200,57.03,800,57.0096,169
25449,0.58,0.09,0.49,55.94000000000001,13:12:55,57.0,200,57.03,800,57.0139,200
25542,0.6000000000000001,0.14,0.46,50.150000000000006,13:13:50,57.0,2000,57.02,400,57.007,469
25587,0.42000000000000004,0.08,0.34,29.95,13:14:29,56.99,300,57.0,500,56.9903,100
25614,0.43,0.07,0.36,43.99000000000001,13:14:43,56.99,200,57.0,500,56.9931,260
25739,3.4000000000000004,2.99,0.41,0.0,13:16:00,57.0,200,57.01,300,57.0027,150
25794,0.57,0.08,0.49,36.9,13:16:36,57.01,200,57.02,100,57.0101,100
26178,0.57,0.09,0.48,8.38,13:21:08,57.01,400,57.02,200,57.0157,100
26425,0.6000000000000001,0.07,0.53,32.96000000000001,13:23:32,57.02,500,57.03,200,57.0247,335
26582,1.0,0.07,0.93,24.169999999999998,13:26:24,57.03,600,57.04,900,57.0365,100
26599,1.0,0.07,0.93,42.75,13:26:42,57.02,100,57.03,400,57.028999999999996,100
26671,1.02,0.07,0.95,31.390000000000004,13:28:31,57.01,800,57.03,500,57.0164,102
26739,1.37,0.08,1.29,0.0,13:30:00,57.04,300,57.05,500,57.0437,700
26786,1.2,0.21,0.99,6.4,13:31:06,57.02,600,57.03,700,57.0257,100
26832,1.1900000000000002,0.09,1.1,1.1900000000000002,13:32:01,57.01,700,57.03,700,57.0209,100
26834,1.02,0.19,0.83,3.39,13:32:03,57.01,600,57.03,700,57.0208,150
26939,1.0,0.31,0.69,20.62,13:34:20,57.0,300,57.01,100,57.00899999999999,100
27063,0.98,0.08,0.9,0.0,13:37:00,57.0,600,57.02,400,57.0192,1000
27192,1.1800000000000002,0.07,1.11,46.55,13:39:46,57.0,600,57.02,400,57.0078,200
27211,54.8,53.89,0.91,0.0,13:41:00,57.0,700,57.02,500,57.0108,100
27282,1.21,0.08,1.13,34.17999999999999,13:42:34,56.99,300,57.0,500,56.9948,100
27314,2.59,1.72,0.87,20.990000000000002,13:43:20,56.99,200,57.0,600,56.9925,300
27349,1.2000000000000002,0.08,1.12,56.220000000000006,13:43:56,57.01,500,57.02,300,57.0146,100
27430,0.99,0.22,0.77,0.0,13:45:00,57.02,900,57.03,400,57.0246,140
27431,1.21,0.18,1.03,1.21,13:45:01,57.02,900,57.03,400,57.0254,100
27472,1.23,0.25,0.98,22.230000000000004,13:46:22,57.06,700,57.07,400,57.0683,1000
27473,1.3699999999999999,0.23,1.14,23.600000000000005,13:46:23,57.06,900,57.07,400,57.0696,1000
27577,0.8099999999999999,0.08,0.73,13.799999999999999,13:48:13,57.12,400,57.14,600,57.1385,100
27591,0.97,0.08,0.89,26.369999999999997,13:48:26,57.13,400,57.14,100,57.1331,110
27599,1.03,0.07,0.96,34.400000000000006,13:48:34,57.13,500,57.14,100,57.1321,330
27630,1.19,0.14,1.05,31.6,13:49:31,57.17,400,57.18,400,57.1756,100
27693,1.1900000000000002,0.07,1.12,40.029999999999994,13:50:40,57.13,900,57.15,600,57.1362,156
27705,1.02,0.07,0.95,53.82999999999999,13:50:53,57.13,1100,57.15,600,57.1444,588
27731,1.2100000000000002,0.1,1.11,26.790000000000003,13:51:26,57.13,100,57.14,300,57.137,109
27735,1.21,0.07,1.14,31.78,13:51:31,57.13,100,57.14,300,57.1399,101
27767,0.82,0.08,0.74,9.84,13:52:09,57.13,300,57.15,500,57.1335,162
28028,0.98,0.34,0.64,0.0,13:57:00,57.19,200,57.2,300,57.1934,150
28069,1.0,0.07,0.93,48.37,13:57:48,57.17,100,57.18,300,57.1699,200
28127,1.02,0.07,0.95,2.21,13:59:02,57.14,200,57.16,600,57.141000000000005,100
28151,1.1900000000000002,0.07,1.12,32.59000000000001,13:59:32,57.11,500,57.13,700,57.111000000000004,100
28192,0.81,0.07,0.74,24.599999999999998,14:00:24,57.1,300,57.11,600,57.1001,100
28365,1.4000000000000001,0.09,1.31,41.2,14:03:41,57.15,500,57.16,200,57.1534,814
28505,1.19,0.16,1.03,31.580000000000002,14:06:31,57.13,200,57.14,600,57.1327,240
28563,1.3800000000000001,0.07,1.31,0.0,14:08:00,57.15,1000,57.16,400,57.1555,950
28719,3.9800000000000004,2.99,0.99,8.21,14:11:08,57.09,600,57.11,700,57.0951,371
28753,1.0,0.2,0.8,43.99,14:11:43,57.09,400,57.1,200,57.0901,136
28963,0.81,0.07,0.74,20.599999999999998,14:15:20,57.05,600,57.07,700,57.0587,300
29026,1.39,0.17,1.22,22.62,14:16:22,57.05,500,57.07,800,57.0591,224
29141,0.81,0.07,0.74,48.02000000000001,14:18:48,57.04,500,57.06,600,57.0492,238
29582,0.6,0.17,0.43,0.0,14:24:00,57.01,300,57.03,300,57.0186,500
29612,0.44,0.14,0.3,21.810000000000006,14:24:21,57.01,600,57.03,400,57.0298,301
29657,0.6399999999999999,0.07,0.57,50.62000000000002,14:24:50,57.01,700,57.03,400,57.0211,296
29685,0.42,0.07,0.35,19.840000000000003,14:25:19,57.02,500,57.03,600,57.0239,1000
29929,0.7999999999999999,0.1,0.7,0.0,14:28:00,57.0,300,57.01,200,57.0043,200
30004,0.8500000000000001,0.19,0.66,56.03000000000003,14:28:56,56.99,300,57.0,300,56.9996,1000
30069,0.61,0.17,0.44,45.980000000000025,14:29:45,56.98,300,57.0,400,56.9932,1000
30351,0.77,0.07,0.7,47.37000000000002,14:32:47,56.98,300,56.99,400,56.985,400
30688,0.59,0.12,0.47,0.0,14:39:00,56.97,1000,56.98,1000,56.9701,200
30729,0.6000000000000001,0.2,0.4,29.779999999999998,14:39:29,56.97,1100,56.98,1200,56.9746,117
30800,1.8599999999999999,1.38,0.48,19.29,14:40:19,56.97,1300,56.98,1300,56.9775,500
30825,0.74,0.21,0.53,37.81999999999999,14:40:37,56.93,700,56.94,600,56.93,100
30880,0.61,0.24,0.37,19.829999999999995,14:41:19,56.93,600,56.94,1200,56.935,100
30948,3.22,2.7,0.52,3.9800000000000004,14:42:03,56.93,500,56.94,900,56.9386,134
30986,0.6300000000000001,0.07,0.56,32.42,14:42:32,56.95,400,56.96,600,56.9575,213
31118,0.44,0.07,0.37,11.819999999999999,14:44:11,56.94,400,56.95,300,56.946000000000005,500
31162,0.75,0.27,0.48,42.17000000000001,14:44:42,56.93,300,56.94,300,56.9378,400
31164,0.82,0.13,0.69,44.00000000000001,14:44:44,56.93,300,56.94,300,56.9357,300
31198,1.04,0.4,0.64,7.8,14:45:07,56.92,300,56.93,200,56.928999999999995,100
31412,0.6,0.25,0.35,52.56999999999999,14:47:52,56.92,400,56.94,400,56.9313,151
31504,0.76,0.37,0.39,56.00000000000001,14:48:56,56.94,400,56.95,200,56.945,100
31615,4.23,3.71,0.52,9.21,14:50:09,56.95,100,56.96,300,56.9556,500
31695,0.8200000000000001,0.14,0.68,7.630000000000001,14:51:07,56.97,100,56.98,400,56.9708,100
31787,0.43,0.12,0.31,20.02,14:52:20,56.96,100,56.97,300,56.952,236
31806,0.6200000000000001,0.07,0.55,30.840000000000003,14:52:30,56.96,100,56.97,300,56.9654,1000
31841,0.43,0.08,0.35,51.78000000000002,14:52:51,56.94,100,56.97,200,56.9625,200
31859,3.1799999999999997,2.57,0.61,13.36,14:53:13,56.94,700,56.97,600,56.9607,1000
31996,0.63,0.08,0.55,47.98000000000001,14:54:47,57.0,200,57.02,300,57.0109,153
32218,0.61,0.2,0.41,14.989999999999997,14:58:14,57.01,300,57.02,100,57.0133,600
32242,0.6100000000000001,0.07,0.54,28.96,14:58:28,57.01,300,57.02,100,57.0126,300
32462,0.59,0.22,0.37,55.64000000000001,15:00:55,57.03,300,57.04,600,57.0331,120
32739,0.44,0.14,0.3,37.09,15:04:37,57.03,200,57.04,500,57.0342,340
32932,2.2800000000000002,1.6,0.68,12.439999999999998,15:07:12,57.01,700,57.02,800,57.0166,157
33131,0.59,0.08,0.51,36.43000000000001,15:09:36,57.02,200,57.03,300,57.0238,336
33294,0.6000000000000001,0.14,0.46,35.77,15:11:35,57.0,1400,57.01,500,57.0044,467
33309,0.8400000000000001,0.17,0.67,46.02,15:11:46,57.0,1300,57.01,500,57.001000000000005,200
33393,0.6,0.21,0.39,44.030000000000015,15:12:44,57.0,1400,57.02,700,57.0132,145
33520,0.5900000000000001,0.07,0.52,11.930000000000001,15:14:11,57.01,600,57.03,700,57.0171,741
33525,2.7800000000000002,2.29,0.49,17.32,15:14:17,57.01,500,57.03,400,57.016000000000005,300
33568,0.6,0.18,0.42,39.94000000000001,15:14:39,57.01,700,57.03,800,57.0214,260
33633,0.56,0.07,0.49,15.57,15:15:15,57.0,1300,57.01,800,57.0066,500
33715,0.77,0.32,0.45,20.179999999999996,15:16:20,57.01,800,57.02,500,57.0175,100
34066,0.59,0.12,0.47,26.009999999999994,15:20:26,57.01,600,57.02,400,57.0131,150
34117,3.81,3.17,0.64,6.59,15:21:06,57.01,700,57.03,500,57.0075,100
34199,0.6000000000000001,0.07,0.53,1.83,15:22:01,57.02,700,57.03,700,57.021,600
34249,0.61,0.21,0.4,41.970000000000006,15:22:41,57.02,200,57.03,800,57.026,100
34379,2.56,2.0,0.56,11.78,15:24:11,57.02,300,57.03,700,57.0232,100
34555,0.5700000000000001,0.07,0.5,20.0,15:26:20,57.02,500,57.03,800,57.0234,1700
34611,0.6100000000000001,0.07,0.54,53.990000000000016,15:26:53,57.02,900,57.03,1100,57.0287,150
34746,0.61,0.3,0.31,25.830000000000013,15:28:25,57.03,500,57.04,300,57.0366,500
34852,1.24,0.23,1.01,42.5,15:29:42,57.03,900,57.04,700,57.0375,100
35259,0.6,0.17,0.43,46.19000000000002,15:34:46,57.04,400,57.05,400,57.041000000000004,100
35262,0.44,0.07,0.37,47.83000000000002,15:34:47,57.04,400,57.05,400,57.0475,100
35372,0.44,0.07,0.37,53.510000000000005,15:35:53,57.05,100,57.06,800,57.0575,100
35537,0.45,0.12,0.33,47.89000000000001,15:37:47,57.11,300,57.12,500,57.1175,100
35576,0.43999999999999995,0.09,0.35,15.979999999999999,15:38:15,57.11,8500,57.12,500,57.113,1406
35910,2.8200000000000003,2.04,0.78,18.020000000000003,15:42:18,57.06,1200,57.07,900,57.0646,300
36004,0.62,0.19,0.43,27.38000000000001,15:43:27,57.07,2100,57.08,700,57.0746,127
36047,0.6,0.18,0.42,52.18,15:43:52,57.04,500,57.05,600,57.0431,186
36125,0.6599999999999999,0.08,0.58,40.000000000000014,15:44:40,57.04,1400,57.05,1800,57.0457,265
36588,0.5900000000000001,0.13,0.46,0.0,15:50:00,57.1,200,57.15,500,57.089,100
36649,0.79,0.18,0.61,51.030000000000015,15:50:51,57.09,900,57.11,300,57.091,1200
36681,0.81,0.18,0.63,20.409999999999993,15:51:20,57.13,600,57.14,300,57.129,1319
36749,2.19,1.53,0.66,18.79,15:52:18,57.13,1400,57.14,400,57.138999999999996,100
36805,0.6,0.08,0.52,57.80000000000003,15:52:57,57.13,800,57.14,1100,57.133,1383
36881,0.7799999999999999,0.21,0.57,58.38,15:53:58,57.13,2100,57.14,2500,57.1391,500
37041,0.6000000000000001,0.14,0.46,53.760000000000005,15:55:53,57.12,3500,57.13,1100,57.1289,100
37061,3.79,3.28,0.51,13.010000000000002,15:56:13,57.1,1100,57.11,800,57.0903,100
