,Total Delay,Request Delay,Saving Delay,Arrival Time,Time,Bid,Bid Size,Ask,Ask Size,Last Price,Last Size
0,0.6499999999999999,0.3,0.35,0.6499999999999999,09:30:00,148.51,200,148.97,200,148.74,10000
122,0.32,0.12,0.2,0.0,09:31:00,148.51,300,148.92,100,148.87,100
240,0.27,0.09,0.18,15.360000000000001,09:32:15,148.55,100,148.95,100,148.95,110
241,0.26,0.09,0.17,15.620000000000001,09:32:15,148.55,200,148.96,200,148.9,100
350,3.75,3.46,0.29,0.0,09:33:00,148.59,300,148.95,100,148.935,200
440,0.45,0.25,0.2,37.000000000000014,09:33:37,148.64,200,148.93,100,148.7601,650
458,0.27,0.09,0.18,42.92,09:33:42,148.96,200,149.11,100,149.035,100
480,0.28,0.11,0.17,0.0,09:34:00,149.04,100,149.27,100,149.224,200
486,0.25,0.07,0.18,2.14,09:34:02,149.04,200,149.25,100,149.06,100
492,0.34,0.14,0.2,4.010000000000001,09:34:04,149.05,100,149.38,200,149.21,100
499,0.38,0.19,0.19,6.22,09:34:06,149.15,100,149.37,100,149.26,100
508,1.78,1.57,0.21,11.239999999999998,09:34:11,149.22,200,149.36,100,149.36,100
514,3.77,3.6,0.17,20.38,09:34:20,149.22,100,149.39,200,149.4,100
561,0.26,0.08,0.18,40.00999999999999,09:34:40,149.24,100,149.42,100,149.39,100
609,0.49,0.2,0.29,58.589999999999996,09:34:58,149.24,200,149.4,100,149.25,100
614,0.38,0.08,0.3,0.0,09:35:00,149.05,200,149.39,100,149.2425,100
621,0.33,0.07,0.26,6.3500000000000005,09:35:06,149.06,100,149.32,100,149.195,100
632,0.29000000000000004,0.07,0.22,18.68,09:35:18,149.06,300,149.3,100,149.18,100
701,0.26,0.08,0.18,44.800000000000004,09:35:44,149.28,100,149.35,100,149.28,100
727,0.38,0.21,0.17,53.05000000000001,09:35:53,149.29,100,149.41,100,149.31,100
741,0.23,0.07,0.16,56.81000000000002,09:35:56,149.29,200,149.47,100,149.41,100
751,0.4,0.23,0.17,0.0,09:36:00,149.29,100,149.47,100,149.355,200
771,2.1,1.83,0.27,11.81,09:36:11,149.29,100,149.47,100,149.46,100
774,2.31,2.11,0.2,14.610000000000001,09:36:14,149.56,100,149.63,700,149.63,100
779,3.7600000000000002,3.33,0.43,20.150000000000002,09:36:20,149.55,100,149.7,100,149.625,100
814,0.5800000000000001,0.19,0.39,34.5,09:36:34,149.46,100,149.63,100,149.62,100
850,0.34,0.08,0.26,50.269999999999996,09:36:50,149.53,100,149.7,100,149.7,100
891,0.5700000000000001,0.2,0.37,0.0,09:37:00,149.53,100,149.65,100,149.53,120
897,1.12,0.75,0.37,3.1100000000000003,09:37:03,149.46,100,149.62,100,149.54,100
901,2.69,2.4,0.29,9.15,09:37:09,149.35,100,149.55,500,149.45,100
984,0.41,0.12,0.29,44.649999999999984,09:37:44,149.58,100,149.74,200,149.637,1000
1018,0.6000000000000001,0.27,0.33,0.0,09:38:00,149.58,200,149.77,500,149.59,100
1047,0.48,0.19,0.29,14.35,09:38:14,149.53,100,149.75,100,149.58,100
1099,0.58,0.23,0.35,36.040000000000006,09:38:36,149.54,100,149.77,300,149.65,100
1123,0.44999999999999996,0.21,0.24,0.0,09:39:00,149.53,100,149.68,100,149.615,300
1137,0.31,0.08,0.23,7.8,09:39:07,149.53,200,149.78,100,149.68,100
1231,0.29,0.08,0.21,49.41000000000003,09:39:49,149.53,100,149.62,100,149.5725,100
1238,0.38,0.19,0.19,51.750000000000036,09:39:51,149.48,200,149.63,100,149.56,100
1319,0.49,0.28,0.21,21.900000000000002,09:40:21,149.63,100,149.71,100,149.68200000000002,253
1357,0.29,0.08,0.21,35.88999999999998,09:40:35,149.64,100,149.75,100,149.69,100
1395,0.34,0.08,0.26,0.0,09:41:00,149.63,100,149.75,100,149.6075,100
1482,0.45999999999999996,0.24,0.22,36.36999999999999,09:41:36,149.76,100,149.87,500,149.808,160
1486,0.46,0.27,0.19,37.73999999999999,09:41:37,149.76,100,149.85,100,149.79,100
1543,0.42000000000000004,0.22,0.2,0.0,09:42:00,149.76,100,149.87,100,149.86,100
1554,4.06,3.67,0.39,8.559999999999999,09:42:08,149.76,100,149.85,100,149.81,200
1561,0.38,0.08,0.3,13.97,09:42:13,149.76,200,149.85,200,149.84,100
1565,2.37,2.09,0.28,17.970000000000002,09:42:17,149.72,100,149.8,100,149.8,100
1577,0.48,0.17,0.31,24.02,09:42:24,149.72,100,149.88,300,149.83,100
1648,0.5700000000000001,0.27,0.3,54.10999999999998,09:42:54,149.88,100,149.92,100,149.85,100
1653,0.32999999999999996,0.12,0.21,55.53999999999998,09:42:55,149.88,100,149.91,100,149.805,100
1654,0.45999999999999996,0.15,0.31,55.99999999999998,09:42:55,149.82,200,149.91,100,149.91,100
1672,0.46,0.08,0.38,4.36,09:43:04,149.82,200,149.91,200,149.9,100
1710,0.44,0.12,0.32,24.1,09:43:24,149.87,100,149.97,300,149.96,100
1741,0.4,0.08,0.32,36.050000000000004,09:43:36,149.87,100,149.96,100,149.9004,100
1778,0.48,0.21,0.27,50.19000000000001,09:43:50,149.78,100,149.83,100,149.82,100
1783,0.29,0.08,0.21,52.02000000000001,09:43:52,149.62,100,149.78,100,149.755,100
1815,0.33,0.07,0.26,0.0,09:44:00,149.63,200,149.78,100,149.77,100
1882,0.46,0.2,0.26,32.03999999999999,09:44:32,149.77,200,149.88,100,149.88,100
1927,0.27,0.07,0.2,47.73000000000001,09:44:47,149.77,200,149.87,100,149.87,100
1962,0.38,0.08,0.3,4.200000000000001,09:45:04,149.78,100,149.94,100,149.93,100
2020,0.47,0.26,0.21,36.07000000000002,09:45:36,149.78,300,149.87,100,149.825,100
2082,0.29000000000000004,0.07,0.22,0.0,09:46:00,149.9,300,149.97,200,149.92,100
2174,0.43000000000000005,0.23,0.2,42.05000000000002,09:46:42,149.94,100,149.98,200,149.94,100
2203,0.33,0.14,0.19,51.81000000000003,09:46:51,149.94,100,149.96,100,149.95,100
2227,0.25,0.07,0.18,0.0,09:47:00,149.94,100,149.97,100,149.97,100
2257,4.91,4.57,0.34,15.370000000000001,09:47:15,149.94,100,149.97,200,149.9505,120
2259,0.29,0.08,0.21,16.1,09:47:16,149.94,200,149.97,200,149.9574,126
2394,0.28,0.07,0.21,7.680000000000001,09:48:07,149.88,100,149.91,100,149.89,100
2423,0.37,0.14,0.23,23.729999999999997,09:48:23,149.78,200,149.88,300,149.838,300
2474,0.5900000000000001,0.25,0.34,42.129999999999995,09:48:42,149.81,200,149.88,200,149.8497,200
2514,0.49,0.27,0.22,55.850000000000016,09:48:55,149.64,300,149.8,300,149.75,100
2538,0.37,0.08,0.29,0.0,09:49:00,149.67,200,149.8,200,149.735,100
2550,2.28,1.94,0.34,14.51,09:49:14,149.67,200,149.8,200,149.7425,100
2572,0.5800000000000001,0.2,0.38,23.830000000000005,09:49:23,149.72,100,149.8,400,149.76,100
2616,0.33,0.07,0.26,41.90000000000002,09:49:41,149.67,200,149.78,800,149.7517,300
2649,0.45999999999999996,0.22,0.24,0.0,09:50:00,149.7,200,149.78,300,149.78,100
2731,0.29000000000000004,0.12,0.17,39.91000000000001,09:50:39,149.56,100,149.71,100,149.71,100
2737,0.42,0.24,0.18,42.220000000000006,09:50:42,149.57,100,149.71,200,149.7099,100
2751,5.26,5.09,0.17,52.030000000000015,09:50:52,149.58,200,149.71,300,149.6364,200
2812,0.38,0.15,0.23,0.0,09:51:00,149.58,200,149.67,500,149.67,100
2826,0.42000000000000004,0.16,0.26,5.909999999999999,09:51:05,149.58,200,149.67,500,149.6699,100
2853,0.48,0.22,0.26,16.119999999999994,09:51:16,149.58,300,149.72,100,149.72,100
2941,3.5,3.25,0.25,14.770000000000001,09:52:14,149.64,200,149.75,400,149.695,100
3042,0.57,0.21,0.36,50.410000000000004,09:52:50,149.71,300,149.79,100,149.73,100
3102,1.28,1.0,0.28,18.599999999999998,09:53:18,149.71,200,149.78,300,149.745,6100
3367,0.36,0.18,0.18,52.87000000000003,09:54:52,149.84,400,149.95,100,149.8401,736
3387,1.64,1.43,0.21,0.0,09:55:00,149.82,400,149.95,100,149.885,100
3410,0.32,0.08,0.24,13.780000000000003,09:55:13,149.8,200,149.95,100,149.865,200
3453,0.38,0.08,0.3,31.27,09:55:31,149.77,100,149.86,100,149.8512,500
3784,0.37,0.19,0.18,35.38999999999999,09:57:35,149.73,100,149.8,300,149.765,100
3879,0.32,0.09,0.23,29.76000000000002,09:58:29,149.64,100,149.76,200,149.7125,100
4071,0.41000000000000003,0.18,0.23,44.12999999999999,09:59:44,149.76,400,149.9,200,149.7901,258
4145,0.45000000000000007,0.17,0.28,7.970000000000001,10:00:07,149.77,200,149.9,400,149.835,100
4392,0.27,0.09,0.18,22.039999999999996,10:02:22,149.79,100,149.88,200,149.8535,103
4675,0.32,0.07,0.25,14.250000000000002,10:04:14,149.82,400,149.91,100,149.8704,200
4685,0.29000000000000004,0.09,0.2,20.18,10:04:20,149.8,200,149.91,100,149.855,200
4789,0.62,0.18,0.44,2.2,10:05:02,149.82,400,149.93,600,149.875,600
4818,0.37,0.17,0.2,16.070000000000004,10:05:16,149.91,100,149.98,100,149.9525,100
4823,0.3,0.09,0.21,21.690000000000005,10:05:21,149.91,300,149.98,100,149.945,400
4912,0.42,0.24,0.18,54.039999999999964,10:05:54,149.92,300,149.98,200,149.98,100
4928,0.37,0.19,0.18,0.0,10:06:00,149.93,300,149.98,100,149.9301,450
5343,0.45999999999999996,0.24,0.22,50.04000000000002,10:08:50,150.05,100,150.13,600,150.12,190
5381,3.4,3.07,0.33,0.0,10:09:00,150.03,100,150.13,500,150.0639,615
5401,0.36,0.07,0.29,12.86,10:09:12,150.04,100,150.1,200,150.1,200
5414,0.26,0.08,0.18,16.909999999999997,10:09:16,150.04,100,150.1,200,150.04,114
5462,168.17,168.0,0.17,0.0,10:12:00,149.99,100,150.08,100,150.05,100
5552,0.32,0.08,0.24,0.0,10:13:00,150.01,100,150.13,300,150.055,100
5557,0.35000000000000003,0.07,0.28,2.0500000000000003,10:13:02,150.02,100,150.13,400,150.02,200
5717,1.59,1.33,0.26,0.0,10:14:00,150.03,200,150.13,100,150.08,300
5837,0.30000000000000004,0.07,0.23,44.419999999999995,10:14:44,150.0,1000,150.11,200,150.025,7600
5861,3.37,3.02,0.35,0.0,10:15:00,150.0,1200,150.13,100,150.015,100
5863,1.73,1.47,0.26,1.99,10:15:01,150.0,1200,150.13,100,150.065,300
5890,0.29,0.08,0.21,17.149999999999995,10:15:17,150.13,100,150.17,100,150.15,200
5896,0.33,0.14,0.19,19.04999999999999,10:15:19,150.08,200,150.17,100,150.125,100
5914,0.44,0.21,0.23,25.24,10:15:25,150.13,100,150.2,100,150.165,100
5919,0.39,0.22,0.17,27.05,10:15:27,150.13,100,150.25,100,150.19,200
5953,0.24,0.08,0.16,36.99000000000001,10:15:36,150.13,200,150.3,200,150.28,100
5967,0.24000000000000002,0.07,0.17,40.920000000000016,10:15:40,150.14,400,150.33,200,150.29,100
5990,0.39,0.18,0.21,47.20000000000002,10:15:47,150.15,200,150.32,100,150.1916,325
6001,0.26,0.08,0.18,0.0,10:16:00,150.16,300,150.31,100,150.3,100
6076,0.24000000000000002,0.07,0.17,33.96,10:16:33,150.13,100,150.17,100,150.14,100
6157,0.44,0.21,0.23,0.0,10:17:00,150.09,100,150.13,100,150.09,100
6164,0.32999999999999996,0.12,0.21,10.03,10:17:10,150.09,100,150.13,100,150.105,100
6242,0.28,0.08,0.2,41.710000000000015,10:17:41,150.1,100,150.17,200,150.135,100
6285,0.4,0.19,0.21,0.0,10:18:00,150.09,200,150.26,300,150.1625,162
6318,52.14,51.78,0.36,0.0,10:19:00,150.03,400,150.1,100,150.06,100
6352,0.29000000000000004,0.07,0.22,12.509999999999998,10:19:12,150.08,100,150.14,100,150.11,100
6405,0.48000000000000004,0.28,0.2,32.349999999999994,10:19:32,150.14,100,150.21,100,150.17,100
6426,0.47,0.26,0.21,0.0,10:20:00,150.05,200,150.23,100,150.085,100
6441,0.44,0.22,0.22,9.9,10:20:09,150.07,100,150.16,100,150.13,300
6451,1.02,0.77,0.25,15.030000000000001,10:20:15,150.1,100,150.24,100,150.2,100
6563,0.71,0.23,0.48,4.57,10:21:04,150.12,100,150.25,400,150.22,100
6593,0.58,0.17,0.41,19.91,10:21:19,150.13,100,150.23,100,150.2299,200
6737,4.74,4.41,0.33,17.340000000000003,10:23:17,150.13,400,150.22,300,150.1363,200
6798,0.42000000000000004,0.19,0.23,41.85000000000001,10:23:41,150.24,100,150.29,100,150.255,100
6844,0.28,0.07,0.21,0.0,10:24:00,150.2,400,150.26,100,150.235,100
6856,4.62,4.28,0.34,8.959999999999999,10:24:08,150.2,400,150.28,100,150.25,100
7009,0.37,0.08,0.29,19.02,10:25:19,150.25,100,150.28,200,150.26,100
7203,0.32999999999999996,0.15,0.18,6.3500000000000005,10:27:06,150.24,100,150.33,100,150.33,100
7222,0.4,0.2,0.2,12.930000000000003,10:27:12,150.23,300,150.32,200,150.32,100
7306,0.26,0.08,0.18,23.86,10:28:23,150.24,300,150.36,100,150.35,100
7336,0.34,0.07,0.27,33.97000000000001,10:28:33,150.25,200,150.39,100,150.36,100
7406,0.4,0.18,0.22,58.22,10:28:58,150.29,300,150.43,100,150.43,100
7439,3.2600000000000002,2.93,0.33,0.0,10:29:00,150.31,300,150.48,100,150.47,100
7441,0.25,0.07,0.18,1.02,10:29:01,150.32,100,150.5,300,150.48,100
7505,0.27,0.07,0.2,23.1,10:29:23,150.33,100,150.46,100,150.3746,100
7542,0.36,0.19,0.17,35.1,10:29:35,150.33,400,150.46,100,150.46,100
7554,0.26,0.08,0.18,39.0,10:29:39,150.33,400,150.4,100,150.4,100
7561,0.38,0.17,0.21,41.24,10:29:41,150.34,100,150.46,100,150.38,100
7575,0.41000000000000003,0.08,0.33,0.0,10:30:00,150.43,100,150.5,300,150.465,100
7579,0.27,0.07,0.2,1.6300000000000001,10:30:01,150.4,200,150.5,300,150.45600000000002,100
7585,0.37,0.07,0.3,3.89,10:30:03,150.4,200,150.5,300,150.5,100
7589,4.29,4.05,0.24,9.370000000000001,10:30:09,150.4,200,150.5,300,150.44,100
7605,0.3,0.08,0.22,19.43,10:30:19,150.4,200,150.5,300,150.45,100
7772,0.44,0.23,0.21,15.949999999999998,10:31:15,150.41,300,150.47,100,150.4467,200
7788,0.45,0.27,0.18,21.919999999999995,10:31:21,150.42,200,150.47,200,150.445,100
7804,0.4,0.23,0.17,0.0,10:33:00,150.55,100,150.7,100,150.68,100
7811,0.41000000000000003,0.24,0.17,4.830000000000001,10:33:04,150.55,100,150.66,100,150.66,100
7861,0.32,0.13,0.19,22.690000000000012,10:33:22,150.55,300,150.65,100,150.62,100
7868,0.25,0.08,0.17,24.760000000000012,10:33:24,150.57,100,150.72,500,150.64,100
7934,0.37,0.15,0.22,0.0,10:34:00,150.58,100,150.68,100,150.72,100
7979,0.36,0.13,0.23,24.029999999999994,10:34:24,150.59,400,150.72,500,150.59,2200
8004,0.34,0.14,0.2,32.05,10:34:32,150.6,100,150.7,100,150.7,100
8052,0.31,0.09,0.22,52.25,10:34:52,150.61,100,150.72,400,150.69,100
8132,1.57,0.07,1.5,40.79999999999999,10:35:40,150.65,200,150.73,100,150.67,1300
8134,1.78,0.08,1.7,44.19999999999999,10:35:44,150.67,200,150.73,100,150.73,100
8136,2.6,0.38,2.22,48.80999999999999,10:35:48,150.7,200,150.75,100,150.75,100
8142,0.6,0.08,0.52,0.0,10:36:00,150.76,200,150.84,100,150.78,100
8155,2.19,1.58,0.61,9.99,10:36:09,150.77,200,150.83,100,150.8,100
8233,0.8,0.31,0.49,0.0,10:37:00,150.69,200,150.77,200,150.76,100
8241,0.5700000000000001,0.07,0.5,5.74,10:37:05,150.69,100,150.75,200,150.745,100
8295,0.61,0.18,0.43,41.28000000000002,10:37:41,150.69,300,150.76,200,150.725,200
8431,0.79,0.18,0.61,18.37,10:39:18,150.53,100,150.56,100,150.55,300
8433,0.79,0.25,0.54,19.78,10:39:19,150.51,100,150.56,100,150.535,100
8436,0.8300000000000001,0.27,0.56,22.009999999999998,10:39:22,150.51,100,150.57,200,150.54,100
8464,0.6300000000000001,0.07,0.56,42.190000000000005,10:39:42,150.44,100,150.56,100,150.53,100
8485,0.64,0.14,0.5,0.0,10:40:00,150.54,100,150.57,100,150.57,100
8497,4.56,3.8,0.76,13.749999999999996,10:40:13,150.57,100,150.59,100,150.58,100
8506,0.8,0.07,0.73,22.119999999999997,10:40:22,150.57,100,150.61,100,150.6,100
8520,0.6000000000000001,0.14,0.46,32.15,10:40:32,150.57,100,150.64,100,150.605,100
8568,0.58,0.08,0.5,0.0,10:41:00,150.54,100,150.63,100,150.615,100
8591,0.61,0.18,0.43,20.22,10:41:20,150.54,300,150.58,100,150.5594,770
8598,0.59,0.21,0.38,24.22,10:41:24,150.45,300,150.51,200,150.49,100
8635,0.5900000000000001,0.14,0.45,46.0,10:41:46,150.47,100,150.54,100,150.4801,100
8912,0.44,0.07,0.37,47.77000000000002,10:44:47,150.6,400,150.67,100,150.635,100
8916,0.5800000000000001,0.18,0.4,50.140000000000015,10:44:50,150.6,300,150.67,100,150.61,100
8947,2.3600000000000003,1.84,0.52,9.38,10:45:09,150.65,300,150.72,200,150.65,100
8978,0.61,0.24,0.37,28.62,10:45:28,150.68,500,150.77,100,150.77,100
8987,0.79,0.41,0.38,34.830000000000005,10:45:34,150.75,200,150.78,600,150.74,100
9006,0.5800000000000001,0.07,0.51,46.79000000000001,10:45:46,150.7,100,150.73,100,150.715,100
9101,0.6399999999999999,0.29,0.35,0.0,10:47:00,150.68,100,150.72,100,150.71,100
9186,0.61,0.18,0.43,58.65,10:47:58,150.76,100,150.81,100,150.79,100
9232,0.43,0.07,0.36,34.230000000000004,10:48:34,150.75,200,150.81,100,150.81,100
9242,0.5800000000000001,0.14,0.44,39.97,10:48:39,150.76,100,150.81,100,150.8045,500
9253,0.77,0.4,0.37,46.19,10:48:46,150.77,100,150.84,100,150.83,100
9267,0.44,0.07,0.37,53.81999999999999,10:48:53,150.77,100,150.82,100,150.8323,500
9271,0.57,0.09,0.48,56.169999999999995,10:48:56,150.77,200,150.83,100,150.82,100
9282,0.99,0.55,0.44,2.62,10:49:02,150.66,300,150.73,600,150.6601,100
9376,0.61,0.09,0.52,2.21,10:50:02,150.61,300,150.68,100,150.675,100
9379,0.5900000000000001,0.07,0.52,4.0,10:50:04,150.61,300,150.67,100,150.611,100
9438,0.6,0.17,0.43,44.320000000000014,10:50:44,150.62,100,150.71,300,150.6276,500
9452,0.62,0.21,0.41,51.92,10:50:51,150.62,100,150.71,400,150.665,100
9737,0.57,0.08,0.49,11.82,10:54:11,150.58,400,150.66,300,150.63,100
9750,0.61,0.17,0.44,21.840000000000003,10:54:21,150.55,200,150.59,100,150.56,100
9786,0.6000000000000001,0.14,0.46,20.240000000000002,10:56:20,150.72,100,150.82,200,150.765,200
9843,0.61,0.18,0.43,28.18000000000001,10:57:28,150.71,300,150.8,100,150.795,100
9856,0.43,0.08,0.35,34.98000000000001,10:57:34,150.8,100,150.89,100,150.85,100
9886,0.5700000000000001,0.07,0.5,52.320000000000036,10:57:52,150.76,200,150.87,100,150.815,100
10042,0.57,0.21,0.36,31.97000000000001,10:59:31,150.82,300,150.87,100,150.865,100
10061,0.57,0.22,0.35,41.98000000000002,10:59:41,150.85,100,150.91,100,150.9,100
10064,0.56,0.07,0.49,43.74000000000002,10:59:43,150.87,200,150.92,100,150.91,100
10068,0.61,0.19,0.42,45.97000000000002,10:59:45,150.87,400,150.92,100,150.89,100
10071,0.61,0.15,0.46,47.770000000000024,10:59:47,150.88,300,150.92,100,150.895,100
10089,0.62,0.16,0.46,0.0,11:00:00,150.88,400,150.93,100,150.92,100
10092,4.41,3.87,0.54,5.6,11:00:05,150.89,400,150.95,600,150.93,100
10141,0.59,0.09,0.5,42.16000000000001,11:00:42,150.8,100,150.9,200,150.87,100
10162,0.6100000000000001,0.07,0.54,54.01000000000001,11:00:54,150.82,300,150.9,200,150.855,200
10214,0.6100000000000001,0.28,0.33,30.000000000000007,11:01:30,150.92,100,150.99,200,150.95,100
10232,0.57,0.08,0.49,40.010000000000005,11:01:40,150.93,200,150.99,200,150.96,100
10246,0.5800000000000001,0.14,0.44,47.980000000000004,11:01:47,150.88,300,150.95,200,150.94,100
10270,0.63,0.17,0.46,10.15,11:04:10,150.91,100,151.0,700,150.935,500
10321,0.63,0.24,0.39,44.520000000000024,11:04:44,150.87,200,150.93,200,150.905,500
10329,0.7999999999999999,0.08,0.72,0.0,11:05:00,150.8,400,150.84,200,150.825,100
10437,0.5700000000000001,0.12,0.45,0.0,11:06:00,150.68,100,150.73,200,150.705,100
10510,0.44,0.13,0.31,2.21,11:07:02,150.58,100,150.65,100,150.6372,400
10531,2.38,1.79,0.59,21.98,11:07:21,150.61,100,150.68,100,150.645,100
10613,4.41,3.9,0.51,0.0,11:08:00,150.56,100,150.64,200,150.625,100
10770,0.57,0.08,0.49,47.93000000000001,11:09:47,150.7,100,150.75,100,150.7215,500
10795,1.58,1.07,0.51,0.0,11:10:00,150.61,100,150.73,200,150.7275,100
10844,0.6100000000000001,0.27,0.34,34.23,11:10:34,150.65,200,150.71,100,150.6707,100
10846,0.59,0.24,0.35,35.42,11:10:35,150.66,200,150.72,100,150.6705,100
11035,0.62,0.13,0.49,49.779999999999994,11:12:49,150.79,200,150.87,100,150.84,100
11044,0.6200000000000001,0.07,0.55,0.0,11:13:00,150.82,200,150.91,1000,150.8202,100
11058,0.62,0.08,0.54,9.99,11:13:09,150.8,200,150.88,200,150.88,100
11061,1.84,1.29,0.55,14.99,11:13:14,150.8,200,150.88,200,150.8387,100
11146,0.6100000000000001,0.27,0.34,18.01,11:14:18,150.88,200,150.95,100,150.9152,300
11162,0.5900000000000001,0.27,0.32,27.799999999999997,11:14:27,150.88,300,151.0,600,151.0,100
11168,0.57,0.09,0.48,31.58,11:14:31,150.88,300,151.0,700,150.97,200
11201,108.41,107.97,0.44,0.0,11:16:00,150.92,300,151.05,200,151.04,100
11208,0.55,0.07,0.48,3.6000000000000005,11:16:03,150.92,300,151.05,200,151.03,100
11238,0.8,0.19,0.61,0.0,11:17:00,150.97,200,151.09,100,151.09,100
11261,0.59,0.08,0.51,21.200000000000003,11:17:21,151.06,100,151.19,100,151.12,100
11265,0.43000000000000005,0.09,0.34,23.420000000000005,11:17:23,151.11,100,151.22,100,151.185,100
11268,0.63,0.17,0.46,25.220000000000006,11:17:25,151.13,100,151.24,100,151.22,100
11272,0.61,0.18,0.43,27.590000000000003,11:17:27,151.12,200,151.19,100,151.18,100
11282,0.43,0.07,0.36,33.04,11:17:33,151.12,200,151.21,200,151.13,200
11286,0.59,0.24,0.35,35.410000000000004,11:17:35,151.12,300,151.23,100,151.1401,106
11293,0.5700000000000001,0.19,0.38,39.21,11:17:39,151.13,200,151.25,100,151.24,100
11301,0.5900000000000001,0.19,0.4,43.60000000000001,11:17:43,151.14,200,151.25,100,151.245,100
11326,0.44,0.12,0.32,0.0,11:18:00,151.15,100,151.27,200,151.27,100
11330,0.44,0.08,0.36,2.21,11:18:02,151.16,100,151.24,100,151.25,100
11410,0.74,0.07,0.67,0.0,11:19:00,151.17,400,151.27,300,151.2301,1000
11427,3.81,3.17,0.64,15.670000000000002,11:19:15,151.19,100,151.28,100,151.28,100
11458,0.58,0.22,0.36,37.459999999999994,11:19:37,151.06,200,151.15,200,151.08,100
11478,0.62,0.08,0.54,49.459999999999994,11:19:49,151.06,300,151.14,1100,151.11,200
11484,0.6,0.18,0.42,53.46,11:19:53,151.04,100,151.08,100,151.1,100
11487,0.6100000000000001,0.07,0.54,55.63,11:19:55,150.96,100,151.06,200,151.02,180
11572,0.63,0.08,0.55,0.0,11:21:00,150.98,200,151.05,100,151.05,100
11588,1.4300000000000002,1.04,0.39,18.01,11:21:18,151.07,200,151.23,100,151.225,100
11591,0.5900000000000001,0.25,0.34,19.8,11:21:19,151.07,200,151.23,100,151.23,100
11648,0.65,0.23,0.42,0.0,11:22:00,151.12,300,151.32,100,151.29,100
11664,2.0300000000000002,1.57,0.46,12.59,11:22:12,151.13,200,151.32,100,151.32,100
11677,0.6,0.09,0.51,23.79,11:22:23,151.14,300,151.31,100,151.284,400
11678,0.63,0.08,0.55,24.419999999999998,11:22:24,151.14,300,151.3,100,151.31,100
11700,0.57,0.08,0.49,37.779999999999994,11:22:37,151.14,300,151.25,200,151.195,100
11727,0.46,0.07,0.39,53.82999999999999,11:22:53,151.19,200,151.34,200,151.265,100
11731,0.5900000000000001,0.14,0.45,56.22,11:22:56,151.2,100,151.34,100,151.33,100
11744,0.62,0.17,0.45,5.83,11:23:05,151.19,200,151.33,100,151.325,100
11762,0.62,0.24,0.38,24.03,11:23:24,151.19,300,151.33,100,151.26,100
11788,0.78,0.18,0.6,40.37000000000001,11:23:40,151.2,200,151.31,100,151.255,100
11839,3.02,2.48,0.54,7.1899999999999995,11:24:07,151.21,200,151.32,300,151.2596,100
11850,0.6000000000000001,0.07,0.53,13.979999999999999,11:24:13,151.18,200,151.26,100,151.2475,100
11904,0.61,0.1,0.51,2.0,11:25:02,150.64,100,150.84,100,150.735,100
11907,0.75,0.2,0.55,3.98,11:25:03,150.66,100,150.84,200,150.835,200
11949,0.7999999999999999,0.09,0.71,38.24999999999999,11:25:38,150.81,100,150.94,100,150.875,100
11958,0.61,0.12,0.49,44.26,11:25:44,150.83,100,150.93,100,150.9025,100
11983,0.75,0.08,0.67,0.0,11:26:00,150.83,100,150.97,200,150.8486,354
12088,0.5900000000000001,0.07,0.52,13.43,11:29:13,150.35,100,150.55,500,150.4327,155
12102,0.61,0.14,0.47,29.439999999999998,11:29:29,150.36,100,150.45,100,150.37,100
12117,0.75,0.07,0.68,39.58000000000001,11:29:39,150.19,100,150.32,100,150.21,100
12126,0.76,0.18,0.58,45.78000000000001,11:29:45,150.16,200,150.28,100,150.1701,162
12139,0.99,0.23,0.76,0.0,11:30:00,150.0,100,150.17,200,150.01,100
12176,0.75,0.13,0.62,47.00999999999999,11:30:47,150.21,200,150.39,200,150.215,100
12191,0.74,0.08,0.66,56.989999999999995,11:30:56,150.24,100,150.37,100,150.305,100
12198,0.6,0.24,0.36,2.43,11:31:02,150.24,100,150.35,100,150.295,100
12203,0.96,0.39,0.57,14.61,11:31:14,150.25,400,150.37,200,150.31,100
12204,3.4,2.88,0.52,18.009999999999998,11:31:18,150.31,200,150.42,300,150.39,100
12205,0.6000000000000001,0.07,0.53,18.61,11:31:18,150.37,100,150.48,100,150.42,129
12220,0.61,0.26,0.35,28.43,11:31:28,150.38,200,150.51,100,150.51,200
12282,0.44,0.07,0.37,0.0,11:32:00,150.45,200,150.6,200,150.525,723
12471,0.77,0.26,0.51,0.0,11:34:00,150.56,300,150.69,100,150.685,100
12505,0.64,0.18,0.46,28.190000000000005,11:34:28,150.62,300,150.73,100,150.6514,125
12684,0.43999999999999995,0.09,0.35,33.800000000000004,11:37:33,150.6,600,150.71,100,150.655,100
12780,118.2,117.59,0.61,0.0,11:40:00,150.88,300,150.99,200,150.985,100
12794,0.76,0.2,0.56,4.2,11:41:04,150.86,500,150.99,100,150.98,100
12800,0.63,0.28,0.35,11.450000000000001,11:41:11,150.91,700,151.0,500,150.955,100
12819,0.61,0.21,0.4,26.02,11:41:26,150.98,300,151.08,200,151.016,750
12901,0.95,0.74,0.21,12.530000000000001,11:42:12,150.83,100,150.95,200,150.945,100
12913,0.24,0.08,0.16,19.869999999999997,11:42:19,150.82,100,150.93,100,150.8927,400
12955,0.29000000000000004,0.07,0.22,35.84999999999999,11:42:35,150.82,500,150.9,100,150.86,100
13150,0.24000000000000002,0.07,0.17,2.82,11:45:02,150.81,100,150.88,100,150.845,100
13278,0.24000000000000002,0.07,0.17,0.0,11:46:00,150.86,100,150.97,100,150.915,100
14001,0.33999999999999997,0.18,0.16,47.88,11:50:47,150.39,100,150.53,100,150.4725,100
14031,0.67,0.27,0.4,57.93999999999999,11:50:57,150.37,200,150.49,100,150.41,100
14054,1.58,1.3,0.28,0.0,11:51:00,150.37,200,150.48,200,150.4784,150
14122,0.37,0.2,0.17,31.139999999999993,11:51:31,150.37,400,150.43,200,150.3934,200
14498,0.26,0.08,0.18,0.0,11:54:00,150.23,100,150.41,200,150.24,100
14509,3.63,3.31,0.32,11.26,11:54:11,150.24,300,150.41,200,150.3065,400
14690,0.5,0.25,0.25,0.0,11:55:00,150.28,100,150.4,100,150.34,100
15644,0.27,0.11,0.16,8.339999999999998,12:01:08,150.2,200,150.28,100,150.27,100
15747,1.7200000000000002,1.35,0.37,9.05,12:02:09,150.19,100,150.37,100,150.23,100
15749,0.32,0.07,0.25,10.14,12:02:10,150.09,200,150.23,200,150.18,100
16026,0.47000000000000003,0.27,0.2,0.0,12:04:00,150.11,200,150.24,300,150.175,100
16241,0.25,0.08,0.17,12.170000000000003,12:05:12,150.12,100,150.24,100,150.1546,225
16539,0.37,0.18,0.19,2.31,12:07:02,150.13,100,150.21,100,150.16,100
16587,0.35,0.17,0.18,18.189999999999998,12:07:18,150.02,100,150.1,200,150.07,100
16657,0.26,0.07,0.19,0.0,12:08:00,150.0,600,150.06,200,150.0,100
16662,2.8,2.48,0.32,4.0600000000000005,12:08:04,150.0,700,150.06,200,150.03,100
16971,0.29000000000000004,0.1,0.19,0.0,12:10:00,150.04,100,150.11,200,150.0707,100
17319,0.37,0.17,0.2,0.0,12:12:00,150.14,100,150.22,100,150.205,100
17546,0.29000000000000004,0.13,0.16,35.72,12:13:35,150.11,200,150.16,100,150.159,722
17717,0.42000000000000004,0.23,0.19,8.190000000000001,12:14:08,150.12,200,150.2,100,150.1647,300
17763,1.74,1.51,0.23,0.0,12:15:00,150.12,200,150.19,200,150.1441,146
18412,0.33,0.17,0.16,0.0,12:19:00,150.21,100,150.29,200,150.2504,300
19159,0.41000000000000003,0.19,0.22,4.28,12:24:04,150.23,100,150.3,100,150.265,100
19164,0.44,0.19,0.25,6.090000000000001,12:24:06,150.23,100,150.3,100,150.2706,100
19389,0.37,0.17,0.2,23.720000000000002,12:25:23,150.27,300,150.38,100,150.3359,143
19588,2.2800000000000002,2.06,0.22,0.0,12:27:00,150.24,100,150.27,100,150.2525,400
20556,0.37,0.18,0.19,22.68,12:33:22,150.11,200,150.25,200,150.245,100
20689,0.30000000000000004,0.13,0.17,0.0,12:34:00,150.32,100,150.39,100,150.3201,452
20743,0.54,0.27,0.27,16.380000000000006,12:34:16,150.32,100,150.39,100,150.355,187
21620,0.38,0.18,0.2,32.13,12:40:32,150.36,200,150.47,100,150.3656,700
22147,0.4,0.2,0.2,32.019999999999996,12:46:32,150.52,100,150.61,100,150.52,100
22953,0.36,0.2,0.16,0.0,12:52:00,150.63,200,150.74,100,150.7023,500
23006,0.25,0.08,0.17,24.170000000000005,12:52:24,150.71,200,150.84,100,150.775,100
23810,0.24000000000000002,0.07,0.17,17.95,12:57:17,150.4,300,150.5,100,150.495,100
24375,0.25,0.08,0.17,30.619999999999987,13:02:30,150.64,400,150.74,100,150.6903,100
24469,0.35,0.18,0.17,22.179999999999996,13:03:22,150.73,100,150.84,200,150.785,100
25429,0.39,0.14,0.25,12.219999999999999,13:12:12,150.64,200,150.72,100,150.6641,417
25505,0.5700000000000001,0.24,0.33,26.580000000000005,13:13:26,150.66,200,150.74,100,150.6728,139
25563,3.18,2.6,0.58,10.55,13:14:10,150.71,200,150.8,500,150.755,100
25711,0.75,0.18,0.57,25.989999999999995,13:15:25,150.55,200,150.6,300,150.5768,100
25759,0.57,0.21,0.36,23.770000000000007,13:16:23,150.45,100,150.56,400,150.505,100
25793,0.6000000000000001,0.07,0.53,44.94000000000001,13:16:44,150.35,100,150.43,300,150.42600000000002,358
26465,0.74,0.12,0.62,25.990000000000002,13:24:25,150.32,100,150.4,100,150.3944,100
26517,1.19,0.17,1.02,7.219999999999999,13:25:07,150.36,300,150.42,300,150.4065,300
26570,0.8300000000000001,0.07,0.76,18.800000000000004,13:26:18,150.37,200,150.42,200,150.4165,100
26659,1.1700000000000002,0.08,1.09,0.0,13:28:00,150.37,100,150.42,500,150.4158,200
26759,1.3900000000000001,0.07,1.32,0.0,13:30:00,150.26,100,150.34,200,150.2663,100
26820,1.4,0.18,1.22,9.8,13:31:09,150.23,200,150.29,500,150.289,330
26966,1.2000000000000002,0.11,1.09,0.0,13:35:00,150.25,300,150.31,200,150.304,144
27075,1.1900000000000002,0.08,1.11,14.79,13:37:14,150.13,100,150.18,100,150.155,400
27099,1.22,0.07,1.15,42.18,13:37:42,150.11,100,150.15,200,150.149,105
27211,54.8,53.89,0.91,63.599999999999994,13:41:03,150.06,300,150.1,300,150.0601,100
27262,3.59,2.35,1.24,11.609999999999998,13:42:11,150.09,300,150.13,100,150.1199,100
27379,1.01,0.07,0.94,35.79,13:44:35,150.22,600,150.26,200,150.2599,100
27439,1.01,0.07,0.94,46.03,13:45:46,150.34,100,150.42,100,150.3676,139
27470,1.2,0.23,0.97,0.0,13:46:00,150.4,500,150.43,300,150.4202,269
27633,1.19,0.36,0.83,34.0,13:49:34,150.4,400,150.47,300,150.435,182
27672,1.21,0.13,1.08,16.39,13:50:16,150.45,600,150.51,100,150.475,100
27762,0.98,0.15,0.83,6.1899999999999995,13:52:06,150.26,300,150.34,300,150.335,100
27766,3.0100000000000002,2.2,0.81,15.209999999999999,13:52:15,150.26,300,150.34,300,150.303,100
27930,2.6,1.74,0.86,13.0,13:55:13,150.11,100,150.14,500,150.1298,104
28137,1.03,0.08,0.95,18.01,13:59:18,150.0,900,150.03,400,150.0175,100
28139,1.1900000000000002,0.07,1.12,20.390000000000004,13:59:20,150.0,1100,150.03,400,150.0138,175
28162,1.0,0.21,0.79,47.980000000000004,13:59:47,150.03,400,150.08,100,150.045,100
28223,1.36,0.08,1.28,39.78000000000001,14:00:39,150.03,500,150.09,500,150.035,100
28263,1.0,0.14,0.86,41.78999999999999,14:01:41,150.04,200,150.08,500,150.0401,100
28297,0.8099999999999999,0.08,0.73,23.19,14:02:23,150.05,200,150.11,100,150.0999,100
28378,1.3800000000000001,0.07,1.31,0.0,14:04:00,150.04,200,150.08,200,150.0552,200
28490,0.81,0.16,0.65,0.0,14:06:00,150.05,1300,150.08,300,150.0725,100
28632,0.8300000000000001,0.18,0.65,17.58,14:09:17,150.06,600,150.08,100,150.075,100
28695,1.21,0.07,1.14,35.989999999999995,14:10:35,150.0,5900,150.01,300,150.005,100
28832,0.98,0.12,0.86,1.98,14:13:01,149.98,400,150.01,200,149.99,100
29221,1.0,0.21,0.79,0.0,14:20:00,149.96,2400,150.01,200,149.985,100
30020,0.81,0.07,0.74,3.1999999999999997,14:29:03,150.02,400,150.05,100,150.0386,124
30628,0.63,0.08,0.55,0.0,14:38:00,150.12,400,150.17,100,150.145,100
30801,0.76,0.2,0.56,0.0,14:40:00,150.16,1000,150.21,200,150.1848,120
30846,0.8,0.26,0.54,32.18,14:40:32,150.16,800,150.21,200,150.2099,200
31242,0.78,0.2,0.58,40.42000000000001,14:45:40,150.16,1200,150.23,100,150.1838,1300
31346,0.6200000000000001,0.07,0.55,0.0,14:47:00,150.2,700,150.25,500,150.225,100
31408,0.42,0.07,0.35,48.93999999999999,14:47:48,150.21,100,150.24,300,150.2399,300
31857,0.6100000000000001,0.07,0.54,7.59,14:53:07,150.21,1300,150.23,300,150.21200000000002,100
31927,0.44,0.07,0.37,55.770000000000024,14:53:55,150.16,600,150.19,200,150.189,250
32222,0.57,0.08,0.49,23.78,14:58:23,150.0,1300,150.04,600,150.004,100
32292,3.04,2.44,0.6,0.0,14:59:00,150.01,400,150.05,300,150.014,100
32945,0.63,0.08,0.55,0.0,15:07:00,150.14,700,150.18,200,150.1672,102
33084,0.44,0.07,0.37,8.04,15:09:08,150.16,1100,150.18,300,150.1601,100
33171,0.45999999999999996,0.11,0.35,0.0,15:10:00,150.18,200,150.21,100,150.195,100
33175,1.77,1.25,0.52,3.58,15:10:03,150.2,200,150.21,100,150.209,100
33205,0.59,0.15,0.44,27.979999999999997,15:10:27,150.14,200,150.17,100,150.1599,347
33549,0.43,0.07,0.36,8.21,15:14:08,150.18,900,150.19,100,150.1807,100
33868,4.59,3.97,0.62,0.0,15:18:00,150.09,1300,150.13,100,150.1017,537
33887,0.64,0.24,0.4,14.799999999999999,15:18:14,150.09,1500,150.13,200,150.094,100
33940,0.59,0.08,0.51,49.210000000000015,15:18:49,150.09,1700,150.12,200,150.1007,500
34095,0.44,0.07,0.37,46.220000000000006,15:20:46,150.03,300,150.06,200,150.033,100
34217,0.6,0.15,0.45,0.0,15:22:00,150.03,1100,150.05,600,150.032,100
34336,0.6000000000000001,0.14,0.46,17.970000000000006,15:23:17,150.03,700,150.07,200,150.0699,100
34655,0.43999999999999995,0.09,0.35,24.2,15:27:24,150.14,1100,150.25,400,150.1836,500
34717,0.61,0.18,0.43,6.83,15:28:06,150.18,100,150.25,600,150.2499,382
34831,0.82,0.21,0.61,26.400000000000006,15:29:26,150.28,400,150.35,100,150.315,100
34877,0.9199999999999999,0.08,0.84,14.349999999999998,15:30:14,150.36,500,150.41,100,150.4099,100
34899,0.6,0.08,0.52,31.55999999999999,15:30:31,150.38,400,150.45,100,150.4499,200
35146,0.45,0.07,0.38,23.389999999999997,15:33:23,150.22,900,150.27,200,150.2359,500
35187,0.5900000000000001,0.07,0.52,49.37000000000002,15:33:49,150.22,900,150.26,500,150.2201,200
35376,0.5700000000000001,0.07,0.5,55.650000000000006,15:35:55,150.23,1200,150.27,400,150.2558,1300
35568,3.61,3.03,0.58,0.0,15:38:00,150.21,1100,150.25,400,150.2489,224
35734,0.5900000000000001,0.07,0.52,0.0,15:40:00,150.28,300,150.31,400,150.3099,103
35864,0.63,0.27,0.36,38.23000000000001,15:41:38,150.21,600,150.24,1000,150.2295,100
35998,0.6100000000000001,0.27,0.34,18.18,15:43:18,150.04,300,150.06,500,150.0599,100
36162,0.58,0.21,0.37,5.8,15:45:05,150.09,900,150.1,600,150.0956,100
36335,0.6,0.08,0.52,8.040000000000001,15:47:08,150.18,500,150.21,500,150.1908,1600
36341,0.6300000000000001,0.07,0.56,14.440000000000001,15:47:14,150.18,600,150.19,300,150.1899,105
36638,0.86,0.17,0.69,42.64000000000002,15:50:42,150.13,100,150.14,400,150.1355,100
36712,0.8,0.2,0.6,43.349999999999994,15:51:43,150.17,600,150.2,200,150.185,200
36743,4.81,4.34,0.47,9.77,15:52:09,150.2,300,150.22,500,150.2199,100
36749,2.19,1.53,0.66,17.2,15:52:17,150.17,200,150.18,200,150.1799,100
36753,0.77,0.25,0.52,20.139999999999997,15:52:20,150.14,100,150.17,800,150.1699,100
36767,0.83,0.08,0.75,30.639999999999993,15:52:30,150.13,300,150.15,1000,150.1499,100
36782,0.61,0.14,0.47,40.42000000000001,15:52:40,150.1,100,150.13,300,150.115,100
36827,0.8,0.07,0.73,18.06,15:53:18,150.1,500,150.13,900,150.1299,100
37185,2.19,1.61,0.58,9.8,15:59:09,149.99,10800,150.02,300,150.001,100
37225,0.6,0.09,0.51,38.35000000000001,15:59:38,150.03,300,150.06,100,150.0201,100
37233,0.6,0.12,0.48,43.970000000000006,15:59:43,150.02,700,150.05,200,150.0499,106
