,Total Delay,Request Delay,Saving Delay,Arrival Time,Time,Bid,Bid Size,Ask,Ask Size,Last Price,Last Size
0,0.6499999999999999,0.3,0.35,0.6499999999999999,09:30:00,173.5,700,173.56,100,173.54,100
6,0.28,0.08,0.2,2.6000000000000005,09:30:02,173.62,200,173.66,100,173.62,100
12,0.35,0.16,0.19,4.76,09:30:04,173.61,100,173.66,100,173.64,100
16,0.32,0.08,0.24,6.53,09:30:06,173.8,100,173.85,1000,173.84,100
22,0.3,0.08,0.22,8.47,09:30:08,173.84,600,173.9,100,173.88,100
28,0.5800000000000001,0.27,0.31,10.940000000000001,09:30:10,173.85,900,173.91,100,173.9,100
37,0.44,0.21,0.23,14.589999999999998,09:30:14,173.79,500,173.83,100,173.8,100
42,0.32,0.07,0.25,16.54,09:30:16,173.71,500,173.77,100,173.7538,100
46,0.35000000000000003,0.08,0.27,0.35000000000000003,09:31:00,173.72,500,173.77,100,173.7481,500
51,0.4,0.18,0.22,2.33,09:31:02,173.65,500,173.68,100,173.65,200
64,2.08,1.88,0.2,10.02,09:31:10,173.64,200,173.65,100,173.6444,200
65,0.31,0.07,0.24,10.33,09:31:10,173.64,200,173.65,200,173.645,300
69,0.42,0.21,0.21,12.38,09:31:12,173.64,700,173.68,300,173.67700000000002,100
71,0.37,0.18,0.19,15.12,09:31:15,173.67,200,173.71,100,173.6792,100
75,0.89,0.62,0.27,16.97,09:31:16,173.74,300,173.77,100,173.7675,850
80,1.4100000000000001,1.07,0.34,21.98,09:31:21,173.79,100,173.82,100,173.7949,1000
81,0.43000000000000005,0.17,0.26,22.41,09:31:22,173.76,800,173.81,100,173.77,100
88,0.39,0.2,0.19,24.620000000000005,09:31:24,173.77,1100,173.81,100,173.7733,200
94,0.27,0.07,0.2,26.520000000000003,09:31:26,173.77,200,173.81,200,173.782,1000
99,0.27,0.07,0.2,28.39,09:31:28,173.72,500,173.78,200,173.73,100
105,0.41000000000000003,0.23,0.18,30.700000000000003,09:31:30,173.7,1300,173.75,100,173.725,100
110,0.5,0.28,0.22,32.580000000000005,09:31:32,173.71,1000,173.75,100,173.7,200
117,0.3,0.08,0.22,34.730000000000004,09:31:34,173.75,100,173.78,100,173.76,100
127,0.6000000000000001,0.27,0.33,38.56000000000002,09:31:38,173.75,300,173.77,200,173.75,400
144,0.46,0.18,0.28,44.810000000000024,09:31:44,173.8,400,173.84,100,173.81,100
148,0.4,0.08,0.32,46.49000000000002,09:31:46,173.79,500,173.83,100,173.8052,100
152,0.74,0.21,0.53,48.72000000000002,09:31:48,173.84,100,173.88,100,173.85,169
163,0.43,0.24,0.19,52.64000000000002,09:31:52,173.84,100,173.88,100,173.8494,1000
175,0.32,0.14,0.18,56.32000000000002,09:31:56,173.82,200,173.85,100,173.8393,250
176,0.33,0.16,0.17,56.65000000000002,09:31:56,173.79,300,173.81,100,173.82,100
186,0.29,0.08,0.21,0.0,09:32:00,173.8,100,173.83,100,173.815,100
193,0.41000000000000003,0.21,0.2,2.27,09:32:02,173.86,100,173.89,100,173.89,100
197,2.11,1.93,0.18,5.2,09:32:05,173.83,500,173.88,100,173.86,100
201,4.77,4.56,0.21,12.78,09:32:12,173.85,100,173.88,200,173.8792,100
202,2.2199999999999998,2.03,0.19,15.0,09:32:15,173.82,300,173.86,300,173.83,100
214,0.33999999999999997,0.18,0.16,20.189999999999998,09:32:20,173.9,100,173.93,200,173.9223,600
227,0.36,0.19,0.17,24.189999999999998,09:32:24,173.92,500,173.96,100,173.96,100
234,0.23,0.07,0.16,26.159999999999997,09:32:26,173.9,500,173.95,100,173.95,100
241,0.26,0.09,0.17,28.399999999999995,09:32:28,173.93,300,173.97,1000,173.9612,250
246,0.36,0.18,0.18,30.23999999999999,09:32:30,173.9,600,173.97,1000,173.93,100
252,0.24000000000000002,0.07,0.17,32.32999999999999,09:32:32,173.95,400,173.99,1400,173.97,200
258,0.39,0.22,0.17,34.55999999999999,09:32:34,174.04,100,174.05,100,174.05,100
264,0.24000000000000002,0.07,0.17,36.509999999999984,09:32:36,174.09,100,174.14,500,174.13,291
270,0.36,0.2,0.16,38.53999999999998,09:32:38,174.07,500,174.12,300,174.08700000000002,1000
276,0.24000000000000002,0.07,0.17,40.38999999999998,09:32:40,174.04,500,174.08,400,174.07,300
281,0.38,0.21,0.17,41.749999999999986,09:32:41,174.02,100,174.06,100,174.02,100
287,0.32,0.15,0.17,43.72999999999999,09:32:43,173.97,1200,174.0,300,173.9886,2000
289,0.30000000000000004,0.14,0.16,44.40999999999999,09:32:44,173.98,200,174.0,100,174.0,100
295,0.33999999999999997,0.18,0.16,46.37,09:32:46,173.99,100,174.01,100,173.99,100
302,0.39,0.22,0.17,48.61,09:32:48,174.03,300,174.09,100,174.08,100
309,0.25,0.07,0.18,50.54,09:32:50,174.05,200,174.09,200,174.09,100
315,0.3,0.08,0.22,52.58,09:32:52,174.03,100,174.06,500,174.0525,900
320,0.69,0.28,0.41,54.9,09:32:54,173.94,100,173.98,200,173.94,100
352,0.35,0.18,0.17,9.8,09:33:09,173.83,500,173.86,100,173.8722,3000
354,2.19,1.96,0.23,12.57,09:33:12,173.83,500,173.88,600,173.8595,800
356,2.15,1.91,0.24,14.98,09:33:14,173.83,500,173.87,500,173.87,100
433,0.26,0.07,0.19,43.81000000000001,09:33:43,173.76,200,173.8,300,173.79,100
440,0.45,0.25,0.2,46.19000000000002,09:33:46,173.76,200,173.8,300,173.78,100
475,0.32,0.09,0.23,58.21000000000001,09:33:58,173.81,100,173.85,100,173.8356,600
492,0.34,0.14,0.2,4.010000000000001,09:34:04,173.8,100,173.84,100,173.8195,140
508,1.78,1.57,0.21,11.239999999999998,09:34:11,173.82,100,173.87,500,173.8383,1500
513,2.17,1.87,0.3,16.61,09:34:16,173.86,400,173.93,1000,173.895,100
514,3.77,3.6,0.17,20.38,09:34:20,173.86,300,173.91,200,173.91,100
527,0.43,0.21,0.22,26.20999999999999,09:34:26,173.88,400,173.9,200,173.8864,2000
551,0.47,0.25,0.22,35.97,09:34:35,173.89,100,173.92,300,173.905,100
552,0.5800000000000001,0.25,0.33,36.55,09:34:36,173.9,100,173.94,900,173.92,300
577,0.43,0.14,0.29,46.29999999999999,09:34:46,173.88,100,173.91,100,173.8839,100
583,0.31,0.13,0.18,48.12999999999999,09:34:48,173.87,300,173.9,300,173.8999,100
614,0.38,0.08,0.3,0.0,09:35:00,173.93,400,173.97,200,173.9699,225
618,0.34,0.07,0.27,5.17,09:35:05,173.94,500,173.98,700,173.9401,300
621,0.33,0.07,0.26,6.3500000000000005,09:35:06,173.94,500,173.98,1000,173.9656,500
628,0.45,0.22,0.23,16.62,09:35:16,173.93,100,173.95,100,173.9306,100
641,0.4,0.18,0.22,22.53,09:35:22,173.95,200,173.98,200,173.965,500
647,0.43000000000000005,0.16,0.27,24.77,09:35:24,173.95,200,173.98,200,173.9581,500
653,0.44,0.22,0.22,26.840000000000003,09:35:26,173.97,500,173.99,300,173.98,100
657,0.54,0.28,0.26,28.75,09:35:28,173.97,2000,174.0,1700,173.985,663
662,0.56,0.29,0.27,30.749999999999996,09:35:30,173.99,200,174.01,1100,174.01,100
689,0.28,0.07,0.21,40.66000000000001,09:35:40,174.02,100,174.04,200,174.0312,1000
690,0.33,0.08,0.25,40.99000000000001,09:35:40,174.03,100,174.05,1100,174.04,100
695,0.6200000000000001,0.28,0.34,42.92,09:35:42,174.0,300,174.03,100,174.0136,200
701,0.26,0.08,0.18,44.800000000000004,09:35:44,174.03,300,174.05,1100,174.035,100
713,0.27,0.07,0.2,48.48000000000001,09:35:48,174.04,200,174.06,100,174.055,100
714,0.44,0.26,0.18,48.92000000000001,09:35:48,174.04,300,174.06,100,174.06,100
733,0.35,0.19,0.16,54.79000000000001,09:35:54,174.0,2000,174.03,200,174.011,200
748,0.4,0.22,0.18,58.740000000000016,09:35:58,174.01,400,174.04,300,174.0233,500
759,0.38,0.21,0.17,2.25,09:36:02,174.04,400,174.06,300,174.046,500
778,0.39,0.21,0.18,16.39,09:36:16,174.06,800,174.1,20400,174.0793,400
785,0.42,0.21,0.21,22.46,09:36:22,174.05,500,174.09,200,174.075,200
795,0.33,0.1,0.23,26.310000000000006,09:36:26,174.0,500,174.03,200,174.0186,100
814,0.5800000000000001,0.19,0.39,34.5,09:36:34,173.92,200,173.97,400,173.94299999999998,200
882,0.47000000000000003,0.08,0.39,4.37,09:37:04,173.91,500,173.95,1200,173.922,500
898,1.7399999999999998,1.38,0.36,14.26,09:37:14,173.83,900,173.87,1000,173.845,100
902,0.39,0.14,0.25,18.95,09:37:18,173.8,200,173.84,1000,173.835,100
905,0.42000000000000004,0.1,0.32,20.169999999999998,09:37:20,173.78,400,173.8,200,173.795,550
914,0.41000000000000003,0.21,0.2,24.31,09:37:24,173.71,100,173.75,500,173.71099999999998,100
918,0.49,0.14,0.35,26.169999999999998,09:37:26,173.71,400,173.75,200,173.71,100
926,0.53,0.1,0.43,30.270000000000003,09:37:30,173.75,200,173.78,200,173.77700000000002,143
948,0.46,0.19,0.27,39.980000000000004,09:37:39,173.75,1700,173.78,300,173.7788,600
949,0.4,0.09,0.31,40.38,09:37:40,173.75,1700,173.78,700,173.7636,100
1002,0.42,0.07,0.35,1.98,09:38:01,173.89,200,173.94,900,173.915,100
1028,0.34,0.08,0.26,17.89,09:38:17,173.85,300,173.9,100,173.8825,100
1035,0.55,0.19,0.36,22.27,09:38:22,173.91,200,173.94,100,173.9205,1000
1039,0.49,0.07,0.42,24.03,09:38:24,173.94,600,173.97,100,173.967,152
1060,0.33,0.08,0.25,34.05999999999999,09:38:34,173.9,200,173.93,300,173.9038,2300
1099,0.58,0.23,0.35,49.90999999999998,09:38:49,173.94,200,173.97,400,173.96900000000002,150
1127,0.44,0.18,0.26,0.0,09:39:00,173.94,200,173.98,400,173.9575,380
1149,0.26,0.07,0.19,12.63,09:39:12,173.96,300,173.99,200,173.9897,100
1156,0.27,0.07,0.2,15.89,09:39:15,174.0,600,174.01,100,174.005,200
1157,0.61,0.37,0.24,16.5,09:39:16,174.03,600,174.04,100,174.0201,195
1161,0.37,0.09,0.28,20.320000000000004,09:39:20,174.02,600,174.04,200,174.03,2071
1166,0.45,0.13,0.32,22.350000000000005,09:39:22,174.02,100,174.04,200,174.0225,100
1177,0.36,0.15,0.21,26.090000000000007,09:39:26,174.0,200,174.02,200,174.0098,135
1197,0.53,0.17,0.36,34.15000000000001,09:39:34,174.01,100,174.03,100,174.0232,400
1207,0.38,0.07,0.31,38.430000000000014,09:39:38,174.01,100,174.03,500,174.0144,5000
1210,0.49,0.19,0.3,39.84000000000002,09:39:39,174.01,100,174.03,500,174.0137,100
1232,0.28,0.07,0.21,48.11000000000003,09:39:48,173.98,200,174.01,700,173.995,100
1261,0.35,0.17,0.18,0.0,09:40:00,173.98,200,174.01,1000,173.9968,143
1269,2.0100000000000002,1.81,0.2,5.08,09:40:05,173.92,200,173.95,400,173.9288,625
1281,1.3,0.91,0.39,10.76,09:40:10,173.99,400,174.02,800,173.9996,2000
1294,4.24,3.94,0.3,21.129999999999995,09:40:21,173.96,200,173.98,200,173.9684,100
1336,0.44,0.2,0.24,35.94,09:40:35,173.94,100,173.96,1000,173.945,225
1337,0.48,0.21,0.27,36.419999999999995,09:40:36,173.94,400,173.96,600,173.9524,2000
1346,0.45,0.19,0.26,39.949999999999996,09:40:39,173.97,400,173.98,100,173.9744,200
1352,0.44,0.24,0.2,42.33999999999999,09:40:42,173.94,300,173.96,100,173.9414,200
1410,0.4,0.2,0.2,6.090000000000001,09:41:06,173.77,1000,173.8,500,173.7899,200
1417,0.42000000000000004,0.22,0.2,8.15,09:41:08,173.64,700,173.69,300,173.69,100
1430,0.3,0.08,0.22,14.68,09:41:14,173.58,400,173.62,700,173.6,100
1434,0.97,0.67,0.3,16.779999999999998,09:41:16,173.57,200,173.61,900,173.58,100
1435,0.28,0.08,0.2,17.06,09:41:17,173.57,200,173.61,900,173.57,100
1438,0.28,0.07,0.21,18.05,09:41:18,173.6,500,173.61,100,173.61,100
1440,0.31,0.08,0.23,22.33,09:41:22,173.61,100,173.63,200,173.6224,150
1443,0.36,0.18,0.18,23.549999999999997,09:41:23,173.61,200,173.63,200,173.6229,100
1451,0.31,0.08,0.23,26.179999999999996,09:41:26,173.56,1300,173.61,400,173.5601,202
1476,0.26,0.08,0.18,34.239999999999995,09:41:34,173.61,700,173.63,200,173.63,100
1487,0.31,0.12,0.19,38.04999999999999,09:41:38,173.61,700,173.63,100,173.6155,106
1503,0.3,0.08,0.22,44.209999999999994,09:41:44,173.68,300,173.69,200,173.68,100
1509,0.35,0.15,0.2,46.279999999999994,09:41:46,173.65,100,173.67,200,173.66,100
1528,0.33,0.07,0.26,54.33,09:41:54,173.65,200,173.67,100,173.6547,119
1554,4.06,3.67,0.39,8.559999999999999,09:42:08,173.63,100,173.66,600,173.6334,250
1560,2.34,2.03,0.31,13.59,09:42:13,173.66,200,173.67,600,173.6588,100
1606,0.48,0.22,0.26,36.20999999999999,09:42:36,173.64,100,173.67,400,173.655,300
1610,0.42000000000000004,0.19,0.23,37.85999999999999,09:42:37,173.65,100,173.66,100,173.6533,100
1614,0.42,0.07,0.35,40.19999999999999,09:42:40,173.66,200,173.67,200,173.6627,200
1622,0.33,0.07,0.26,43.80999999999999,09:42:43,173.68,100,173.69,200,173.6856,200
1680,0.45,0.2,0.25,5.66,09:43:05,173.66,100,173.68,1500,173.6709,226
1685,0.29000000000000004,0.07,0.22,7.59,09:43:07,173.67,200,173.68,100,173.67,100
1701,0.37,0.17,0.2,16.050000000000004,09:43:16,173.72,100,173.73,100,173.72,100
1703,1.58,1.25,0.33,19.130000000000003,09:43:19,173.73,200,173.74,200,173.74,146
1710,0.44,0.12,0.32,21.85,09:43:21,173.73,200,173.75,200,173.7371,500
1715,0.32,0.08,0.24,23.709999999999997,09:43:23,173.74,200,173.75,200,173.7432,1000
1721,0.32,0.08,0.24,25.97,09:43:25,173.75,200,173.77,200,173.7555,200
1730,0.3,0.08,0.22,29.57,09:43:29,173.76,100,173.78,200,173.7684,500
1810,0.54,0.21,0.33,2.1500000000000004,09:44:02,173.7,100,173.73,700,173.7099,200
1815,0.33,0.07,0.26,4.07,09:44:04,173.7,200,173.73,400,173.715,100
1822,0.36,0.18,0.18,6.13,09:44:06,173.7,200,173.73,400,173.7136,300
1858,0.36000000000000004,0.08,0.28,26.199999999999996,09:44:26,173.82,100,173.85,100,173.8368,2500
1873,0.36,0.14,0.22,32.059999999999995,09:44:32,173.81,500,173.85,800,173.8286,900
1904,0.4,0.2,0.2,44.07,09:44:44,173.84,200,173.87,100,173.8548,100
1910,0.34,0.14,0.2,46.11000000000001,09:44:46,173.85,100,173.86,100,173.8525,500
1921,0.41000000000000003,0.17,0.24,50.050000000000004,09:44:50,173.86,600,173.88,100,173.86599999999999,100
1933,0.41000000000000003,0.18,0.23,53.88000000000001,09:44:53,173.87,200,173.88,100,173.8712,345
1970,1.2,0.89,0.31,12.739999999999998,09:45:12,173.9,100,173.93,100,173.9086,1000
1972,1.42,1.15,0.27,14.759999999999998,09:45:14,173.86,1000,173.9,100,173.8888,300
1977,1.44,1.19,0.25,18.77,09:45:18,173.85,200,173.87,100,173.8503,200
1981,0.5,0.2,0.3,20.28,09:45:20,173.87,100,173.89,300,173.8799,1500
1985,0.5700000000000001,0.28,0.29,21.990000000000002,09:45:21,173.89,100,173.91,100,173.8987,100
2001,0.5800000000000001,0.27,0.31,28.230000000000004,09:45:28,173.91,100,173.93,200,173.9237,100
2030,0.38,0.2,0.18,39.75000000000002,09:45:39,173.98,200,174.0,1000,173.9995,300
2046,0.41000000000000003,0.15,0.26,45.80000000000002,09:45:45,173.99,200,174.03,800,174.0123,175
2056,0.51,0.28,0.23,49.86000000000002,09:45:49,173.93,700,174.0,100,173.9808,100
2071,0.53,0.25,0.28,55.84000000000002,09:45:55,173.94,400,173.97,100,173.9536,200
2076,0.34,0.07,0.27,57.87000000000002,09:45:57,173.95,100,173.98,400,173.979,1900
2093,0.32,0.07,0.25,1.8700000000000003,09:46:01,173.92,100,173.94,100,173.9275,100
2098,0.31,0.08,0.23,4.01,09:46:04,173.92,600,173.95,100,173.937,100
2103,0.44999999999999996,0.21,0.24,5.959999999999999,09:46:05,173.93,100,173.95,100,173.9208,100
2115,0.34,0.08,0.26,13.95,09:46:13,173.97,500,174.01,400,173.9824,100
2120,0.46,0.14,0.32,20.340000000000003,09:46:20,173.92,200,173.96,400,173.9452,1000
2124,0.31,0.09,0.22,21.930000000000003,09:46:21,173.96,100,173.98,200,173.9799,200
2140,0.30000000000000004,0.07,0.23,28.130000000000003,09:46:28,173.99,200,174.02,200,174.0001,1404
2164,0.44999999999999996,0.21,0.24,36.32000000000001,09:46:36,174.03,500,174.05,2700,174.0475,1000
2221,0.44,0.22,0.22,56.23000000000003,09:46:56,174.07,200,174.1,8700,174.085,100
2233,0.25,0.07,0.18,2.02,09:47:02,174.06,500,174.08,200,174.0734,100
2239,0.28,0.07,0.21,4.04,09:47:04,174.07,100,174.1,8700,174.0889,296
2245,0.37,0.08,0.29,6.360000000000001,09:47:06,174.04,100,174.07,1100,174.0508,500
2255,0.26,0.08,0.18,10.06,09:47:10,174.07,200,174.1,8600,174.0997,200
2259,0.29,0.08,0.21,16.1,09:47:16,174.14,100,174.16,800,174.157,200
2263,1.56,1.22,0.34,18.969999999999995,09:47:18,174.13,100,174.16,700,174.1301,350
2264,0.27,0.09,0.18,19.239999999999995,09:47:19,174.12,100,174.16,700,174.12,100
2267,0.36,0.18,0.18,20.129999999999995,09:47:20,174.12,200,174.16,100,174.16,4700
2283,0.46,0.23,0.23,25.999999999999993,09:47:25,174.16,100,174.18,200,174.15,100
2289,0.31,0.08,0.23,27.989999999999995,09:47:27,174.08,200,174.11,300,174.1,200
2290,0.28,0.09,0.19,28.269999999999996,09:47:28,174.08,200,174.11,100,174.0926,2500
2295,0.44999999999999996,0.09,0.36,30.199999999999992,09:47:30,174.09,1300,174.12,100,174.0956,100
2300,0.54,0.2,0.34,32.56999999999999,09:47:32,174.1,100,174.13,400,174.1169,125
2309,0.32999999999999996,0.09,0.24,36.40999999999999,09:47:36,174.18,200,174.19,500,174.18,100
2315,0.25,0.07,0.18,38.16,09:47:38,174.17,200,174.19,400,174.1501,281
2328,0.3,0.09,0.21,42.06999999999999,09:47:42,174.15,500,174.19,1100,174.176,600
2334,0.6499999999999999,0.24,0.41,44.67999999999999,09:47:44,174.14,200,174.18,400,174.1701,500
2338,0.48,0.24,0.24,46.259999999999984,09:47:46,174.14,200,174.18,700,174.141,200
2343,0.5900000000000001,0.27,0.32,48.38999999999999,09:47:48,174.14,300,174.18,600,174.17,100
2347,0.42,0.21,0.21,50.059999999999995,09:47:50,174.14,300,174.18,200,174.14,100
2362,0.37,0.09,0.28,56.06999999999998,09:47:56,174.1,700,174.14,400,174.1041,100
2367,0.33,0.14,0.19,57.95999999999998,09:47:57,174.11,500,174.14,400,174.1304,2000
2383,0.44,0.26,0.18,3.8000000000000003,09:48:03,174.16,200,174.2,600,174.171,1000
2394,0.28,0.07,0.21,7.680000000000001,09:48:07,174.16,100,174.17,600,174.1644,100
2398,0.35000000000000003,0.07,0.28,9.81,09:48:09,174.16,100,174.18,100,174.1614,100
2414,3.29,3.03,0.26,20.97,09:48:20,174.19,500,174.2,100,174.2,200
2423,0.37,0.14,0.23,23.729999999999997,09:48:23,174.2,100,174.21,2400,174.19,100
2429,0.25,0.07,0.18,25.839999999999996,09:48:25,174.19,100,174.21,2400,174.21,200
2453,0.43000000000000005,0.23,0.2,34.01,09:48:34,174.19,200,174.21,1800,174.1902,400
2474,0.5900000000000001,0.25,0.34,42.129999999999995,09:48:42,174.2,200,174.22,300,174.205,100
2485,0.34,0.07,0.27,45.93,09:48:45,174.22,200,174.24,100,174.2214,1000
2490,0.33999999999999997,0.13,0.21,47.94,09:48:47,174.23,400,174.24,100,174.23,500
2496,0.41000000000000003,0.21,0.2,49.73,09:48:49,174.24,100,174.25,2500,174.25,136
2502,0.25,0.07,0.18,51.68,09:48:51,174.25,300,174.27,200,174.26,200
2508,0.30000000000000004,0.07,0.23,53.71000000000001,09:48:53,174.26,100,174.27,100,174.2612,200
2514,0.49,0.27,0.22,55.850000000000016,09:48:55,174.27,200,174.28,100,174.27,100
2524,0.51,0.2,0.31,0.0,09:49:00,174.22,100,174.23,200,174.2188,130
2528,0.48000000000000004,0.2,0.28,1.6800000000000002,09:49:01,174.22,100,174.23,200,174.2208,500
2531,0.31,0.09,0.22,2.8000000000000003,09:49:02,174.21,200,174.22,200,174.22,100
2543,2.41,1.99,0.42,11.760000000000002,09:49:11,174.13,200,174.14,200,174.1344,200
2544,0.45,0.18,0.27,12.21,09:49:12,174.12,200,174.14,300,174.1259,229
2550,2.28,1.94,0.34,20.35,09:49:20,174.08,100,174.1,300,174.093,500
2554,0.4,0.21,0.19,21.66,09:49:21,174.05,100,174.08,100,174.0694,500
2559,0.37,0.09,0.28,23.630000000000003,09:49:23,174.05,100,174.07,100,174.049,800
2565,0.4,0.08,0.32,25.950000000000003,09:49:25,174.04,500,174.08,500,174.065,200
2569,0.66,0.23,0.43,28.150000000000002,09:49:28,174.04,100,174.07,200,174.0613,1000
2572,0.5800000000000001,0.2,0.38,29.67,09:49:29,174.03,400,174.04,100,174.0441,230
2577,0.4,0.07,0.33,31.84,09:49:31,174.0,600,174.02,200,174.015,400
2605,0.43,0.18,0.25,43.9,09:49:43,174.08,200,174.13,500,174.11,200
2616,0.33,0.07,0.26,47.74,09:49:47,174.13,100,174.18,600,174.149,2000
2621,0.38,0.17,0.21,49.580000000000005,09:49:49,174.16,200,174.18,100,174.1713,100
2644,0.43,0.21,0.22,57.780000000000015,09:49:57,174.2,300,174.23,100,174.2073,120
2663,0.4,0.07,0.33,6.07,09:50:06,174.18,500,174.21,200,174.1953,300
2683,3.7800000000000002,3.45,0.33,21.87,09:50:21,174.23,100,174.25,500,174.24,100
2706,0.30000000000000004,0.07,0.23,30.060000000000002,09:50:30,174.26,500,174.27,200,174.28,100
2712,0.5,0.27,0.23,32.290000000000006,09:50:32,174.27,400,174.3,1000,174.2955,100
2720,0.59,0.24,0.35,36.040000000000006,09:50:36,174.29,400,174.31,400,174.31,100
2725,0.27,0.07,0.2,38.13000000000002,09:50:38,174.29,400,174.31,400,174.29,173
2731,0.29000000000000004,0.12,0.17,39.91000000000001,09:50:39,174.31,400,174.32,100,174.32,100
2737,0.42,0.24,0.18,42.220000000000006,09:50:42,174.31,700,174.32,100,174.3143,100
2748,0.25,0.07,0.18,46.000000000000014,09:50:46,174.31,600,174.32,100,174.3135,500
2756,0.34,0.07,0.27,53.85000000000002,09:50:53,174.25,400,174.27,500,174.2572,500
2791,0.26,0.07,0.19,6.019999999999999,09:51:06,174.16,400,174.19,400,174.175,400
2804,0.38,0.16,0.22,16.029999999999998,09:51:16,174.21,200,174.24,700,174.215,1000
2807,1.46,1.23,0.23,18.13,09:51:18,174.21,800,174.24,400,174.2224,300
2820,0.6799999999999999,0.27,0.41,23.52,09:51:23,174.24,100,174.25,600,174.245,100
2853,0.48,0.22,0.26,36.11,09:51:36,174.27,100,174.28,100,174.2791,850
2864,0.34,0.08,0.26,39.849999999999994,09:51:39,174.27,100,174.29,400,174.2773,300
2875,0.41000000000000003,0.2,0.21,43.91999999999998,09:51:43,174.27,200,174.29,800,174.2867,100
2880,0.34,0.07,0.27,46.009999999999984,09:51:46,174.29,800,174.3,2100,174.2915,1000
2885,0.45999999999999996,0.22,0.24,47.719999999999985,09:51:47,174.29,800,174.3,2100,174.3,500
2890,0.32,0.07,0.25,49.539999999999985,09:51:49,174.28,8900,174.3,2400,174.297,100
2948,0.29000000000000004,0.07,0.22,17.930000000000003,09:52:17,174.33,900,174.35,3500,174.34,200
2953,0.25,0.07,0.18,19.970000000000002,09:52:19,174.33,1200,174.35,100,174.36,100
2966,0.25,0.08,0.17,24.080000000000002,09:52:24,174.33,100,174.34,200,174.321,1000
2992,0.39,0.19,0.2,32.07,09:52:32,174.34,400,174.35,400,174.3407,100
2998,0.28,0.09,0.19,34.19,09:52:34,174.36,500,174.38,100,174.37,100
3003,0.3,0.09,0.21,35.86,09:52:35,174.38,100,174.39,900,174.38,100
3004,0.26,0.07,0.19,36.12,09:52:36,174.38,200,174.4,1000,174.39,100
3014,0.5,0.18,0.32,40.24,09:52:40,174.36,400,174.4,500,174.375,300
3018,0.36,0.07,0.29,42.25,09:52:42,174.36,600,174.4,1000,174.361,626
3024,0.32,0.12,0.2,44.09,09:52:44,174.4,300,174.42,100,174.4112,100
3030,0.39,0.22,0.17,46.13000000000001,09:52:46,174.4,800,174.44,600,174.41,433
3036,0.37,0.17,0.2,48.03000000000001,09:52:48,174.41,200,174.43,200,174.4224,200
3046,0.38,0.21,0.17,51.77000000000001,09:52:51,174.38,800,174.41,300,174.4,100
3059,0.47,0.3,0.17,56.35,09:52:56,174.42,100,174.44,400,174.423,100
3065,0.32999999999999996,0.12,0.21,58.169999999999995,09:52:58,174.42,100,174.44,200,174.44,100
3075,0.6,0.23,0.37,2.08,09:53:02,174.44,500,174.46,100,174.45,100
3080,0.26,0.07,0.19,3.7800000000000002,09:53:03,174.47,300,174.49,1400,174.48,100
3085,0.29000000000000004,0.09,0.2,5.9399999999999995,09:53:05,174.48,200,174.5,8100,174.4916,100
3087,3.0,2.81,0.19,9.41,09:53:09,174.49,500,174.5,8100,174.4901,250
3093,3.09,2.82,0.27,14.209999999999999,09:53:14,174.49,200,174.5,7700,174.5,100
3094,0.26,0.07,0.19,14.469999999999999,09:53:14,174.51,200,174.52,3700,174.52,200
3102,1.28,1.0,0.28,18.599999999999998,09:53:18,174.49,600,174.52,100,174.505,200
3106,0.75,0.54,0.21,20.21,09:53:20,174.52,100,174.53,100,174.53,100
3111,0.29000000000000004,0.09,0.2,21.8,09:53:21,174.53,400,174.55,2200,174.54,100
3116,0.44,0.23,0.21,23.810000000000002,09:53:23,174.52,500,174.55,200,174.5413,100
3121,0.37,0.19,0.18,25.640000000000004,09:53:25,174.52,100,174.55,200,174.521,2500
3133,0.29000000000000004,0.09,0.2,29.60000000000001,09:53:29,174.47,500,174.49,100,174.4701,100
3140,0.34,0.17,0.17,31.650000000000002,09:53:31,174.45,500,174.47,100,174.47,100
3146,0.36,0.18,0.18,33.63,09:53:33,174.45,200,174.48,300,174.4684,2199
3152,0.4,0.23,0.17,35.65,09:53:35,174.45,200,174.47,100,174.4568,2500
3158,0.42,0.24,0.18,37.73,09:53:37,174.45,100,174.47,300,174.46,149
3207,0.38,0.22,0.16,53.66999999999996,09:53:53,174.39,300,174.42,100,174.4197,300
3214,0.24000000000000002,0.07,0.17,55.72999999999997,09:53:55,174.4,200,174.42,100,174.42,100
3233,0.35,0.09,0.26,1.81,09:54:01,174.4,200,174.41,100,174.4053,100
3234,0.34,0.08,0.26,2.15,09:54:02,174.39,1000,174.43,700,174.43,100
3261,0.45,0.27,0.18,24.060000000000006,09:54:24,174.48,600,174.52,300,174.4911,100
3295,0.27,0.08,0.19,34.02,09:54:34,174.52,600,174.54,200,174.5399,1000
3301,0.41000000000000003,0.21,0.2,36.14000000000001,09:54:36,174.52,600,174.54,200,174.5386,350
3317,0.39,0.21,0.18,41.870000000000005,09:54:41,174.52,500,174.54,300,174.5291,200
3329,0.24000000000000002,0.07,0.17,45.69000000000001,09:54:45,174.53,600,174.54,400,174.535,100
3342,0.33,0.17,0.16,49.75000000000002,09:54:49,174.57,200,174.59,1000,174.58,191
3349,0.39,0.2,0.19,51.83000000000003,09:54:51,174.62,100,174.65,1100,174.62,100
3354,0.44999999999999996,0.21,0.24,53.90000000000003,09:54:53,174.63,100,174.65,1000,174.64,100
3361,0.32,0.13,0.19,56.11000000000003,09:54:56,174.6,200,174.63,1000,174.6147,100
3367,0.36,0.18,0.18,58.05000000000003,09:54:58,174.59,400,174.62,200,174.6014,250
3372,0.26,0.09,0.17,0.0,09:55:00,174.57,100,174.6,300,174.6,100
3373,0.43,0.25,0.18,0.43,09:55:00,174.56,400,174.59,100,174.59,100
3378,0.35,0.12,0.23,2.14,09:55:02,174.54,900,174.58,200,174.5401,100
3384,0.4,0.1,0.3,4.3,09:55:04,174.54,600,174.58,600,174.574,1000
3387,1.64,1.43,0.21,6.67,09:55:06,174.55,300,174.57,100,174.5601,100
3388,0.32,0.07,0.25,6.99,09:55:06,174.55,300,174.57,100,174.57,100
3389,1.5,1.26,0.24,8.49,09:55:08,174.58,100,174.59,100,174.5801,1007
3392,0.29,0.08,0.21,11.95,09:55:11,174.54,500,174.56,100,174.55,100
3424,0.38,0.12,0.26,26.159999999999993,09:55:26,174.51,100,174.52,100,174.5087,200
3444,0.6799999999999999,0.25,0.43,34.559999999999995,09:55:34,174.48,300,174.51,1000,174.4945,1000
3453,0.38,0.08,0.3,37.94,09:55:37,174.52,100,174.54,500,174.5326,500
3477,0.6000000000000001,0.27,0.33,47.320000000000014,09:55:47,174.6,300,174.63,200,174.63,100
3489,0.43000000000000005,0.23,0.2,52.110000000000014,09:55:52,174.62,100,174.64,100,174.627,1000
3494,0.3,0.09,0.21,53.90000000000001,09:55:53,174.62,300,174.64,100,174.6211,100
3500,0.47,0.22,0.25,56.16000000000002,09:55:56,174.59,100,174.62,200,174.61,100
3505,0.48,0.24,0.24,58.420000000000016,09:55:58,174.61,100,174.63,100,174.6176,300
3543,0.91,0.66,0.25,20.380000000000003,09:56:20,174.6,600,174.63,100,174.6162,100
3568,0.55,0.21,0.34,30.299999999999997,09:56:30,174.54,900,174.57,200,174.56,300
3581,0.48000000000000004,0.2,0.28,36.22999999999999,09:56:36,174.5,900,174.53,400,174.5299,2000
3586,0.36,0.09,0.27,38.03999999999999,09:56:38,174.49,1100,174.53,400,174.5075,200
3610,0.25,0.08,0.17,45.88999999999999,09:56:45,174.5,300,174.53,300,174.519,1000
3628,0.32,0.07,0.25,51.93999999999999,09:56:51,174.48,100,174.52,300,174.4997,100
3646,0.33999999999999997,0.13,0.21,57.86000000000001,09:56:57,174.51,100,174.54,500,174.525,100
3663,0.28,0.07,0.21,4.12,09:57:04,174.55,100,174.57,500,174.563,500
3673,3.0,2.75,0.25,14.75,09:57:14,174.57,100,174.59,100,174.571,500
3688,0.37,0.12,0.25,23.880000000000003,09:57:23,174.53,100,174.56,200,174.545,200
3693,0.29000000000000004,0.07,0.22,25.860000000000003,09:57:25,174.53,100,174.56,200,174.55900000000003,2000
3729,0.25,0.07,0.18,38.08000000000001,09:57:38,174.56,200,174.59,700,174.5881,100
3740,0.38,0.17,0.21,41.970000000000006,09:57:41,174.56,500,174.59,400,174.575,144
3747,0.29000000000000004,0.07,0.22,44.13,09:57:44,174.56,500,174.59,300,174.56099999999998,500
3772,0.26,0.07,0.19,51.830000000000005,09:57:51,174.56,500,174.59,300,174.5771,300
3778,0.26,0.07,0.19,54.03,09:57:54,174.56,600,174.59,300,174.5731,125
3795,0.33999999999999997,0.12,0.22,0.0,09:58:00,174.55,200,174.58,900,174.5633,100
3833,0.24000000000000002,0.07,0.17,25.98,09:58:25,174.49,1300,174.53,300,174.52900000000002,100
3845,0.37,0.2,0.17,30.03000000000001,09:58:30,174.48,300,174.51,100,174.51,100
3858,0.35,0.16,0.19,33.99000000000001,09:58:33,174.44,500,174.51,400,174.49,200
3864,0.28,0.07,0.21,36.00000000000001,09:58:36,174.44,500,174.5,200,174.4834,300
3869,0.37,0.17,0.2,38.0,09:58:38,174.45,100,174.51,400,174.50900000000001,500
3891,0.42,0.21,0.21,46.059999999999995,09:58:46,174.48,200,174.51,900,174.495,100
3897,0.28,0.08,0.2,47.81999999999999,09:58:47,174.49,600,174.51,100,174.4882,400
3908,0.3,0.09,0.21,52.04,09:58:52,174.49,300,174.52,200,174.5031,100
3936,0.27,0.08,0.19,1.96,09:59:01,174.43,500,174.46,600,174.4409,1000
3943,0.39,0.21,0.18,6.269999999999999,09:59:06,174.35,300,174.42,900,174.36599999999999,1500
3949,2.23,1.97,0.26,9.989999999999998,09:59:09,174.35,500,174.4,100,174.351,200
3978,0.26,0.08,0.18,22.13,09:59:22,174.41,100,174.44,100,174.4166,710
3984,0.3,0.12,0.18,24.14,09:59:24,174.41,100,174.44,100,174.4397,100
3990,0.25,0.07,0.18,25.98,09:59:25,174.41,500,174.44,100,174.4269,150
4008,0.26,0.08,0.18,32.169999999999995,09:59:32,174.42,200,174.45,200,174.43200000000002,250
4014,0.34,0.17,0.17,34.12,09:59:34,174.42,200,174.45,200,174.435,100
4021,0.25,0.08,0.17,36.1,09:59:36,174.42,200,174.45,200,174.4326,100
4039,0.32,0.09,0.23,42.24000000000001,09:59:42,174.43,300,174.46,300,174.4514,300
4054,0.44,0.18,0.26,48.110000000000014,09:59:48,174.4,300,174.44,100,174.4306,1700
4099,0.39,0.07,0.32,4.13,10:00:04,174.39,200,174.44,100,174.415,400
4133,0.46,0.18,0.28,26.340000000000007,10:00:26,174.49,1000,174.52,200,174.5096,200
4159,0.5,0.24,0.26,38.279999999999994,10:00:38,174.31,1000,174.35,500,174.35,100
4169,0.32,0.07,0.25,42.40999999999999,10:00:42,174.32,400,174.35,300,174.3404,2000
4179,0.56,0.25,0.31,46.48999999999999,10:00:46,174.36,100,174.39,500,174.3675,100
4190,0.54,0.08,0.46,52.66999999999998,10:00:52,174.44,200,174.47,600,174.4575,100
4193,0.6799999999999999,0.2,0.48,54.37999999999998,10:00:54,174.42,400,174.46,400,174.4423,500
4196,0.74,0.17,0.57,56.49999999999998,10:00:56,174.42,400,174.45,300,174.4201,2000
4218,0.6799999999999999,0.43,0.25,7.77,10:01:07,174.31,100,174.33,200,174.31099999999998,108
4222,2.2,1.96,0.24,13.41,10:01:13,174.33,100,174.34,400,174.3365,103
4223,0.41000000000000003,0.18,0.23,13.82,10:01:13,174.33,100,174.35,200,174.3499,100
4227,0.28,0.08,0.2,15.86,10:01:15,174.33,200,174.35,200,174.3373,300
4232,0.42,0.21,0.21,17.64,10:01:17,174.31,100,174.33,100,174.33,100
4238,0.27,0.07,0.2,21.480000000000004,10:01:21,174.31,300,174.33,500,174.328,500
4256,0.29000000000000004,0.09,0.2,27.43,10:01:27,174.32,300,174.35,800,174.3305,500
4269,0.32,0.13,0.19,31.590000000000003,10:01:31,174.33,200,174.35,700,174.3416,150
4279,0.45,0.23,0.22,35.40000000000001,10:01:35,174.33,200,174.35,700,174.342,500
4353,0.35,0.18,0.17,0.0,10:02:00,174.3,1100,174.31,100,174.3027,200
4360,0.26,0.08,0.18,1.9700000000000002,10:02:01,174.27,100,174.31,200,174.2926,250
4367,0.32,0.08,0.24,4.23,10:02:04,174.27,100,174.31,400,174.2701,100
4371,1.8699999999999999,1.65,0.22,7.380000000000001,10:02:07,174.26,200,174.3,400,174.2781,174
4380,4.4399999999999995,4.26,0.18,20.14,10:02:20,174.24,100,174.27,100,174.2562,161
4392,0.27,0.09,0.18,24.009999999999998,10:02:24,174.27,100,174.29,100,174.2853,1000
4410,0.38,0.09,0.29,30.20999999999999,10:02:30,174.29,100,174.32,100,174.291,200
4438,0.32,0.08,0.24,40.00000000000001,10:02:40,174.35,100,174.36,100,174.3549,100
4489,0.35000000000000003,0.07,0.28,58.14000000000003,10:02:58,174.32,400,174.35,400,174.3314,150
4494,0.36,0.12,0.24,0.0,10:03:00,174.33,300,174.34,100,174.3342,250
4545,0.29000000000000004,0.09,0.2,23.840000000000003,10:03:23,174.3,400,174.32,100,174.3092,500
4557,0.39,0.21,0.18,27.910000000000004,10:03:27,174.24,100,174.27,400,174.2618,400
4569,0.28,0.07,0.21,31.81000000000001,10:03:31,174.24,400,174.27,400,174.2564,150
4576,0.35,0.18,0.17,33.940000000000005,10:03:33,174.24,400,174.27,400,174.2401,123
4583,0.23,0.07,0.16,35.86000000000001,10:03:35,174.27,200,174.3,100,174.285,100
4589,0.36,0.2,0.16,37.86,10:03:37,174.28,100,174.3,100,174.2828,1200
4632,0.4,0.21,0.19,51.69,10:03:51,174.29,100,174.3,300,174.295,100
4683,2.75,2.41,0.34,19.63,10:04:19,174.32,400,174.35,600,174.335,100
4702,0.47000000000000003,0.13,0.34,26.24,10:04:26,174.33,300,174.35,600,174.3367,100
4712,0.32,0.08,0.24,30.070000000000007,10:04:30,174.33,400,174.35,700,174.3382,100
4782,0.74,0.2,0.54,58.709999999999994,10:04:58,174.31,300,174.32,800,174.315,376
4844,0.44,0.22,0.22,29.929999999999996,10:05:29,174.28,100,174.3,1000,174.298,500
4857,0.4,0.22,0.18,34.0,10:05:34,174.29,200,174.3,900,174.2949,460
4862,0.39,0.21,0.18,35.669999999999995,10:05:35,174.29,100,174.32,400,174.3032,200
4869,0.26,0.08,0.18,37.82999999999999,10:05:37,174.29,100,174.32,800,174.3203,100
4886,0.39,0.09,0.3,43.929999999999986,10:05:43,174.3,100,174.32,100,174.3101,260
4922,0.39,0.22,0.17,57.71999999999997,10:05:57,174.32,200,174.33,300,174.3207,100
4928,0.37,0.19,0.18,0.0,10:06:00,174.32,200,174.33,300,174.3246,300
4939,1.7,1.53,0.17,7.920000000000001,10:06:07,174.32,300,174.34,800,174.3398,200
4952,2.39,2.14,0.25,18.880000000000003,10:06:18,174.3,400,174.32,300,174.3138,125
4962,0.31,0.15,0.16,24.009999999999998,10:06:24,174.25,200,174.27,100,174.2603,100
4982,0.5,0.2,0.3,30.209999999999994,10:06:30,174.24,300,174.26,600,174.2598,100
4988,0.27,0.07,0.2,31.93999999999999,10:06:31,174.24,400,174.26,400,174.2487,200
4994,0.45999999999999996,0.22,0.24,34.25999999999999,10:06:34,174.24,500,174.26,800,174.2512,1000
5005,0.41000000000000003,0.08,0.33,38.24999999999999,10:06:38,174.19,200,174.22,900,174.1921,150
5026,0.28,0.08,0.2,46.050000000000026,10:06:46,174.2,400,174.22,400,174.2051,1000
5084,1.94,1.74,0.2,6.5600000000000005,10:07:06,174.15,100,174.18,400,174.195,100
5085,0.23,0.07,0.16,6.790000000000001,10:07:06,174.14,100,174.15,100,174.1424,400
5091,2.15,1.85,0.3,13.570000000000002,10:07:13,174.08,200,174.11,1000,174.0967,300
5097,0.38,0.21,0.17,15.550000000000004,10:07:15,174.09,400,174.12,800,174.0975,200
5100,0.24000000000000002,0.07,0.17,19.580000000000002,10:07:19,174.1,600,174.14,100,174.1234,300
5149,0.45999999999999996,0.24,0.22,36.63000000000001,10:07:36,174.1,1200,174.16,300,174.1261,1000
5155,0.35,0.12,0.23,38.80000000000001,10:07:38,174.12,1000,174.17,400,174.148,1008
5175,0.36,0.15,0.21,45.830000000000005,10:07:45,174.21,700,174.24,1300,174.2398,300
5180,0.28,0.08,0.2,47.460000000000015,10:07:47,174.21,700,174.24,1300,174.21099999999998,319
5181,0.27,0.08,0.19,47.73000000000002,10:07:47,174.21,1000,174.24,1300,174.2299,500
5187,0.31,0.12,0.19,49.590000000000025,10:07:49,174.22,200,174.24,1400,174.22099999999998,120
5207,0.31,0.12,0.19,55.54000000000003,10:07:55,174.2,1900,174.22,700,174.2014,300
5262,0.30000000000000004,0.13,0.17,20.07,10:08:20,174.17,200,174.18,400,174.1727,100
5306,0.44999999999999996,0.24,0.21,36.440000000000005,10:08:36,174.19,100,174.2,100,174.18400000000003,450
5310,0.31,0.07,0.24,38.290000000000006,10:08:38,174.18,100,174.2,100,174.185,100
5349,0.30000000000000004,0.07,0.23,52.08000000000001,10:08:52,174.15,1300,174.16,100,174.1599,170
5378,4.11,3.81,0.3,6.090000000000001,10:09:06,174.16,300,174.19,400,174.1743,200
5381,3.4,3.07,0.33,10.88,10:09:10,174.18,200,174.2,200,174.1998,100
5407,0.33,0.07,0.26,25.720000000000006,10:09:25,174.19,300,174.21,300,174.2003,360
5463,0.26,0.1,0.16,0.26,10:12:00,173.94,200,173.96,200,173.9472,1000
5477,0.24000000000000002,0.07,0.17,4.23,10:12:04,173.96,100,173.97,100,173.9601,100
5508,0.28,0.07,0.21,14.27,10:12:14,173.94,300,173.97,500,173.94099999999997,2000
5523,0.45,0.22,0.23,20.400000000000006,10:12:20,173.92,200,173.94,100,173.9398,100
5561,1.9400000000000002,1.6,0.34,10.979999999999999,10:13:10,173.96,300,173.97,200,173.9689,200
5591,0.46,0.26,0.2,26.109999999999996,10:13:26,173.98,300,174.0,200,173.9905,230
5614,0.26,0.07,0.19,34.04999999999999,10:13:34,174.02,100,174.03,100,174.0256,300
5619,0.44999999999999996,0.24,0.21,36.269999999999996,10:13:36,174.02,100,174.03,100,174.0247,200
5635,0.39,0.18,0.21,42.12000000000001,10:13:42,174.01,300,174.03,200,174.0266,9100
5640,0.30000000000000004,0.07,0.23,44.000000000000014,10:13:44,174.01,300,174.03,200,174.0231,500
5651,0.42000000000000004,0.19,0.23,48.04000000000001,10:13:48,173.97,100,173.98,200,173.9803,250
5658,0.37,0.17,0.2,50.00000000000001,10:13:50,173.97,100,173.99,200,173.986,280
5671,0.27,0.08,0.19,54.25000000000002,10:13:54,173.99,400,174.0,500,173.9895,500
5754,0.55,0.26,0.29,32.17,10:14:32,174.02,100,174.04,100,174.032,525
5805,0.24000000000000002,0.07,0.17,47.98000000000002,10:14:47,174.03,500,174.04,200,174.0315,300
5849,0.49,0.22,0.27,0.0,10:15:00,173.95,400,173.98,200,173.9552,100
5861,3.37,3.02,0.35,8.72,10:15:08,173.97,400,173.98,100,173.9753,450
5874,0.44999999999999996,0.21,0.24,20.15,10:15:20,174.0,400,174.02,100,174.0116,100
5879,0.34,0.07,0.27,21.979999999999997,10:15:21,174.0,200,174.02,100,174.00599999999997,500
5933,0.31,0.15,0.16,39.96000000000001,10:15:39,173.97,300,173.99,100,173.982,481
5947,0.35,0.18,0.17,43.95000000000001,10:15:43,174.01,200,174.03,100,174.0227,100
5974,0.25,0.08,0.17,51.37000000000003,10:15:51,174.02,100,174.04,100,174.0297,100
5983,0.25,0.07,0.18,53.650000000000034,10:15:53,174.0,200,174.04,100,174.021,200
6012,2.58,2.37,0.21,3.45,10:16:03,173.93,100,173.95,200,173.9405,150
6030,1.88,1.53,0.35,15.499999999999996,10:16:15,173.93,200,173.94,100,173.935,100
6048,0.41000000000000003,0.22,0.19,21.699999999999992,10:16:21,173.95,100,173.96,100,173.9553,100
6111,0.36,0.17,0.19,41.72000000000001,10:16:41,173.98,100,173.99,200,173.9816,200
6122,0.63,0.24,0.39,45.94000000000002,10:16:45,173.99,200,174.0,400,173.9958,150
6140,0.26,0.07,0.19,51.850000000000016,10:16:51,173.99,1200,174.0,600,173.99099999999999,500
6171,2.12,1.85,0.27,20.26,10:17:20,173.99,200,174.01,100,174.0027,800
6197,0.51,0.23,0.28,30.410000000000007,10:17:30,174.0,100,174.01,300,174.0056,100
6201,0.39,0.07,0.32,31.990000000000006,10:17:31,174.0,200,174.01,300,174.0066,114
6265,0.44999999999999996,0.09,0.36,56.27000000000004,10:17:56,174.01,400,174.02,1000,174.0166,500
6307,0.41000000000000003,0.2,0.21,18.959999999999994,10:18:18,174.04,200,174.05,200,174.03099999999998,2000
6329,0.39,0.19,0.2,4.38,10:19:04,173.95,300,173.98,400,173.9655,300
6367,0.4,0.14,0.26,18.249999999999993,10:19:18,173.99,200,174.01,100,173.9943,100
6411,0.36000000000000004,0.08,0.28,34.42,10:19:34,173.98,1000,174.01,400,173.9926,200
6464,0.55,0.19,0.36,20.299999999999997,10:20:20,174.07,500,174.08,100,174.0764,1000
6467,0.39,0.12,0.27,22.229999999999997,10:20:22,174.06,700,174.08,100,174.0747,800
6483,0.36,0.14,0.22,28.060000000000006,10:20:28,174.08,300,174.1,300,174.09799999999998,2500
6489,0.30000000000000004,0.07,0.23,30.280000000000005,10:20:30,174.1,200,174.11,500,174.105,100
6493,0.36,0.12,0.24,32.07000000000001,10:20:32,174.1,1100,174.11,500,174.1092,100
6499,0.43,0.19,0.24,34.24000000000001,10:20:34,174.09,200,174.1,300,174.095,100
6536,34.309999999999995,34.08,0.23,0.0,10:21:00,174.11,1000,174.12,400,174.1164,528
6542,0.32,0.08,0.24,2.07,10:21:02,174.09,100,174.11,1000,174.0999,1000
6547,0.34,0.07,0.27,4.069999999999999,10:21:04,174.09,200,174.1,200,174.0952,218
6580,0.44,0.19,0.25,21.949999999999996,10:21:21,174.06,200,174.08,300,174.0666,150
6585,0.31,0.07,0.24,23.889999999999997,10:21:23,174.07,100,174.08,100,174.0701,150
6593,0.58,0.17,0.41,28.019999999999996,10:21:28,174.05,300,174.06,2500,174.0599,492
6618,0.62,0.23,0.39,6.26,10:22:06,174.03,200,174.04,300,174.0318,300
6626,0.79,0.29,0.5,12.490000000000002,10:22:12,174.01,200,174.03,100,174.0215,150
6732,2.2,1.76,0.44,4.76,10:23:04,174.08,100,174.1,500,174.0814,300
6734,2.37,1.92,0.45,7.67,10:23:07,174.08,300,174.1,600,174.082,1100
6747,0.48,0.09,0.39,18.139999999999997,10:23:18,174.08,200,174.09,600,174.081,100
6821,0.43,0.22,0.21,45.900000000000006,10:23:45,174.09,1500,174.1,100,174.092,600
6833,0.27,0.07,0.2,49.72000000000001,10:23:49,174.09,700,174.1,200,174.0961,150
6854,0.25,0.07,0.18,1.9,10:24:01,174.09,700,174.1,200,174.09099999999998,115
6859,1.61,1.32,0.29,9.18,10:24:09,174.07,200,174.09,200,174.0726,120
6888,0.34,0.08,0.26,26.080000000000002,10:24:26,174.09,100,174.11,200,174.109,187
6892,0.63,0.23,0.4,27.99,10:24:27,174.09,200,174.11,200,174.1098,156
6910,0.30000000000000004,0.07,0.23,36.06999999999999,10:24:36,174.1,300,174.11,200,174.10299999999998,200
6944,0.45,0.14,0.31,50.16000000000001,10:24:50,174.12,100,174.13,400,174.1256,300
6951,0.5599999999999999,0.21,0.35,53.54000000000001,10:24:53,174.11,200,174.12,100,174.1157,300
6983,2.51,2.09,0.42,18.18,10:25:18,174.12,200,174.14,1000,174.1398,300
6987,0.74,0.27,0.47,20.14,10:25:20,174.17,200,174.18,1600,174.1666,2000
7005,0.43,0.08,0.35,28.04,10:25:28,174.23,200,174.24,1100,174.2301,2000
7025,0.35000000000000003,0.07,0.28,37.82999999999999,10:25:37,174.19,200,174.21,400,174.19299999999998,150
7062,0.69,0.27,0.42,54.00999999999996,10:25:54,174.16,200,174.19,200,174.1899,100
7095,0.36,0.07,0.29,14.02,10:26:14,174.09,200,174.1,300,174.0807,300
7099,0.4,0.08,0.32,16.31,10:26:16,174.13,100,174.16,1100,174.15900000000002,2000
7100,2.15,1.85,0.3,18.459999999999997,10:26:18,174.13,300,174.16,1400,174.1447,100
7108,0.39,0.11,0.28,22.15,10:26:22,174.13,500,174.15,100,174.1425,100
7122,0.42000000000000004,0.15,0.27,28.230000000000008,10:26:28,174.13,600,174.15,100,174.1499,180
7137,0.33,0.08,0.25,33.800000000000004,10:26:33,174.16,200,174.18,100,174.1734,500
7166,0.5700000000000001,0.13,0.44,48.099999999999994,10:26:48,174.13,400,174.16,400,174.1426,125
7179,0.4,0.15,0.25,53.879999999999995,10:26:53,174.15,1000,174.18,100,174.179,100
7188,0.36,0.19,0.17,0.91,10:27:00,174.21,100,174.22,100,174.2164,200
7217,0.4,0.16,0.24,11.020000000000003,10:27:11,174.2,200,174.22,100,174.2199,2000
7242,0.39,0.14,0.25,21.160000000000004,10:27:21,174.27,100,174.28,100,174.28099999999998,5000
7271,0.44,0.25,0.19,4.33,10:28:04,174.26,100,174.28,200,174.2627,2000
7336,0.34,0.07,0.27,32.17,10:28:32,174.2,400,174.22,100,174.206,173
7348,0.35000000000000003,0.07,0.28,36.39999999999999,10:28:36,174.2,500,174.22,200,174.2061,1000
7359,0.44,0.24,0.2,40.36999999999999,10:28:40,174.2,600,174.22,400,174.2106,100
7381,0.38,0.17,0.21,48.3,10:28:48,174.2,600,174.22,200,174.2005,5000
7388,0.39,0.2,0.19,50.4,10:28:50,174.18,200,174.22,600,174.1868,300
7444,0.26,0.07,0.19,16.690000000000005,10:29:16,174.19,200,174.2,400,174.1901,2000
7505,0.27,0.07,0.2,37.89000000000001,10:29:37,174.16,600,174.18,600,174.1736,2000
7571,0.55,0.24,0.31,0.0,10:30:00,174.15,100,174.17,300,174.1564,100
7575,0.41000000000000003,0.08,0.33,1.81,10:30:01,174.16,200,174.17,100,174.16299999999998,300
7590,0.26,0.07,0.19,11.44,10:30:11,174.17,100,174.2,1100,174.1999,1234
7762,0.28,0.07,0.21,27.830000000000005,10:31:27,174.15,100,174.17,200,174.1615,500
7807,3.0,2.76,0.24,3.56,10:33:03,174.18,300,174.19,600,174.1846,100
7822,0.29000000000000004,0.12,0.17,8.610000000000003,10:33:08,174.18,400,174.19,500,174.1827,500
7835,0.4,0.19,0.21,12.660000000000005,10:33:12,174.17,400,174.18,500,174.1754,100
7846,0.42000000000000004,0.2,0.22,17.04000000000001,10:33:17,174.17,400,174.18,400,174.1799,120
7991,0.26,0.07,0.19,25.64,10:34:25,174.26,200,174.28,100,174.2668,800
8004,0.34,0.14,0.2,29.85,10:34:29,174.27,100,174.28,100,174.2761,800
8013,0.75,0.27,0.48,34.43000000000001,10:34:34,174.28,200,174.3,1300,174.2999,100
8070,0.64,0.08,0.56,0.0,10:35:00,174.32,100,174.33,100,174.327,126
8072,0.7799999999999999,0.08,0.7,1.7999999999999998,10:35:01,174.29,200,174.3,4200,174.293,100
8111,0.62,0.08,0.54,27.640000000000004,10:35:27,174.28,300,174.3,100,174.2927,1150
8121,0.47000000000000003,0.08,0.39,33.87000000000001,10:35:33,174.28,400,174.3,100,174.2875,400
8135,2.01,0.07,1.94,50.03,10:35:50,174.26,100,174.28,400,174.2676,200
8136,2.6,0.38,2.22,52.63,10:35:52,174.26,200,174.28,1000,174.275,400
8167,0.5700000000000001,0.07,0.5,13.959999999999999,10:36:13,174.32,200,174.34,200,174.3262,300
8196,0.5700000000000001,0.07,0.5,32.0,10:36:32,174.31,500,174.33,300,174.3186,300
8214,0.6799999999999999,0.07,0.61,43.66999999999999,10:36:43,174.29,500,174.31,200,174.2986,225
8215,0.73,0.25,0.48,44.399999999999984,10:36:44,174.29,900,174.31,200,174.3003,173
8218,0.63,0.23,0.4,46.469999999999985,10:36:46,174.29,500,174.31,200,174.3013,100
8227,0.8099999999999999,0.22,0.59,52.41999999999999,10:36:52,174.29,500,174.31,300,174.2974,750
8236,0.6,0.17,0.43,3.97,10:37:03,174.27,100,174.29,500,174.28900000000002,200
8280,0.75,0.19,0.56,33.69000000000001,10:37:33,174.22,600,174.25,1000,174.2448,1200
8289,0.5900000000000001,0.07,0.52,39.51000000000002,10:37:39,174.22,600,174.25,1100,174.2329,300
8312,0.5700000000000001,0.14,0.43,53.10000000000003,10:37:53,174.2,200,174.22,500,174.2183,975
8421,0.5800000000000001,0.25,0.33,9.559999999999999,10:39:09,174.17,300,174.18,500,174.1757,100
8469,0.5900000000000001,0.07,0.52,47.51000000000002,10:39:47,174.17,400,174.18,600,174.1753,100
8508,0.85,0.28,0.57,23.97,10:40:23,174.2,600,174.22,300,174.201,400
8520,0.6000000000000001,0.14,0.46,32.15,10:40:32,174.23,100,174.24,400,174.2353,170
8523,0.61,0.08,0.53,33.95,10:40:33,174.23,300,174.25,300,174.2408,100
8529,0.6,0.17,0.43,37.74000000000001,10:40:37,174.21,300,174.23,100,174.2206,100
8538,0.59,0.21,0.38,43.71000000000002,10:40:43,174.23,300,174.25,200,174.2383,275
8548,0.5800000000000001,0.07,0.51,50.07000000000003,10:40:50,174.24,100,174.25,200,174.2456,852
8639,0.5800000000000001,0.07,0.51,49.809999999999995,10:41:49,174.08,100,174.1,200,174.083,169
8646,0.5800000000000001,0.07,0.51,53.81,10:41:53,174.06,200,174.08,200,174.0704,300
8674,0.5800000000000001,0.2,0.38,9.600000000000001,10:42:09,174.09,200,174.11,300,174.0914,300
8690,0.94,0.31,0.63,23.86,10:42:23,174.1,300,174.11,300,174.1042,160
8708,0.5800000000000001,0.07,0.51,35.5,10:42:35,174.07,300,174.09,500,174.0828,1260
8715,0.6000000000000001,0.07,0.53,39.71000000000001,10:42:39,174.03,100,174.05,200,174.03400000000002,5000
8718,0.5700000000000001,0.07,0.5,41.460000000000015,10:42:41,174.03,200,174.05,200,174.0372,650
8746,0.75,0.07,0.68,57.84000000000002,10:42:57,174.02,700,174.03,200,174.0242,500
8791,0.6399999999999999,0.07,0.57,32.03,10:43:32,173.92,300,173.94,400,173.9396,1050
8812,0.64,0.14,0.5,46.02000000000002,10:43:46,173.88,900,173.9,100,173.8998,300
8815,0.63,0.17,0.46,48.01000000000002,10:43:48,173.88,1300,173.9,200,173.8901,100
8818,0.7899999999999999,0.22,0.57,50.380000000000024,10:43:50,173.88,1300,173.9,200,173.8883,400
8823,0.59,0.08,0.51,53.770000000000024,10:43:53,173.88,1300,173.9,200,173.8833,500
8845,0.59,0.21,0.38,5.9799999999999995,10:44:05,173.87,100,173.88,100,173.878,100
8848,1.4,0.92,0.48,8.56,10:44:08,173.87,400,173.89,300,173.8812,100
8868,0.6200000000000001,0.07,0.55,23.740000000000002,10:44:23,173.82,500,173.85,100,173.8488,100
8909,0.58,0.17,0.41,48.120000000000026,10:44:48,173.78,500,173.81,100,173.7979,100
8936,4.2,3.76,0.44,8.77,10:45:08,173.83,900,173.86,100,173.8462,3898
8941,0.5700000000000001,0.07,0.5,11.559999999999999,10:45:11,173.84,1000,173.87,100,173.8625,100
8945,0.44,0.08,0.36,15.199999999999998,10:45:15,173.84,1000,173.87,400,173.855,1100
8959,0.61,0.21,0.4,25.829999999999995,10:45:25,173.85,200,173.86,200,173.8564,2000
8972,0.58,0.08,0.5,33.75,10:45:33,173.82,100,173.84,200,173.83599999999998,600
8978,0.61,0.24,0.37,37.39,10:45:37,173.82,100,173.84,200,173.8274,100
8981,0.62,0.09,0.53,39.38999999999999,10:45:39,173.83,100,173.84,200,173.83900000000003,1000
8984,0.75,0.14,0.61,41.559999999999995,10:45:41,173.83,300,173.84,200,173.832,140
8996,0.58,0.08,0.5,49.559999999999995,10:45:49,173.85,100,173.87,200,173.8584,180
9034,0.5900000000000001,0.26,0.33,14.39,10:46:14,173.84,300,173.85,200,173.8433,112
9037,0.62,0.24,0.38,16.16,10:46:16,173.84,400,173.86,500,173.8516,600
9044,0.5599999999999999,0.21,0.35,19.97,10:46:19,173.84,800,173.86,200,173.8506,200
9048,0.5900000000000001,0.07,0.52,22.569999999999997,10:46:22,173.84,800,173.86,200,173.84099999999998,100
9060,0.76,0.17,0.59,30.56,10:46:30,173.82,200,173.83,100,173.8241,700
9061,0.79,0.18,0.61,31.349999999999998,10:46:31,173.82,200,173.83,100,173.825,100
9092,0.59,0.18,0.41,52.41000000000001,10:46:52,173.76,100,173.78,100,173.7712,300
9109,0.6100000000000001,0.28,0.33,6.0,10:47:06,173.83,800,173.86,100,173.8474,120
9117,1.5699999999999998,1.0,0.57,17.189999999999998,10:47:17,173.85,200,173.86,200,173.8641,600
9122,0.6000000000000001,0.07,0.53,20.189999999999998,10:47:20,173.82,100,173.84,1000,173.8406,100
9136,0.59,0.15,0.44,28.399999999999995,10:47:28,173.79,200,173.8,100,173.7977,500
9179,0.59,0.09,0.5,54.42999999999999,10:47:54,173.79,100,173.82,500,173.8143,100
9195,0.5700000000000001,0.13,0.44,3.41,10:48:03,173.83,700,173.86,200,173.8409,1000
9199,0.6,0.18,0.42,5.629999999999999,10:48:05,173.83,100,173.84,200,173.8441,150
9204,2.38,1.77,0.61,17.009999999999998,10:48:17,173.84,300,173.86,400,173.8501,150
9214,0.6,0.15,0.45,23.639999999999997,10:48:23,173.86,400,173.88,500,173.8767,100
9217,0.62,0.19,0.43,25.43,10:48:25,173.87,200,173.88,500,173.8706,279
9235,0.62,0.24,0.38,35.43,10:48:35,173.88,300,173.89,300,173.885,400
9239,0.5700000000000001,0.24,0.33,37.63,10:48:37,173.88,300,173.89,300,173.8801,300
9253,0.77,0.4,0.37,45.62,10:48:45,173.84,300,173.86,700,173.8443,1000
9256,0.57,0.08,0.49,47.39,10:48:47,173.84,200,173.86,400,173.8537,1000
9267,0.44,0.07,0.37,53.24999999999999,10:48:53,173.81,100,173.83,200,173.8188,100
9282,0.99,0.55,0.44,2.62,10:49:02,173.78,500,173.8,1200,173.7801,1300
9332,0.7699999999999999,0.08,0.69,34.210000000000015,10:49:34,173.84,100,173.85,500,173.8499,100
9341,0.61,0.08,0.53,40.680000000000014,10:49:40,173.83,100,173.85,200,173.8301,100
9350,0.62,0.17,0.45,46.88000000000001,10:49:46,173.83,300,173.85,400,173.8391,200
9379,0.5900000000000001,0.07,0.52,8.01,10:50:08,173.81,400,173.83,100,173.8187,350
9395,0.61,0.2,0.41,24.190000000000005,10:50:24,173.75,2500,173.77,100,173.753,100
9398,0.5900000000000001,0.07,0.52,25.960000000000004,10:50:25,173.76,200,173.77,200,173.7669,800
9409,0.44,0.13,0.31,31.80000000000001,10:50:31,173.73,100,173.75,800,173.7388,300
9413,0.5900000000000001,0.07,0.52,33.97000000000001,10:50:33,173.7,100,173.72,200,173.7084,1000
9417,0.63,0.21,0.42,36.350000000000016,10:50:36,173.7,200,173.72,100,173.7001,250
9434,0.5900000000000001,0.07,0.52,45.930000000000014,10:50:45,173.68,100,173.7,100,173.6814,100
9465,2.38,1.88,0.5,5.1899999999999995,10:51:05,173.68,1800,173.69,100,173.6867,200
9473,2.8099999999999996,2.34,0.47,15.620000000000001,10:51:15,173.58,500,173.61,200,173.5906,100
9476,0.5900000000000001,0.07,0.52,17.580000000000002,10:51:17,173.58,500,173.61,100,173.6017,100
9477,0.64,0.18,0.46,18.220000000000002,10:51:18,173.61,100,173.63,100,173.6204,2000
9481,0.6,0.21,0.39,22.010000000000005,10:51:22,173.6,100,173.63,400,173.6001,150
9487,0.6000000000000001,0.07,0.53,26.000000000000007,10:51:26,173.59,100,173.6,1400,173.59,100
9497,0.5800000000000001,0.07,0.51,32.17000000000001,10:51:32,173.63,400,173.66,100,173.6597,200
9503,0.6000000000000001,0.07,0.53,36.13000000000002,10:51:36,173.59,100,173.62,100,173.6179,400
9513,0.61,0.21,0.4,42.17000000000002,10:51:42,173.58,1300,173.61,400,173.5801,500
9519,0.6,0.19,0.41,45.970000000000034,10:51:45,173.58,1300,173.6,100,173.593,200
9523,0.58,0.09,0.49,48.32000000000003,10:51:48,173.56,200,173.59,400,173.5849,200
9535,0.6,0.09,0.51,56.13000000000003,10:51:56,173.58,200,173.59,100,173.5856,100
9548,0.6100000000000001,0.07,0.54,4.55,10:52:04,173.6,300,173.61,100,173.6055,100
9558,1.01,0.49,0.52,18.790000000000003,10:52:18,173.59,400,173.61,100,173.5899,150
9567,0.6200000000000001,0.07,0.55,24.570000000000007,10:52:24,173.61,300,173.63,500,173.6184,1500
9585,0.94,0.33,0.61,36.55000000000001,10:52:36,173.61,100,173.62,500,173.6107,243
9593,0.59,0.16,0.43,41.990000000000016,10:52:41,173.58,200,173.61,400,173.609,120
9609,0.59,0.08,0.51,52.37000000000003,10:52:52,173.56,500,173.6,700,173.5879,100
9611,1.59,1.08,0.51,54.56000000000004,10:52:54,173.56,200,173.58,100,173.56,100
9621,0.5700000000000001,0.13,0.44,0.0,10:53:00,173.56,400,173.57,200,173.56400000000002,100
9625,0.58,0.21,0.37,2.2199999999999998,10:53:02,173.53,300,173.55,100,173.5372,225
9628,0.44,0.14,0.3,3.8299999999999996,10:53:03,173.53,300,173.54,100,173.53,100
9632,0.58,0.23,0.35,5.999999999999999,10:53:05,173.51,300,173.55,500,173.51,290
9640,0.61,0.08,0.53,12.829999999999998,10:53:12,173.51,800,173.55,900,173.52,200
9642,0.62,0.22,0.4,14.039999999999997,10:53:14,173.51,600,173.55,200,173.53599999999997,172
9649,0.5700000000000001,0.07,0.5,21.789999999999996,10:53:21,173.51,200,173.54,400,173.5299,500
9653,0.44999999999999996,0.15,0.3,23.849999999999994,10:53:23,173.5,20800,173.52,100,173.5,203
9675,0.62,0.19,0.43,35.809999999999995,10:53:35,173.51,200,173.54,100,173.5286,150
9679,0.5700000000000001,0.07,0.5,38.199999999999996,10:53:38,173.53,200,173.56,600,173.55,100
9686,0.62,0.29,0.33,42.03999999999999,10:53:42,173.52,100,173.55,200,173.535,100
9693,0.6,0.15,0.45,46.24999999999999,10:53:46,173.52,600,173.53,100,173.5233,706
9696,0.43,0.07,0.36,47.849999999999994,10:53:47,173.52,600,173.53,100,173.5256,120
9700,0.6100000000000001,0.27,0.34,50.239999999999995,10:53:50,173.5,7400,173.53,100,173.515,100
9721,0.56,0.07,0.49,2.18,10:54:02,173.53,400,173.55,200,173.5413,200
9744,3.38,2.89,0.49,20.599999999999998,10:54:20,173.55,100,173.58,200,173.56599999999997,100
9769,0.79,0.23,0.56,8.86,10:56:08,173.68,200,173.69,100,173.69299999999998,250
9774,0.63,0.19,0.44,12.29,10:56:12,173.69,400,173.71,100,173.692,3000
9781,0.61,0.12,0.49,16.84,10:56:16,173.72,100,173.73,100,173.7294,100
9784,0.64,0.18,0.46,18.87,10:56:18,173.73,100,173.76,600,173.7524,940
9802,0.6000000000000001,0.07,0.53,30.69000000000001,10:56:30,173.76,300,173.77,400,173.7658,100
9818,0.44,0.21,0.23,5.670000000000001,10:57:05,173.75,200,173.77,1100,173.7567,2000
9843,0.61,0.18,0.43,28.18000000000001,10:57:28,173.74,100,173.76,200,173.7465,9000
9878,0.59,0.09,0.5,47.760000000000026,10:57:47,173.72,200,173.74,200,173.735,500
9879,0.59,0.15,0.44,48.35000000000003,10:57:48,173.72,400,173.74,200,173.7313,150
9913,0.62,0.18,0.44,7.78,10:58:07,173.77,200,173.8,500,173.783,100
9916,0.43999999999999995,0.09,0.35,9.41,10:58:09,173.79,100,173.82,200,173.8026,150
9926,3.18,2.58,0.6,19.150000000000002,10:58:19,173.81,300,173.83,200,173.81400000000002,250
9934,0.5800000000000001,0.12,0.46,23.560000000000002,10:58:23,173.79,200,173.81,100,173.8009,100
9969,0.63,0.19,0.44,43.39000000000001,10:58:43,173.78,200,173.81,100,173.8097,100
9972,0.6100000000000001,0.27,0.34,45.38000000000001,10:58:45,173.78,200,173.81,600,173.8019,200
9982,0.43,0.07,0.36,51.22000000000001,10:58:51,173.77,500,173.79,500,173.7889,100
10038,0.5800000000000001,0.07,0.51,25.570000000000007,10:59:25,173.68,200,173.7,200,173.6895,1000
10071,0.61,0.15,0.46,43.39000000000002,10:59:43,173.66,100,173.69,100,173.6768,1000
10078,0.76,0.35,0.41,47.58000000000003,10:59:47,173.66,100,173.68,100,173.6733,200
10110,0.43,0.08,0.35,24.019999999999992,11:00:24,173.67,300,173.7,600,173.6827,500
10125,0.61,0.18,0.43,32.209999999999994,11:00:32,173.66,500,173.69,200,173.675,100
10159,0.5800000000000001,0.18,0.4,51.99000000000001,11:00:51,173.64,300,173.66,200,173.6467,241
10165,0.77,0.22,0.55,56.16000000000002,11:00:56,173.64,200,173.66,400,173.6514,200
10175,0.58,0.08,0.5,0.0,11:01:00,173.67,100,173.69,100,173.6899,3500
10178,2.75,2.13,0.62,3.79,11:01:03,173.66,400,173.69,300,173.6878,591
10195,0.44,0.11,0.33,23.630000000000006,11:01:23,173.68,300,173.71,400,173.6914,250
10199,0.57,0.08,0.49,25.78000000000001,11:01:25,173.68,300,173.71,400,173.7063,2000
10210,0.57,0.09,0.48,31.56000000000001,11:01:31,173.69,200,173.72,100,173.699,100
10214,0.6100000000000001,0.28,0.33,33.790000000000006,11:01:33,173.71,100,173.72,100,173.71900000000002,250
10236,0.58,0.08,0.5,46.0,11:01:46,173.7,200,173.71,400,173.7068,100
10264,0.6000000000000001,0.14,0.46,6.33,11:04:06,173.74,100,173.76,1100,173.7513,129
10270,0.63,0.17,0.46,10.15,11:04:10,173.74,100,173.76,1000,173.7534,630
10285,0.96,0.36,0.6,20.73,11:04:20,173.72,100,173.74,300,173.7316,200
10290,0.6399999999999999,0.07,0.57,24.14,11:04:24,173.71,200,173.73,600,173.727,208
10321,0.63,0.24,0.39,44.520000000000024,11:04:44,173.66,300,173.68,100,173.665,200
10332,0.6200000000000001,0.28,0.34,6.59,11:05:06,173.62,300,173.65,100,173.635,100
10349,0.6,0.08,0.52,24.35000000000001,11:05:24,173.54,100,173.57,1000,173.5401,2000
10352,0.59,0.23,0.36,26.14000000000001,11:05:26,173.54,100,173.57,1000,173.555,300
10355,0.43,0.07,0.36,27.760000000000012,11:05:27,173.54,300,173.57,700,173.5526,1000
10359,0.56,0.22,0.34,29.940000000000012,11:05:29,173.54,300,173.57,700,173.5583,132
10370,0.77,0.36,0.41,35.96000000000002,11:05:35,173.52,1000,173.54,200,173.5312,1000
10389,0.64,0.22,0.42,46.41000000000002,11:05:46,173.52,300,173.55,600,173.5302,1000
10399,0.5800000000000001,0.25,0.33,52.050000000000004,11:05:52,173.55,2900,173.57,200,173.545,300
10417,0.5700000000000001,0.14,0.43,0.0,11:06:00,173.53,800,173.57,300,173.55900000000003,200
10420,3.67,3.37,0.3,4.85,11:06:04,173.53,700,173.57,400,173.53099999999998,230
10439,0.44,0.07,0.37,21.03,11:06:21,173.55,100,173.58,1000,173.565,200
10455,0.74,0.31,0.43,30.17,11:06:30,173.55,200,173.58,700,173.5566,600
10520,0.59,0.17,0.42,5.97,11:07:05,173.65,900,173.68,100,173.653,2000
10521,3.98,3.41,0.57,9.95,11:07:09,173.66,500,173.7,600,173.6885,1800
10522,0.43,0.07,0.36,10.379999999999999,11:07:10,173.67,100,173.68,3000,173.6824,460
10532,0.63,0.28,0.35,20.4,11:07:20,173.7,100,173.72,500,173.7046,310
10542,0.5700000000000001,0.07,0.5,25.77,11:07:25,173.68,100,173.7,100,173.687,100
10549,0.6,0.22,0.38,29.810000000000002,11:07:29,173.68,100,173.71,100,173.6969,100
10557,0.43000000000000005,0.09,0.34,34.0,11:07:34,173.7,100,173.73,300,173.7123,1000
10575,0.5900000000000001,0.19,0.4,43.79,11:07:43,173.68,400,173.7,100,173.6902,100
10587,0.57,0.09,0.48,49.989999999999995,11:07:49,173.66,100,173.68,100,173.679,200
10608,0.43,0.07,0.36,3.21,11:08:03,173.63,100,173.66,200,173.63099999999997,100
10640,0.85,0.21,0.64,29.830000000000002,11:08:29,173.61,400,173.62,600,173.61599999999999,900
10682,0.6,0.09,0.51,57.850000000000016,11:08:57,173.56,700,173.62,1100,173.575,200
10696,0.56,0.07,0.49,5.99,11:09:05,173.51,500,173.52,700,173.5158,100
10703,0.43,0.07,0.36,13.85,11:09:13,173.51,600,173.55,500,173.5347,100
10706,0.44,0.08,0.36,15.84,11:09:15,173.51,600,173.55,500,173.5361,500
10734,0.5700000000000001,0.14,0.43,31.790000000000006,11:09:31,173.54,200,173.56,100,173.5586,100
10742,0.58,0.21,0.37,36.03000000000001,11:09:36,173.55,100,173.58,500,173.5632,200
10763,0.61,0.18,0.43,48.000000000000014,11:09:48,173.55,100,173.58,400,173.5677,1000
10770,0.57,0.08,0.49,51.76000000000001,11:09:51,173.56,100,173.58,100,173.5662,180
10799,3.01,2.46,0.55,11.610000000000001,11:10:11,173.55,700,173.61,600,173.585,2000
10802,0.44,0.07,0.37,14.42,11:10:14,173.55,200,173.59,800,173.551,150
10805,0.5700000000000001,0.07,0.5,16.0,11:10:16,173.55,200,173.59,800,173.5896,100
10866,0.43000000000000005,0.09,0.34,51.97000000000003,11:10:51,173.57,100,173.59,400,173.5814,250
10877,0.5800000000000001,0.07,0.51,0.0,11:11:00,173.57,400,173.58,100,173.581,100
10881,3.19,2.73,0.46,4.97,11:11:04,173.58,100,173.6,100,173.5869,100
10923,0.5800000000000001,0.14,0.44,34.02000000000001,11:11:34,173.57,500,173.59,100,173.5793,174
10956,0.6,0.18,0.42,53.67000000000004,11:11:53,173.63,100,173.65,500,173.6416,1000
11008,0.74,0.07,0.67,30.33,11:12:30,173.68,200,173.7,3000,173.6928,800
11053,0.62,0.08,0.54,8.040000000000001,11:13:08,173.71,300,173.73,300,173.7101,185
11060,2.4000000000000004,1.61,0.79,15.199999999999998,11:13:15,173.73,200,173.74,200,173.7336,800
11068,0.8300000000000001,0.18,0.65,22.260000000000005,11:13:22,173.72,600,173.73,600,173.7296,900
11081,0.78,0.07,0.71,32.21000000000001,11:13:32,173.74,1800,173.76,300,173.7499,587
11096,0.62,0.24,0.38,41.85000000000001,11:13:41,173.77,500,173.79,1200,173.7832,1000
11099,0.6200000000000001,0.07,0.55,43.82000000000001,11:13:43,173.77,500,173.78,300,173.785,100
11102,0.6000000000000001,0.07,0.53,45.64000000000001,11:13:45,173.77,500,173.79,500,173.78400000000002,500
11112,0.58,0.09,0.49,51.78000000000001,11:13:51,173.79,500,173.81,200,173.8098,100
11119,0.6,0.24,0.36,55.80000000000002,11:13:55,173.81,100,173.83,400,173.817,300
11122,0.61,0.2,0.41,57.61000000000002,11:13:57,173.81,100,173.83,1000,173.81099999999998,695
11137,0.5700000000000001,0.2,0.37,11.600000000000001,11:14:11,173.81,300,173.84,900,173.8298,1000
11139,1.21,0.6,0.61,13.790000000000003,11:14:13,173.81,300,173.83,400,173.8213,100
11146,0.6100000000000001,0.27,0.34,18.01,11:14:18,173.81,500,173.83,600,173.81900000000002,500
11172,0.62,0.19,0.43,34.00999999999999,11:14:34,173.77,900,173.79,100,173.7702,100
11179,0.5700000000000001,0.24,0.33,37.79999999999999,11:14:37,173.74,2100,173.76,700,173.7626,100
11197,0.45,0.08,0.37,47.84999999999998,11:14:47,173.75,200,173.77,600,173.7633,2000
11200,0.5700000000000001,0.07,0.5,49.58999999999998,11:14:49,173.75,200,173.77,600,173.7572,1956
11222,0.62,0.17,0.45,13.46,11:16:13,173.73,200,173.74,500,173.7399,100
11235,0.6300000000000001,0.07,0.56,0.0,11:17:00,173.76,100,173.78,200,173.7767,250
11248,2.77,2.15,0.62,12.959999999999999,11:17:12,173.72,100,173.73,200,173.7299,100
11282,0.43,0.07,0.36,35.220000000000006,11:17:35,173.75,800,173.78,200,173.7607,100
11283,0.5599999999999999,0.21,0.35,35.78000000000001,11:17:35,173.75,800,173.78,100,173.7668,100
11297,0.5599999999999999,0.09,0.47,43.56000000000001,11:17:43,173.77,300,173.8,100,173.7766,500
11301,0.5900000000000001,0.19,0.4,45.780000000000015,11:17:45,173.77,300,173.8,100,173.7829,180
11348,0.7999999999999999,0.08,0.72,16.400000000000002,11:18:16,173.84,300,173.85,100,173.8432,1000
11352,0.6000000000000001,0.07,0.53,22.400000000000006,11:18:22,173.81,100,173.83,300,173.8214,300
11367,0.61,0.14,0.47,32.57000000000001,11:18:32,173.82,700,173.85,200,173.84900000000002,1000
11388,0.74,0.07,0.67,46.72000000000001,11:18:46,173.8,100,173.82,100,173.8148,2100
11419,0.63,0.08,0.55,6.05,11:19:06,173.79,300,173.82,200,173.8185,500
11438,0.95,0.07,0.88,24.220000000000002,11:19:24,173.79,100,173.8,200,173.7954,600
11446,0.6300000000000001,0.07,0.56,29.86,11:19:29,173.8,500,173.82,200,173.8001,500
11455,0.62,0.09,0.53,35.66,11:19:35,173.8,400,173.81,100,173.80700000000002,211
11465,0.45,0.08,0.37,41.47,11:19:41,173.82,600,173.85,400,173.8351,143
11525,0.8,0.07,0.73,28.359999999999996,11:20:28,173.83,100,173.85,400,173.8345,500
11545,0.74,0.21,0.53,41.910000000000004,11:20:41,173.79,100,173.82,500,173.8068,100
11557,0.77,0.17,0.6,50.09000000000001,11:20:50,173.79,200,173.82,1100,173.805,100
11597,0.6,0.08,0.52,23.570000000000007,11:21:23,173.84,200,173.86,200,173.8605,100
11642,0.64,0.19,0.45,55.59000000000001,11:21:55,173.87,500,173.9,400,173.8754,525
11645,0.62,0.17,0.45,57.60000000000001,11:21:57,173.87,900,173.9,400,173.8826,3000
11664,2.0300000000000002,1.57,0.46,12.59,11:22:12,173.83,500,173.86,900,173.8495,1000
11693,0.6,0.21,0.39,34.01,11:22:34,173.87,300,173.89,100,173.8733,300
11721,0.6200000000000001,0.07,0.55,50.19999999999999,11:22:50,173.92,800,173.93,500,173.9299,100
11731,0.5900000000000001,0.14,0.45,56.22,11:22:56,173.9,600,173.93,500,173.9174,200
11736,0.6100000000000001,0.07,0.54,0.0,11:23:00,173.92,400,173.93,500,173.9254,100
11739,0.83,0.23,0.6,2.42,11:23:02,173.9,500,173.91,100,173.90200000000002,1000
11759,3.61,3.15,0.46,22.2,11:23:22,173.92,300,173.93,500,173.925,100
11760,0.6100000000000001,0.07,0.54,22.81,11:23:22,173.92,400,173.94,100,173.9331,100
11815,0.65,0.11,0.54,57.79000000000001,11:23:57,173.96,300,173.97,100,173.977,100
11825,0.77,0.34,0.43,3.79,11:24:03,173.96,300,173.97,100,173.957,500
11835,0.61,0.21,0.4,14.799999999999999,11:24:14,173.96,800,173.98,200,173.975,100
11853,0.66,0.21,0.45,30.220000000000002,11:24:30,174.02,200,174.05,600,174.0346,100
11856,0.61,0.08,0.53,32.03000000000001,11:24:32,174.03,400,174.05,400,174.0368,500
11913,1.4,0.94,0.46,8.61,11:25:08,173.98,400,174.0,400,173.9916,149
11920,0.6100000000000001,0.07,0.54,15.809999999999997,11:25:15,173.98,600,174.01,200,173.9992,100
11929,0.85,0.21,0.64,24.049999999999997,11:25:24,174.0,300,174.02,100,174.0093,1000
11952,0.6,0.17,0.43,40.26,11:25:40,173.96,3700,173.98,300,173.9602,300
11991,0.75,0.12,0.63,3.9699999999999998,11:26:03,174.0,200,174.02,100,173.9975,100
12010,0.6,0.19,0.41,21.630000000000003,11:26:21,174.03,100,174.04,200,174.0305,1000
12026,0.64,0.18,0.46,32.03000000000001,11:26:32,173.97,400,173.99,100,173.9807,200
12059,0.73,0.08,0.65,1.34,11:28:01,173.96,900,173.98,400,173.9697,100
12061,0.8099999999999999,0.22,0.59,2.95,11:28:02,173.96,900,173.98,500,173.9792,100
12093,0.61,0.18,0.43,28.06,11:29:28,173.93,900,173.96,300,173.9558,100
12158,0.62,0.15,0.47,34.83999999999999,11:30:34,173.9,100,173.91,100,173.8993,100
12191,0.74,0.08,0.66,56.989999999999995,11:30:56,173.86,300,173.88,1000,173.8734,2000
12208,0.6499999999999999,0.07,0.58,8.200000000000001,11:31:08,173.91,200,173.92,100,173.9153,100
12227,0.59,0.08,0.51,19.96,11:31:19,173.93,100,173.95,100,173.9301,2000
12267,0.64,0.2,0.44,43.930000000000014,11:31:43,173.96,500,173.98,100,173.96099999999998,230
12270,0.56,0.07,0.49,45.500000000000014,11:31:45,173.96,500,173.98,100,173.9636,5000
12276,0.57,0.08,0.49,1.01,11:32:01,173.96,500,173.99,600,173.9615,522
12285,0.57,0.08,0.49,5.99,11:32:05,173.97,200,173.99,200,173.9899,100
12307,0.43,0.12,0.31,23.849999999999994,11:32:23,173.95,600,173.98,400,173.953,1539
12341,0.61,0.19,0.42,44.03999999999999,11:32:44,173.95,900,173.99,300,173.9624,500
12388,2.03,1.45,0.58,6.84,11:33:06,173.95,100,173.98,200,173.9608,1500
12480,0.59,0.08,0.51,10.16,11:34:10,173.9,200,173.93,300,173.9081,500
12535,0.61,0.08,0.53,49.78,11:34:49,174.04,300,174.06,500,174.0498,2216
12568,0.56,0.07,0.49,1.1300000000000001,11:36:01,174.1,300,174.12,600,174.112,200
12582,0.5800000000000001,0.18,0.4,8.96,11:36:08,174.12,300,174.14,700,174.1293,500
12625,0.98,0.41,0.57,7.1899999999999995,11:37:07,174.14,300,174.15,1700,174.1475,100
12691,0.59,0.17,0.42,46.80999999999998,11:37:46,174.07,200,174.09,200,174.0731,225
12705,0.5700000000000001,0.12,0.45,0.0,11:38:00,174.03,100,174.05,300,174.0442,1000
12718,3.19,2.61,0.58,9.850000000000001,11:38:09,174.06,300,174.08,800,174.0647,199
12788,0.6000000000000001,0.07,0.53,0.0,11:41:00,174.14,200,174.15,1300,174.145,100
12799,3.9899999999999998,3.4,0.59,10.82,11:41:10,174.13,500,174.15,1200,174.143,100
12822,0.6200000000000001,0.07,0.55,28.03,11:41:28,174.17,700,174.18,1100,174.1742,150
12862,0.61,0.19,0.42,53.83000000000003,11:41:53,174.17,700,174.2,1500,174.1951,500
12879,0.35,0.15,0.2,1.9899999999999998,11:42:01,174.16,600,174.18,100,174.1715,100
12917,0.37,0.2,0.17,21.91,11:42:21,174.18,500,174.2,1600,174.1835,300
12981,0.41000000000000003,0.22,0.19,43.91999999999999,11:42:43,174.22,700,174.23,1100,174.2251,150
13077,0.39,0.17,0.22,28.030000000000005,11:43:28,174.21,600,174.23,1100,174.2213,114
13108,0.45,0.07,0.38,40.30000000000002,11:43:40,174.18,600,174.2,300,174.1874,600
13127,0.5,0.3,0.2,47.580000000000034,11:43:47,174.16,300,174.18,400,174.1687,100
13196,0.23,0.07,0.16,16.71,11:45:16,174.25,300,174.28,500,174.2725,1000
13215,0.37,0.21,0.16,22.939999999999998,11:45:22,174.25,300,174.27,100,174.2699,125
13235,0.54,0.21,0.33,28.949999999999996,11:45:28,174.25,200,174.27,400,174.266,900
13278,0.24000000000000002,0.07,0.17,0.0,11:46:00,174.25,300,174.26,300,174.2504,1000
13295,4.75,4.48,0.27,12.0,11:46:12,174.25,500,174.27,900,174.2784,600
13299,0.24000000000000002,0.07,0.17,13.11,11:46:13,174.25,500,174.27,1000,174.265,100
13311,0.54,0.29,0.25,22.39,11:46:22,174.24,200,174.25,600,174.2457,500
13322,0.29000000000000004,0.07,0.22,26.2,11:46:26,174.24,1000,174.26,200,174.2544,1000
13346,0.27,0.09,0.18,34.02000000000001,11:46:34,174.25,200,174.27,1200,174.2584,1000
13377,0.29000000000000004,0.07,0.22,44.11000000000002,11:46:44,174.26,100,174.27,1100,174.2616,100
13399,0.47000000000000003,0.27,0.2,52.45000000000001,11:46:52,174.26,300,174.27,1600,174.2654,100
13414,0.29000000000000004,0.07,0.22,57.94000000000002,11:46:57,174.26,300,174.28,1000,174.262,2000
13415,0.31,0.07,0.24,58.25000000000002,11:46:58,174.26,400,174.28,500,174.2637,120
13420,0.30000000000000004,0.07,0.23,0.0,11:47:00,174.25,200,174.26,500,174.2599,100
13446,3.2800000000000002,2.99,0.29,11.82,11:47:11,174.22,200,174.23,100,174.2247,300
13530,0.43,0.21,0.22,42.16,11:47:42,174.22,100,174.23,300,174.225,200
13536,0.29000000000000004,0.09,0.2,44.00000000000001,11:47:44,174.22,100,174.23,400,174.2241,400
13599,0.26,0.08,0.18,7.66,11:48:07,174.2,300,174.21,100,174.2099,500
13603,1.68,1.45,0.23,10.379999999999999,11:48:10,174.2,300,174.21,100,174.2054,1000
13606,2.17,1.92,0.25,13.2,11:48:13,174.2,200,174.21,200,174.209,195
13726,0.46,0.27,0.19,53.76,11:48:53,174.23,400,174.24,200,174.235,100
13762,0.38,0.22,0.16,19.999999999999996,11:49:19,174.21,100,174.23,500,174.2172,500
13814,0.25,0.07,0.18,36.25,11:49:36,174.23,200,174.25,700,174.2352,200
13832,0.26,0.07,0.19,42.050000000000004,11:49:42,174.22,500,174.25,900,174.226,100
13864,0.27,0.07,0.2,52.14,11:49:52,174.23,200,174.24,100,174.239,495
13908,3.7600000000000002,3.45,0.31,11.700000000000001,11:50:11,174.23,500,174.24,600,174.2365,100
13944,0.24,0.08,0.16,25.83,11:50:25,174.22,800,174.24,600,174.2332,500
14008,0.38,0.22,0.16,46.17000000000001,11:50:46,174.27,600,174.28,300,174.2785,600
14021,0.36,0.2,0.16,50.13,11:50:50,174.26,100,174.27,100,174.2735,400
14032,0.35,0.14,0.21,54.349999999999994,11:50:54,174.26,100,174.27,100,174.2635,105
14038,0.43000000000000005,0.23,0.2,0.0,11:51:00,174.26,400,174.27,100,174.2646,300
14085,0.31,0.12,0.19,25.57,11:51:25,174.27,800,174.28,100,174.2734,425
14091,0.27,0.07,0.2,27.869999999999997,11:51:27,174.28,400,174.29,1200,174.2835,100
14097,0.39,0.17,0.22,29.66,11:51:29,174.28,600,174.29,900,174.2836,800
14146,0.27,0.08,0.19,45.800000000000004,11:51:45,174.28,800,174.29,400,174.2815,250
14175,0.38,0.19,0.19,55.630000000000024,11:51:55,174.24,200,174.27,800,174.2509,200
14181,0.55,0.23,0.32,57.89000000000003,11:51:57,174.25,100,174.26,300,174.267,100
14220,0.31,0.07,0.24,15.930000000000001,11:52:15,174.24,800,174.25,900,174.2409,200
14244,0.44,0.24,0.2,26.120000000000005,11:52:26,174.22,300,174.24,900,174.2264,2000
14349,0.41000000000000003,0.19,0.22,0.0,11:53:00,174.22,200,174.24,700,174.2201,130
14458,0.25,0.08,0.17,45.760000000000026,11:53:45,174.2,400,174.22,1100,174.2076,300
14536,0.27,0.07,0.2,24.050000000000004,11:54:24,174.26,200,174.27,400,174.2656,286
14599,0.24000000000000002,0.07,0.17,44.04000000000001,11:54:44,174.28,600,174.3,3600,174.2941,100
14606,0.4,0.23,0.17,46.250000000000014,11:54:46,174.28,600,174.3,3600,174.2888,150
14670,0.38,0.21,0.17,8.620000000000001,11:55:08,174.31,700,174.33,200,174.3233,300
14680,0.3,0.09,0.21,16.29,11:55:16,174.32,200,174.33,400,174.32299999999998,1400
14685,0.27,0.07,0.2,18.04,11:55:18,174.31,600,174.33,800,174.3147,100
14690,0.5,0.25,0.25,22.59,11:55:22,174.31,600,174.33,800,174.3115,100
14700,0.37,0.17,0.2,26.020000000000007,11:55:26,174.31,800,174.33,700,174.3189,2000
14722,0.3,0.08,0.22,34.400000000000006,11:55:34,174.32,1400,174.33,700,174.325,100
14820,1.25,1.05,0.2,12.659999999999998,11:56:12,174.27,200,174.29,200,174.2798,100
14955,0.39,0.21,0.18,0.0,11:57:00,174.3,900,174.31,100,174.3015,456
14997,0.36,0.17,0.19,21.790000000000003,11:57:21,174.26,200,174.27,300,174.2672,200
15038,0.33999999999999997,0.13,0.21,35.78000000000001,11:57:35,174.18,400,174.19,400,174.1875,100
15088,0.29000000000000004,0.07,0.22,53.890000000000015,11:57:53,174.23,300,174.24,500,174.2354,100
15116,2.52,2.2,0.32,10.129999999999999,11:58:10,174.22,100,174.23,200,174.2225,1000
15130,1.02,0.8,0.22,18.689999999999998,11:58:18,174.23,100,174.24,700,174.2399,100
15161,0.37,0.2,0.17,30.160000000000007,11:58:30,174.23,400,174.24,700,174.2382,470
15191,0.37,0.2,0.17,38.07000000000001,11:58:38,174.21,200,174.22,400,174.2165,200
15220,0.27,0.07,0.2,48.09,11:58:48,174.22,200,174.24,700,174.2307,200
15307,0.3,0.08,0.22,27.740000000000013,11:59:27,174.25,300,174.27,300,174.2501,2000
15443,0.8400000000000001,0.52,0.32,20.019999999999992,12:00:20,174.24,600,174.28,800,174.2581,126
15459,0.34,0.07,0.27,25.869999999999994,12:00:25,174.25,200,174.28,400,174.2632,100
15483,0.32,0.14,0.18,33.80999999999999,12:00:33,174.26,100,174.28,400,174.2709,100
15586,1.8800000000000001,1.58,0.3,2.19,12:01:02,174.25,200,174.28,1100,174.2671,314
15700,0.37,0.2,0.17,43.14999999999995,12:01:43,174.27,200,174.28,100,174.2726,1000
15746,0.28,0.09,0.19,11.13,12:02:11,174.27,500,174.29,1100,174.2728,100
15797,0.24000000000000002,0.07,0.17,29.75999999999999,12:02:29,174.27,600,174.29,1100,174.2793,100
15850,0.37,0.19,0.18,45.759999999999955,12:02:45,174.28,500,174.29,900,174.2804,500
15869,0.24000000000000002,0.07,0.17,0.0,12:03:00,174.29,600,174.3,1700,174.2976,100
15891,0.39,0.22,0.17,7.150000000000003,12:03:07,174.29,700,174.3,1700,174.2938,157
15894,0.25,0.09,0.16,8.100000000000003,12:03:08,174.29,700,174.3,1700,174.2912,900
15911,2.04,1.72,0.32,19.08,12:03:19,174.3,400,174.32,200,174.3128,500
15933,0.31,0.08,0.23,28.09,12:03:28,174.31,700,174.34,2600,174.3272,100
15993,0.37,0.14,0.23,48.29000000000002,12:03:48,174.3,1100,174.32,200,174.3111,100
16004,0.33,0.13,0.2,52.170000000000016,12:03:52,174.3,1100,174.32,200,174.3126,100
16139,0.39,0.23,0.16,47.769999999999996,12:04:47,174.29,100,174.32,300,174.3067,143
16172,0.26,0.09,0.17,57.61,12:04:57,174.3,100,174.32,300,174.3002,100
16198,3.4699999999999998,3.23,0.24,9.73,12:05:09,174.29,300,174.3,200,174.2947,100
16226,0.4,0.24,0.16,19.62,12:05:19,174.29,500,174.31,200,174.2965,2000
16313,0.36,0.17,0.19,47.940000000000005,12:05:47,174.29,900,174.3,1300,174.2944,250
16326,0.4,0.21,0.19,52.02,12:05:52,174.29,900,174.3,1300,174.2908,100
16345,0.24000000000000002,0.07,0.17,0.0,12:06:00,174.29,900,174.3,1300,174.2993,100
16363,0.38,0.21,0.17,11.63,12:06:11,174.27,600,174.29,400,174.2899,100
16466,0.28,0.07,0.21,48.05999999999999,12:06:48,174.24,200,174.25,500,174.2468,2000
16503,0.25,0.07,0.18,5.71,12:07:05,174.25,200,174.26,100,174.2543,600
16514,4.23,3.96,0.27,15.46,12:07:15,174.25,400,174.28,800,174.25099999999998,125
16651,0.32,0.13,0.19,4.11,12:08:04,174.28,300,174.3,1400,174.2907,177
16663,0.36,0.17,0.19,10.43,12:08:10,174.27,300,174.28,500,174.2746,250
16670,2.81,2.59,0.22,16.709999999999997,12:08:16,174.27,400,174.28,500,174.2751,100
16698,0.5,0.25,0.25,28.409999999999993,12:08:28,174.25,800,174.26,400,174.255,250
16731,0.26,0.07,0.19,39.959999999999994,12:08:39,174.26,300,174.27,100,174.2601,166
16754,0.27,0.07,0.2,48.02000000000001,12:08:48,174.26,100,174.28,500,174.2792,100
16770,0.45999999999999996,0.21,0.25,54.06000000000001,12:08:54,174.28,200,174.29,200,174.2814,250
16785,0.39,0.17,0.22,0.0,12:09:00,174.29,200,174.3,1500,174.2925,800
17038,0.4,0.22,0.18,34.859999999999985,12:10:34,174.32,200,174.33,100,174.3241,400
17075,0.37,0.21,0.16,45.71999999999997,12:10:45,174.31,100,174.33,500,174.3197,200
17142,0.37,0.18,0.19,7.790000000000001,12:11:07,174.37,300,174.38,200,174.373,200
17205,0.24000000000000002,0.07,0.17,31.849999999999998,12:11:31,174.33,600,174.35,2600,174.3391,400
17226,0.29000000000000004,0.13,0.16,38.04999999999999,12:11:38,174.33,500,174.35,2600,174.3384,200
17259,0.28,0.12,0.16,48.190000000000005,12:11:48,174.35,200,174.37,400,174.3572,500
17282,0.37,0.21,0.16,55.91,12:11:55,174.34,1000,174.37,500,174.355,100
17289,0.37,0.2,0.17,57.93999999999999,12:11:57,174.34,1100,174.37,500,174.3553,100
17324,0.30000000000000004,0.13,0.17,9.21,12:12:09,174.23,200,174.25,800,174.2536,100
17343,0.35,0.17,0.18,19.120000000000008,12:12:19,174.23,100,174.24,300,174.2369,124
17403,0.24000000000000002,0.07,0.17,39.23000000000001,12:12:39,174.26,100,174.28,3600,174.2697,200
17427,0.27,0.07,0.2,47.19000000000002,12:12:47,174.21,600,174.24,100,174.2249,460
17440,0.26,0.07,0.19,51.200000000000024,12:12:51,174.21,300,174.24,200,174.2286,411
17481,0.36,0.2,0.16,19.879999999999995,12:13:19,174.23,200,174.25,100,174.2492,500
17487,0.33999999999999997,0.18,0.16,21.839999999999996,12:13:21,174.23,200,174.25,100,174.2434,2000
17705,0.28,0.07,0.21,43.91000000000002,12:14:43,174.25,900,174.26,500,174.2514,100
17787,0.30000000000000004,0.07,0.23,23.750000000000004,12:15:23,174.15,600,174.17,300,174.1508,700
17798,0.35,0.11,0.24,27.710000000000004,12:15:27,174.22,100,174.24,100,174.2276,5000
17831,0.44999999999999996,0.24,0.21,39.810000000000024,12:15:39,174.21,200,174.23,700,174.2205,100
17850,0.31,0.12,0.19,45.81000000000003,12:15:45,174.21,400,174.23,1200,174.2186,110
17981,0.24000000000000002,0.07,0.17,34.930000000000014,12:16:34,174.21,1100,174.23,2000,174.21599999999998,100
18020,0.27,0.07,0.2,47.920000000000016,12:16:47,174.17,800,174.18,1000,174.1774,300
18033,0.32,0.12,0.2,52.07000000000003,12:16:52,174.17,800,174.18,1000,174.1768,2000
18100,0.32,0.16,0.16,22.01,12:17:22,174.15,300,174.17,700,174.1529,450
18183,0.33999999999999997,0.18,0.16,47.889999999999986,12:17:47,174.17,300,174.19,700,174.1814,145
18269,0.36,0.19,0.17,20.609999999999992,12:18:20,174.14,500,174.15,700,174.1458,1350
18383,0.35,0.18,0.17,54.590000000000025,12:18:54,174.13,4100,174.14,1500,174.1377,530
18458,0.23,0.07,0.16,25.45000000000001,12:19:25,174.09,400,174.11,600,174.0928,100
18464,0.24000000000000002,0.07,0.17,27.20000000000001,12:19:27,174.09,500,174.11,600,174.1099,1000
18500,0.26,0.09,0.17,37.269999999999996,12:19:37,174.11,400,174.12,300,174.111,291
18524,0.4,0.21,0.19,45.34,12:19:45,174.11,400,174.12,200,174.1128,120
18587,1.26,1.04,0.22,21.909999999999993,12:20:21,174.11,300,174.12,600,174.115,300
18604,0.41000000000000003,0.21,0.2,28.169999999999995,12:20:28,174.1,800,174.12,700,174.1112,100
18622,0.4,0.21,0.19,34.279999999999994,12:20:34,174.1,700,174.11,700,174.1038,500
18717,0.37,0.17,0.2,5.72,12:21:05,174.07,100,174.08,100,174.0799,173
18723,1.22,1.05,0.17,8.98,12:21:08,174.07,200,174.08,100,174.0715,200
18844,0.62,0.26,0.36,56.19,12:21:56,174.09,200,174.1,1100,174.0957,100
18849,0.33999999999999997,0.1,0.24,0.0,12:22:00,174.09,200,174.1,1100,174.0942,100
18890,0.43000000000000005,0.2,0.23,21.990000000000006,12:22:21,174.08,500,174.09,200,174.0846,100
18947,0.4,0.21,0.19,42.14,12:22:42,174.07,300,174.08,200,174.0774,500
18983,0.28,0.09,0.19,53.93,12:22:53,174.02,400,174.04,200,174.0349,100
19014,0.42,0.18,0.24,0.0,12:23:00,174.03,200,174.04,100,174.0301,200
19035,0.62,0.29,0.33,12.42,12:23:12,174.05,1200,174.07,100,174.0623,1800
19040,3.77,3.48,0.29,17.42,12:23:17,174.06,200,174.07,100,174.0662,200
19101,0.35000000000000003,0.08,0.27,38.190000000000005,12:23:38,174.08,500,174.1,900,174.0893,125
19134,0.63,0.27,0.36,50.41000000000001,12:23:50,174.08,600,174.1,900,174.0935,1000
19164,0.44,0.19,0.25,1.81,12:24:01,174.08,300,174.1,900,174.0888,100
19278,0.31,0.07,0.24,49.78999999999998,12:24:49,174.07,600,174.08,500,174.0752,1100
19316,2.4,2.01,0.39,0.0,12:25:00,174.07,600,174.08,500,174.0746,167
19351,0.36000000000000004,0.08,0.28,19.769999999999996,12:25:19,174.11,200,174.12,600,174.1101,436
19372,0.42000000000000004,0.2,0.22,27.94,12:25:27,174.15,400,174.17,200,174.15200000000002,100
19383,0.35000000000000003,0.08,0.27,31.77,12:25:31,174.15,800,174.17,200,174.1601,289
19389,0.37,0.17,0.2,33.84,12:25:33,174.16,200,174.17,200,174.1689,122
19421,0.47,0.23,0.24,45.99000000000001,12:25:45,174.17,400,174.18,100,174.1769,200
19427,0.27,0.08,0.19,0.0,12:26:00,174.17,400,174.18,100,174.1758,400
19458,1.44,1.15,0.29,18.779999999999998,12:26:18,174.15,900,174.16,1000,174.1546,141
19481,0.38,0.17,0.21,28.02,12:26:28,174.16,200,174.17,100,174.1657,150
19552,0.39,0.14,0.25,54.0,12:26:54,174.17,200,174.19,900,174.1832,627
19594,0.42000000000000004,0.23,0.19,17.670000000000005,12:27:17,174.17,500,174.19,1200,174.17700000000002,130
19600,0.56,0.23,0.33,22.090000000000003,12:27:22,174.17,500,174.19,1200,174.1803,133
19694,0.24000000000000002,0.07,0.17,51.59999999999998,12:27:51,174.17,300,174.19,2300,174.1807,100
19701,0.30000000000000004,0.14,0.16,53.66999999999997,12:27:53,174.17,400,174.19,2300,174.1765,150
19714,0.26,0.09,0.17,57.80999999999996,12:27:57,174.16,400,174.17,400,174.1668,200
19720,0.25,0.08,0.17,0.0,12:28:00,174.16,400,174.17,400,174.1688,300
19807,0.32,0.13,0.19,35.800000000000004,12:28:35,174.15,300,174.17,500,174.1612,114
19851,0.25,0.08,0.17,49.86,12:28:49,174.15,400,174.17,500,174.1588,100
19871,0.31,0.12,0.19,56.14999999999999,12:28:56,174.17,1000,174.18,500,174.1698,1000
19914,0.49,0.32,0.17,10.020000000000001,12:29:10,174.18,300,174.19,900,174.1801,123
19973,0.27,0.07,0.2,34.04,12:29:34,174.2,400,174.21,300,174.2036,800
20075,0.39,0.21,0.18,14.539999999999997,12:30:14,174.2,200,174.21,3000,174.2007,100
20081,2.5500000000000003,2.39,0.16,20.31,12:30:20,174.2,200,174.21,3200,174.2041,900
20129,0.35,0.17,0.18,36.61000000000002,12:30:36,174.2,300,174.22,300,174.2154,812
20371,0.35,0.17,0.18,19.66,12:32:19,174.23,500,174.24,700,174.2346,125
20579,0.25,0.07,0.18,33.78,12:33:33,174.31,200,174.33,300,174.3125,1000
20656,1.94,1.58,0.36,9.799999999999999,12:34:09,174.35,700,174.36,800,174.3505,500
20675,4.39,4.21,0.18,20.98,12:34:20,174.35,1000,174.37,200,174.3597,100
20703,0.53,0.22,0.31,29.959999999999997,12:34:29,174.31,300,174.33,200,174.3199,100
20757,0.33999999999999997,0.18,0.16,46.06999999999999,12:34:46,174.35,400,174.38,200,174.365,500
20813,0.35,0.18,0.17,2.11,12:35:02,174.37,1300,174.4,6400,174.3898,900
20829,0.32,0.07,0.25,10.99,12:35:10,174.37,1400,174.4,6300,174.3869,100
20889,0.25,0.09,0.16,34.93,12:35:34,174.38,300,174.4,6500,174.399,1000
20942,0.39,0.22,0.17,52.09999999999998,12:35:52,174.36,600,174.38,200,174.3786,100
20961,0.33999999999999997,0.18,0.16,0.0,12:36:00,174.37,300,174.38,300,174.3701,366
20991,0.48000000000000004,0.28,0.2,21.990000000000002,12:36:21,174.39,100,174.4,300,174.3925,100
21049,0.29000000000000004,0.13,0.16,40.07999999999999,12:36:40,174.3,1100,174.33,100,174.3226,500
21127,0.26,0.08,0.18,4.07,12:37:04,174.28,200,174.31,100,174.2902,900
21199,0.48,0.23,0.25,32.38999999999999,12:37:32,174.32,100,174.34,400,174.3238,177
21280,0.41000000000000003,0.2,0.21,2.06,12:38:02,174.32,400,174.34,200,174.333,500
21290,0.30000000000000004,0.07,0.23,5.840000000000001,12:38:05,174.32,500,174.34,300,174.3224,1000
21297,0.28,0.07,0.21,8.16,12:38:08,174.32,500,174.34,300,174.3284,260
21311,1.28,1.08,0.2,18.870000000000008,12:38:18,174.35,300,174.36,100,174.3573,300
21320,0.49,0.29,0.2,21.980000000000008,12:38:21,174.35,900,174.36,100,174.3544,100
21372,0.39,0.21,0.18,42.24,12:38:42,174.37,100,174.38,300,174.37599999999998,4000
21409,0.25,0.07,0.18,0.8999999999999999,12:39:00,174.42,600,174.43,500,174.4254,100
21437,0.23,0.07,0.16,9.100000000000003,12:39:09,174.43,500,174.45,200,174.4301,492
21487,0.26,0.09,0.17,0.0,12:40:00,174.45,200,174.47,400,174.457,500
21505,0.34,0.17,0.17,5.950000000000001,12:40:05,174.45,500,174.47,700,174.4654,117
21509,3.1900000000000004,2.97,0.22,12.870000000000001,12:40:12,174.45,500,174.46,200,174.4577,1500
21515,0.25,0.08,0.17,19.950000000000003,12:40:19,174.45,500,174.46,200,174.4556,100
21521,0.29000000000000004,0.13,0.16,21.870000000000005,12:40:21,174.45,500,174.46,200,174.4536,750
21528,0.5700000000000001,0.27,0.3,24.07,12:40:24,174.45,500,174.46,200,174.4599,172
21613,0.28,0.07,0.21,49.929999999999986,12:40:49,174.4,100,174.42,1000,174.4055,500
21625,0.27,0.08,0.19,53.88999999999999,12:40:53,174.4,100,174.42,200,174.4099,100
21656,3.67,3.5,0.17,10.99,12:41:10,174.4,200,174.42,200,174.4068,1000
21659,0.24000000000000002,0.07,0.17,11.860000000000001,12:41:11,174.4,200,174.41,100,174.4001,248
21699,0.34,0.17,0.17,27.759999999999998,12:41:27,174.4,200,174.42,100,174.4154,147
21748,0.27,0.08,0.19,43.87999999999999,12:41:43,174.42,100,174.44,800,174.4267,200
21754,0.36,0.17,0.19,45.839999999999996,12:41:45,174.42,200,174.44,200,174.4313,1000
21760,0.47000000000000003,0.27,0.2,47.910000000000004,12:41:47,174.42,200,174.44,200,174.4316,200
21818,0.55,0.23,0.32,11.000000000000002,12:44:11,174.49,800,174.51,100,174.4995,200
21844,0.24000000000000002,0.07,0.17,18.750000000000007,12:44:18,174.46,100,174.48,100,174.4713,200
21902,0.26,0.08,0.18,5.4799999999999995,12:45:05,174.4,100,174.41,600,174.4046,100
21914,0.28,0.07,0.21,9.469999999999999,12:45:09,174.39,500,174.41,200,174.4012,500
21948,0.42,0.24,0.18,21.34,12:45:21,174.4,900,174.42,400,174.4088,200
21983,0.26,0.07,0.19,33.32,12:45:33,174.4,1100,174.41,100,174.4044,300
22019,0.36000000000000004,0.08,0.28,0.0,12:46:00,174.42,100,174.43,400,174.425,114
22027,0.87,0.6,0.27,7.04,12:46:07,174.43,100,174.44,100,174.4332,800
22033,0.28,0.08,0.2,12.28,12:46:12,174.44,1100,174.46,100,174.4472,500
22046,2.09,1.75,0.34,21.38,12:46:21,174.44,200,174.46,200,174.4545,200
22081,0.41000000000000003,0.23,0.18,34.17999999999999,12:46:34,174.42,900,174.44,100,174.4299,150
22199,0.38,0.21,0.17,23.619999999999997,12:47:23,174.47,200,174.5,900,174.4768,900
22260,0.37,0.19,0.18,43.730000000000025,12:47:43,174.39,400,174.43,800,174.41099999999997,200
22358,0.23,0.07,0.16,22.00000000000001,12:48:22,174.46,500,174.48,100,174.46099999999998,180
22498,3.1100000000000003,2.95,0.16,6.9300000000000015,12:49:06,174.51,300,174.52,100,174.515,100
22501,4.42,4.1,0.32,13.310000000000002,12:49:13,174.51,300,174.53,2100,174.5188,500
22502,0.29,0.08,0.21,13.600000000000001,12:49:13,174.51,300,174.53,2100,174.5183,790
22509,2.99,2.72,0.27,20.11,12:49:20,174.52,3400,174.53,2100,174.5201,486
22540,0.28,0.08,0.2,29.96000000000001,12:49:29,174.52,300,174.54,200,174.5312,300
22551,0.35,0.13,0.22,34.02000000000001,12:49:34,174.52,300,174.54,100,174.5251,1000
22565,0.33,0.14,0.19,40.100000000000016,12:49:40,174.51,1100,174.53,100,174.5212,300
22603,0.43,0.24,0.19,54.09,12:49:54,174.52,200,174.53,100,174.5256,228
22724,0.4,0.18,0.22,47.99000000000003,12:50:47,174.52,400,174.55,1800,174.5466,1000
22730,0.44,0.24,0.2,50.12000000000003,12:50:50,174.52,400,174.54,1000,174.5332,182
22768,0.41000000000000003,0.21,0.2,2.31,12:51:02,174.53,300,174.54,700,174.5325,200
23037,0.37,0.21,0.16,34.169999999999995,12:52:34,174.44,100,174.45,200,174.445,150
23071,0.37,0.13,0.24,46.059999999999974,12:52:46,174.42,300,174.44,300,174.4384,4500
23076,0.32,0.12,0.2,48.04999999999997,12:52:48,174.42,300,174.43,100,174.43900000000002,100
23150,0.35,0.18,0.17,22.790000000000006,12:53:22,174.3,100,174.32,400,174.3116,400
23156,0.33999999999999997,0.18,0.16,24.570000000000004,12:53:24,174.32,400,174.34,700,174.3399,300
23187,0.26,0.07,0.19,34.57000000000001,12:53:34,174.32,700,174.35,300,174.3336,1000
23266,2.0,1.76,0.24,11.01,12:54:11,174.29,100,174.31,300,174.2982,600
23290,0.41000000000000003,0.21,0.2,24.010000000000005,12:54:24,174.28,1100,174.3,300,174.2909,100
23393,0.62,0.23,0.39,0.0,12:55:00,174.29,900,174.32,1000,174.3039,873
23405,0.27,0.08,0.19,7.699999999999999,12:55:07,174.3,400,174.32,500,174.3064,2000
23456,0.26,0.09,0.17,33.78,12:55:33,174.3,400,174.32,400,174.3112,1000
23475,0.38,0.22,0.16,39.77000000000001,12:55:39,174.33,100,174.35,100,174.3387,1961
23560,2.08,1.76,0.32,3.4000000000000004,12:56:03,174.31,500,174.33,500,174.3232,700
23566,2.3899999999999997,2.15,0.24,10.43,12:56:10,174.31,500,174.33,500,174.3201,189
23571,0.38,0.21,0.17,12.05,12:56:12,174.33,100,174.34,300,174.3344,500
23603,0.24,0.08,0.16,23.829999999999988,12:56:23,174.31,1000,174.34,600,174.312,500
23714,3.21,2.87,0.34,0.0,12:57:00,174.3,300,174.31,300,174.3017,608
23718,3.7,3.41,0.29,6.800000000000001,12:57:06,174.3,400,174.31,300,174.30900000000003,900
23747,0.44,0.23,0.21,19.219999999999995,12:57:19,174.3,500,174.31,400,174.3053,1000
23772,0.48,0.31,0.17,27.110000000000003,12:57:27,174.3,1000,174.31,500,174.305,125
23910,0.31000000000000005,0.14,0.17,23.929999999999993,12:58:23,174.29,100,174.3,400,174.2964,700
23951,0.41000000000000003,0.21,0.2,36.079999999999984,12:58:36,174.33,100,174.34,300,174.3338,114
23960,1.4200000000000002,1.12,0.3,39.929999999999986,12:58:39,174.35,200,174.36,200,174.3501,2000
24019,0.42000000000000004,0.22,0.2,0.0,13:00:00,174.29,400,174.31,1100,174.3035,2000
24128,4.420000000000001,4.19,0.23,6.500000000000001,13:01:06,174.34,100,174.35,100,174.34900000000002,222
24216,0.38,0.2,0.18,41.71999999999998,13:01:41,174.34,200,174.37,100,174.3468,1100
24430,0.27,0.07,0.2,0.0,13:03:00,174.35,100,174.37,300,174.3635,100
24459,3.23,3.06,0.17,20.78,13:03:20,174.35,200,174.37,200,174.3622,165
24551,0.26,0.07,0.19,50.050000000000004,13:03:50,174.36,200,174.37,300,174.3674,150
24607,1.03,0.76,0.27,8.22,13:04:08,174.35,300,174.36,300,174.3486,3700
24715,0.56,0.27,0.29,50.13000000000001,13:04:50,174.27,100,174.28,100,174.2738,500
24817,0.39,0.22,0.17,31.779999999999998,13:05:31,174.36,300,174.38,100,174.3601,100
24947,0.28,0.08,0.2,16.12,13:09:16,174.47,400,174.49,200,174.4831,1000
25004,0.28,0.11,0.17,35.97000000000001,13:09:35,174.44,200,174.46,100,174.455,300
25075,0.4,0.13,0.27,0.0,13:10:00,174.44,500,174.47,100,174.46900000000002,344
25088,0.27,0.09,0.18,12.16,13:10:12,174.45,400,174.47,200,174.4627,213
25098,0.31,0.07,0.24,18.059999999999995,13:10:18,174.45,400,174.47,200,174.468,1000
25115,0.29,0.08,0.21,23.82,13:10:23,174.46,400,174.49,300,174.4761,229
25212,0.28,0.07,0.21,0.0,13:11:00,174.41,100,174.45,900,174.4323,700
25240,0.36000000000000004,0.08,0.28,15.939999999999998,13:11:15,174.42,200,174.45,200,174.4308,800
25252,0.5,0.21,0.29,22.069999999999997,13:11:22,174.43,300,174.45,100,174.4366,511
25278,0.42,0.07,0.35,34.52,13:11:34,174.43,300,174.45,300,174.437,1000
25302,0.39,0.08,0.31,46.079999999999984,13:11:46,174.38,100,174.39,600,174.385,100
25324,0.48000000000000004,0.08,0.4,57.32999999999996,13:11:57,174.42,900,174.44,100,174.4374,2000
25399,0.44,0.18,0.26,35.64,13:12:35,174.39,400,174.41,300,174.3988,100
25445,0.27,0.09,0.18,53.860000000000014,13:12:53,174.4,100,174.42,300,174.4136,100
25465,0.5800000000000001,0.25,0.33,5.98,13:13:05,174.41,500,174.43,100,174.4191,240
25641,0.74,0.11,0.63,0.74,13:15:00,174.42,100,174.44,100,174.4322,100
25672,0.6200000000000001,0.07,0.55,24.960000000000004,13:15:24,174.41,400,174.44,1100,174.4231,800
25700,0.46,0.13,0.33,41.38,13:15:41,174.41,300,174.42,100,174.4175,2000
25736,0.61,0.18,0.43,9.77,13:16:09,174.43,300,174.45,300,174.4387,150
25884,0.6,0.18,0.42,53.34000000000001,13:17:53,174.44,200,174.46,100,174.4468,100
25958,0.5800000000000001,0.18,0.4,40.59000000000003,13:18:40,174.41,200,174.43,100,174.4212,100
26046,0.43,0.07,0.36,41.64,13:19:41,174.37,100,174.39,600,174.3793,507
26126,0.44,0.08,0.36,37.80000000000001,13:20:37,174.4,300,174.41,100,174.405,100
26163,0.74,0.2,0.54,0.0,13:21:00,174.41,200,174.42,200,174.4146,250
26173,5.16,4.55,0.61,11.620000000000001,13:21:11,174.43,200,174.44,200,174.4399,2000
26192,0.59,0.23,0.36,27.879999999999995,13:21:27,174.42,300,174.44,100,174.4398,100
26264,3.04,2.57,0.47,8.059999999999999,13:22:08,174.42,200,174.43,300,174.42700000000002,200
26283,0.5800000000000001,0.18,0.4,20.020000000000003,13:22:20,174.42,400,174.43,400,174.4246,1000
26291,0.59,0.08,0.51,24.240000000000006,13:22:24,174.42,400,174.43,400,174.4214,125
26346,0.43999999999999995,0.09,0.35,54.110000000000014,13:22:54,174.29,500,174.3,400,174.2968,2000
26374,1.58,1.08,0.5,20.810000000000002,13:23:20,174.29,700,174.3,900,174.2946,234
26378,0.5700000000000001,0.18,0.39,24.21,13:23:24,174.29,700,174.3,900,174.2975,100
26406,0.77,0.18,0.59,42.41000000000002,13:23:42,174.29,700,174.3,900,174.2979,5000
26459,0.8099999999999999,0.24,0.57,24.210000000000004,13:24:24,174.26,300,174.28,100,174.2693,1600
26467,0.8600000000000001,0.19,0.67,29.44,13:24:29,174.27,100,174.28,100,174.2759,1008
26492,1.5999999999999999,0.18,1.42,48.78000000000001,13:24:48,174.26,200,174.28,100,174.2664,100
26511,2.37,1.09,1.28,15.79,13:25:15,174.31,200,174.33,400,174.322,310
26522,1.2000000000000002,0.08,1.12,29.029999999999998,13:25:29,174.34,200,174.35,100,174.34099999999998,2000
26533,1.18,0.23,0.95,41.440000000000005,13:25:41,174.33,200,174.34,100,174.3364,608
26557,1.2000000000000002,0.27,0.93,8.399999999999999,13:26:08,174.29,100,174.3,100,174.2981,600
26563,1.39,0.18,1.21,16.39,13:26:16,174.28,300,174.31,200,174.2932,500
26603,1.22,0.09,1.13,4.0,13:27:04,174.27,100,174.28,100,174.2799,100
26606,1.22,0.07,1.15,8.01,13:27:08,174.25,400,174.28,100,174.278,100
26610,1.21,0.24,0.97,16.6,13:27:16,174.26,500,174.28,100,174.2666,100
26619,1.2,0.15,1.05,26.42,13:27:26,174.26,300,174.28,100,174.2695,999
26638,1.0,0.07,0.93,47.99000000000001,13:27:47,174.26,300,174.28,100,174.2713,200
26647,1.4200000000000002,0.09,1.33,59.240000000000016,13:27:59,174.27,500,174.3,600,174.2997,200
26648,1.5899999999999999,0.42,1.17,0.0,13:28:00,174.27,500,174.3,600,174.2839,140
26666,1.37,0.1,1.27,25.570000000000004,13:28:25,174.27,200,174.28,600,174.2748,334
26730,1.1900000000000002,0.07,1.12,52.57,13:29:52,174.31,100,174.32,300,174.3046,170
26735,1.4000000000000001,0.07,1.33,0.0,13:30:00,174.31,100,174.32,200,174.3158,803
26737,1.2,0.07,1.13,3.5600000000000005,13:30:03,174.31,100,174.32,200,174.3193,200
26748,1.41,0.18,1.23,17.57,13:30:17,174.32,100,174.33,300,174.3293,100
26753,1.01,0.07,0.94,23.57,13:30:23,174.31,400,174.32,800,174.3167,189
26776,1.2,0.07,1.13,53.540000000000006,13:30:53,174.3,200,174.31,200,174.3066,194
26786,1.2,0.21,0.99,3.99,13:31:03,174.28,300,174.3,400,174.282,200
26828,1.4100000000000001,0.07,1.34,56.19000000000001,13:31:56,174.27,300,174.3,400,174.2895,125
26832,1.1900000000000002,0.09,1.1,3.8000000000000007,13:32:03,174.28,800,174.3,300,174.2998,100
26844,1.4000000000000001,0.09,1.31,22.359999999999996,13:32:22,174.28,200,174.3,300,174.2866,500
26864,1.61,0.27,1.34,50.980000000000004,13:32:50,174.28,500,174.3,300,174.2887,100
26886,1.4200000000000002,0.08,1.34,8.41,13:33:08,174.3,500,174.32,1000,174.313,490
26907,1.5899999999999999,0.37,1.22,36.0,13:33:36,174.29,700,174.31,600,174.2948,100
26912,1.2200000000000002,0.14,1.08,0.0,13:34:00,174.29,300,174.3,100,174.2934,174
26922,4.1899999999999995,3.02,1.17,14.580000000000002,13:34:14,174.3,400,174.31,500,174.3034,145
26925,1.22,0.07,1.15,19.0,13:34:19,174.3,300,174.31,500,174.3001,733
27001,1.19,0.15,1.04,52.57000000000001,13:35:52,174.3,100,174.31,500,174.3099,740
27010,1.4,0.2,1.2,4.359999999999999,13:36:04,174.29,400,174.3,300,174.2942,100
27035,1.01,0.14,0.87,36.16,13:36:36,174.3,300,174.31,800,174.301,1500
27073,0.99,0.18,0.81,22.830000000000002,13:37:22,174.29,1700,174.31,800,174.296,500
27080,1.01,0.21,0.8,30.230000000000004,13:37:30,174.3,800,174.31,300,174.3062,100
27098,1.17,0.23,0.94,51.19000000000002,13:37:51,174.27,200,174.29,500,174.2833,100
27106,1.19,0.17,1.02,0.0,13:38:00,174.24,100,174.25,500,174.2446,245
27112,1.39,0.21,1.18,9.82,13:38:09,174.24,600,174.25,300,174.2436,500
27159,1.2,0.15,1.05,1.2,13:39:01,174.26,200,174.27,100,174.25900000000001,1126
27180,1.2000000000000002,0.12,1.08,27.39,13:39:27,174.28,300,174.29,100,174.2843,100
27190,0.98,0.22,0.76,38.379999999999995,13:39:38,174.28,700,174.29,100,174.2852,100
27198,0.82,0.1,0.72,0.0,13:40:00,174.27,500,174.29,500,174.283,100
27202,1.2,0.18,1.02,4.4,13:40:04,174.28,300,174.29,300,174.2856,750
27211,54.8,53.89,0.91,0.0,13:41:00,174.29,600,174.31,500,174.2984,150
27255,1.23,0.09,1.14,1.23,13:42:01,174.33,300,174.34,600,174.3333,1900
27267,1.03,0.08,0.95,18.0,13:42:18,174.33,600,174.34,500,174.3337,1616
27282,1.21,0.08,1.13,37.78,13:42:37,174.33,500,174.35,900,174.3516,800
27287,1.4,0.19,1.21,44.18,13:42:44,174.33,400,174.35,1000,174.3413,275
27288,1.4000000000000001,0.07,1.33,45.58,13:42:45,174.33,400,174.35,1000,174.3488,3103
27314,2.59,1.72,0.87,15.62,13:43:15,174.33,500,174.34,600,174.3362,102
27333,0.8200000000000001,0.07,0.75,34.87,13:43:34,174.33,700,174.34,700,174.3343,100
27356,2.2199999999999998,1.16,1.06,2.2199999999999998,13:44:02,174.33,600,174.35,1000,174.3463,1600
27371,1.22,0.08,1.14,24.219999999999995,13:44:24,174.32,200,174.33,200,174.3254,660
27381,1.19,0.21,0.98,35.60999999999999,13:44:35,174.32,200,174.33,500,174.3258,250
27384,1.01,0.16,0.85,39.039999999999985,13:44:39,174.32,300,174.33,500,174.3242,500
27400,1.3900000000000001,0.09,1.3,56.02999999999999,13:44:56,174.34,200,174.35,1000,174.345,100
27409,1.3800000000000001,0.28,1.1,11.020000000000001,13:45:11,174.34,400,174.35,1000,174.3401,493
27411,1.0,0.07,0.93,14.430000000000001,13:45:14,174.34,1000,174.35,1000,174.3454,1000
27437,1.02,0.07,0.95,43.84,13:45:43,174.35,700,174.36,500,174.3508,3950
27463,1.65,0.18,1.47,9.660000000000002,13:46:09,174.35,700,174.37,500,174.3634,115
27472,1.23,0.25,0.98,21.220000000000006,13:46:21,174.36,1200,174.37,300,174.3645,435
27483,1.41,0.18,1.23,36.400000000000006,13:46:36,174.36,1200,174.38,300,174.3692,100
27502,1.21,0.07,1.14,4.01,13:47:04,174.35,800,174.37,300,174.3651,500
27519,1.2,0.23,0.97,28.409999999999997,13:47:28,174.38,400,174.39,1000,174.389,500
27527,1.39,0.18,1.21,38.42,13:47:38,174.38,400,174.39,1000,174.3887,100
27535,1.03,0.08,0.95,47.82,13:47:47,174.39,100,174.4,2500,174.3907,100
27537,0.98,0.07,0.91,49.989999999999995,13:47:49,174.38,500,174.4,200,174.3975,300
27544,1.38,0.18,1.2,58.179999999999986,13:47:58,174.39,300,174.4,200,174.3913,100
27546,1.2000000000000002,0.08,1.12,0.0,13:48:00,174.39,300,174.4,300,174.395,100
27553,1.63,0.68,0.95,8.4,13:48:08,174.38,300,174.39,200,174.3885,200
27554,0.99,0.12,0.87,9.39,13:48:09,174.38,200,174.39,200,174.3873,500
27561,2.6,1.57,1.03,19.990000000000006,13:48:19,174.38,200,174.39,200,174.3867,300
27568,1.17,0.3,0.87,27.760000000000005,13:48:27,174.34,200,174.35,600,174.3457,115
27593,0.98,0.09,0.89,51.35999999999999,13:48:51,174.28,500,174.3,800,174.2903,400
27626,1.1800000000000002,0.13,1.05,27.189999999999998,13:49:27,174.3,100,174.31,100,174.303,162
27662,0.99,0.17,0.82,2.16,13:50:02,174.33,100,174.34,200,174.332,200
27677,0.99,0.16,0.83,21.799999999999997,13:50:21,174.34,200,174.35,200,174.3446,190
27721,1.2000000000000002,0.27,0.93,11.18,13:51:11,174.27,300,174.3,500,174.2796,186
27730,1.39,0.24,1.15,25.580000000000002,13:51:25,174.25,300,174.27,600,174.2608,100
27746,1.5699999999999998,0.41,1.16,45.18000000000001,13:51:45,174.27,100,174.29,800,174.287,100
27747,1.39,0.2,1.19,46.57000000000001,13:51:46,174.27,100,174.29,400,174.28400000000002,1100
27791,1.17,0.42,0.75,33.989999999999995,13:52:33,174.28,200,174.29,100,174.2834,500
27797,1.1600000000000001,0.07,1.09,40.17,13:52:40,174.26,200,174.27,200,174.263,100
27820,1.0,0.18,0.82,3.79,13:53:03,174.25,100,174.26,100,174.2575,100
27908,1.19,0.23,0.96,44.42,13:54:44,174.23,900,174.26,400,174.232,100
27931,1.2,0.33,0.87,11.399999999999999,13:55:11,174.26,400,174.28,100,174.2691,100
27940,1.58,0.08,1.5,24.379999999999995,13:55:24,174.25,200,174.26,200,174.2533,100
27941,1.2,0.18,1.02,25.579999999999995,13:55:25,174.25,300,174.27,100,174.2657,100
27979,1.18,0.22,0.96,10.2,13:56:10,174.26,200,174.27,100,174.2733,2000
27995,0.8099999999999999,0.08,0.73,27.589999999999996,13:56:27,174.21,200,174.23,400,174.21900000000002,100
28004,0.97,0.08,0.89,35.57999999999999,13:56:35,174.22,500,174.23,400,174.2258,200
28006,0.82,0.13,0.69,37.39999999999999,13:56:37,174.22,500,174.23,400,174.229,158
28030,0.98,0.24,0.74,0.0,13:57:00,174.2,800,174.21,500,174.2056,200
28078,0.82,0.09,0.73,54.58,13:57:54,174.2,700,174.21,100,174.2068,400
28084,0.99,0.13,0.86,5.79,13:58:05,174.2,700,174.21,100,174.2047,200
28090,2.0,1.04,0.96,16.59,13:58:16,174.2,800,174.21,200,174.2059,250
28091,3.21,2.0,1.21,19.8,13:58:19,174.2,800,174.21,200,174.2046,100
28098,1.3800000000000001,0.08,1.3,28.78,13:58:28,174.2,900,174.21,300,174.2025,100
28111,1.2,0.07,1.13,44.570000000000014,13:58:44,174.21,400,174.22,1000,174.2162,150
28115,1.3900000000000001,0.07,1.32,50.170000000000016,13:58:50,174.21,200,174.22,1000,174.2176,100
28127,1.02,0.07,0.95,2.21,13:59:02,174.2,600,174.22,1300,174.2064,200
28133,1.4,0.24,1.16,10.81,13:59:10,174.17,200,174.18,2700,174.1702,100
28144,1.39,0.18,1.21,24.190000000000005,13:59:24,174.21,200,174.23,800,174.2255,160
28149,1.19,0.13,1.06,30.370000000000008,13:59:30,174.22,100,174.24,200,174.2268,800
28150,1.03,0.15,0.88,31.40000000000001,13:59:31,174.22,200,174.24,200,174.2305,100
28160,1.01,0.07,0.94,43.38000000000001,13:59:43,174.23,400,174.24,600,174.2367,100
28168,1.0,0.12,0.88,52.59000000000001,13:59:52,174.21,300,174.23,900,174.2185,171
28220,1.17,0.23,0.94,40.980000000000004,14:00:40,174.21,100,174.22,200,174.207,138
28232,0.98,0.07,0.91,12.0,14:01:12,174.19,300,174.2,100,174.1992,2000
28263,1.0,0.14,0.86,46.370000000000005,14:01:46,174.19,400,174.2,200,174.1938,220
28281,2.0,0.83,1.17,10.18,14:02:10,174.25,100,174.27,300,174.2597,750
28331,0.99,0.26,0.73,12.0,14:03:12,174.14,100,174.16,600,174.13099999999997,600
28349,1.19,0.24,0.95,33.81,14:03:33,174.17,200,174.19,300,174.165,100
28397,0.98,0.07,0.91,35.160000000000004,14:04:35,174.15,100,174.18,700,174.15099999999998,300
28400,0.98,0.08,0.9,37.760000000000005,14:04:37,174.16,200,174.18,100,174.1575,568
28411,1.02,0.2,0.82,47.78000000000001,14:04:47,174.16,200,174.17,200,174.1683,119
28422,0.8200000000000001,0.07,0.75,57.790000000000006,14:04:57,174.16,300,174.17,300,174.1635,1500
28431,0.98,0.24,0.74,13.579999999999998,14:05:13,174.15,400,174.16,400,174.1549,100
28497,0.8200000000000001,0.07,0.75,29.999999999999993,14:06:29,174.09,100,174.1,100,174.0946,100
28502,1.57,0.09,1.48,36.589999999999996,14:06:36,174.1,100,174.11,100,174.1049,226
28506,1.42,0.2,1.22,41.809999999999995,14:06:41,174.1,100,174.11,400,174.1002,100
28533,1.22,0.09,1.13,20.439999999999998,14:07:20,174.1,300,174.12,100,174.1108,100
