,Total Delay,Request Delay,Saving Delay,Arrival Time,Time,Bid,Bid Size,Ask,Ask Size,Last Price,Last Size
0,0.6499999999999999,0.3,0.35,0.6499999999999999,09:30:00,127.58,200,127.81,100,127.9,111
42,0.32,0.07,0.25,16.54,09:30:16,127.62,200,127.81,100,127.8,100
46,0.35000000000000003,0.08,0.27,0.0,09:31:00,127.6,100,127.91,100,127.81,100
51,0.4,0.18,0.22,1.98,09:31:01,127.65,100,127.91,100,127.91,100
417,0.39,0.2,0.19,28.689999999999998,09:33:28,127.76,100,127.87,100,127.79,100
423,0.28,0.07,0.21,30.840000000000003,09:33:30,127.77,100,127.87,100,127.77,100
486,0.25,0.07,0.18,0.0,09:34:00,127.83,100,127.99,100,127.87,100
609,0.49,0.2,0.29,56.449999999999996,09:34:56,127.92,100,128.18,100,128.0,100
614,0.38,0.08,0.3,0.0,09:35:00,127.92,100,128.04,100,127.92,100
771,2.1,1.83,0.27,2.44,09:36:02,127.67,600,127.9,100,127.82,100
800,0.44000000000000006,0.17,0.27,19.02,09:36:19,127.68,600,127.85,100,127.69,100
855,0.35000000000000003,0.07,0.28,43.070000000000014,09:36:43,127.59,100,127.75,300,127.62,100
880,0.46,0.07,0.39,0.0,09:37:00,127.57,100,127.73,200,127.595,100
889,0.67,0.21,0.46,5.03,09:37:05,127.43,100,127.62,100,127.57,100
897,1.12,0.75,0.37,9.260000000000002,09:37:09,127.43,100,127.62,100,127.525,100
905,0.42000000000000004,0.1,0.32,16.91,09:37:16,127.45,200,127.61,100,127.47,136
1055,0.55,0.24,0.31,0.0,09:38:00,127.46,100,127.59,100,127.55,100
1060,0.33,0.08,0.25,1.92,09:38:01,127.49,100,127.59,100,127.535,100
1137,0.31,0.08,0.23,0.0,09:39:00,127.54,100,127.69,100,127.59,100
1177,0.36,0.15,0.21,19.87,09:39:19,127.55,100,127.68,100,127.64,100
1202,0.47,0.18,0.29,29.83,09:39:29,127.57,100,127.65,200,127.61,100
1231,0.29,0.08,0.21,41.610000000000014,09:39:41,127.6,200,127.68,100,127.65,100
1238,0.38,0.19,0.19,43.95000000000002,09:39:43,127.61,200,127.73,1200,127.67,100
1482,0.45999999999999996,0.24,0.22,10.190000000000001,09:41:10,127.52,300,127.67,300,127.63,100
1627,0.44,0.24,0.2,20.26,09:42:20,127.53,100,127.58,300,127.53,100
1632,0.33,0.07,0.26,22.029999999999998,09:42:22,127.53,100,127.6,300,127.58,300
1972,1.42,1.15,0.27,2.02,09:45:02,127.52,300,127.61,300,127.52,100
2005,0.43,0.07,0.36,17.300000000000004,09:45:17,127.59,100,127.66,200,127.6,100
2209,0.53,0.27,0.26,0.0,09:46:00,127.6,200,127.71,100,127.7,100
2210,0.26,0.08,0.18,0.26,09:46:00,127.6,100,127.71,100,127.66,100
2347,0.42,0.21,0.21,23.78,09:47:23,127.61,100,127.68,1200,127.645,100
2742,0.39,0.21,0.18,22.110000000000014,09:50:22,127.62,100,127.7,100,127.635,100
2794,2.9,2.59,0.31,0.0,09:51:00,127.48,100,127.6,100,127.54,100
3201,0.36,0.2,0.16,0.0,09:53:00,127.42,100,127.55,200,127.465,100
3349,0.39,0.2,0.19,21.919999999999998,09:54:21,127.46,300,127.56,100,127.51,100
3367,0.36,0.18,0.18,28.14,09:54:28,127.52,200,127.59,100,127.56,100
3384,0.4,0.1,0.3,0.0,09:55:00,127.52,200,127.59,100,127.555,200
4003,0.54,0.24,0.3,12.060000000000006,09:59:12,127.46,100,127.55,100,127.46,100
4028,0.4,0.23,0.17,19.87,09:59:19,127.47,100,127.52,100,127.49,100
4039,0.32,0.09,0.23,23.900000000000002,09:59:23,127.47,100,127.52,200,127.495,100
4077,0.25,0.07,0.18,37.81999999999999,09:59:37,127.43,100,127.51,100,127.45,100
4104,3.3400000000000003,2.95,0.39,0.0,10:00:00,127.44,100,127.51,100,127.475,100
4121,0.37,0.1,0.27,9.62,10:00:09,127.48,100,127.58,100,127.48,100
4145,0.45000000000000007,0.17,0.28,23.189999999999998,10:00:23,127.39,100,127.47,100,127.43,100
4169,0.32,0.07,0.25,33.30999999999999,10:00:33,127.41,100,127.49,100,127.4,100
4499,0.30000000000000004,0.1,0.2,0.0,10:03:00,127.47,100,127.56,100,127.505,100
4797,0.33,0.07,0.26,0.0,10:05:00,127.46,200,127.54,100,127.5,400
4940,0.23,0.07,0.16,6.200000000000001,10:06:06,127.51,100,127.61,200,127.565,100
5163,0.31,0.13,0.18,37.12,10:07:37,127.43,100,127.48,300,127.4201,200
5175,0.36,0.15,0.21,41.21,10:07:41,127.43,300,127.48,300,127.455,100
5462,168.17,168.0,0.17,0.0,10:12:00,127.3,700,127.36,100,127.32,100
5552,0.32,0.08,0.24,0.0,10:13:00,127.33,300,127.39,200,127.33,100
5578,3.92,3.66,0.26,19.490000000000002,10:13:19,127.35,200,127.41,200,127.38,200
5591,0.46,0.26,0.2,24.01,10:13:24,127.36,100,127.41,200,127.385,100
5635,0.39,0.18,0.21,40.020000000000024,10:13:40,127.35,100,127.41,200,127.36,100
5664,0.38,0.21,0.17,50.04000000000003,10:13:50,127.34,100,127.41,200,127.35,100
5709,0.34,0.17,0.17,6.19,10:14:06,127.34,100,127.43,100,127.39,100
5731,0.23,0.07,0.16,24.099999999999998,10:14:24,127.38,100,127.41,100,127.395,100
5779,0.38,0.21,0.17,40.00000000000001,10:14:40,127.36,100,127.41,100,127.37,100
5799,0.26,0.09,0.17,46.15000000000001,10:14:46,127.34,100,127.41,100,127.34,100
5813,0.23,0.07,0.16,50.24000000000002,10:14:50,127.32,100,127.39,200,127.355,100
5849,0.49,0.22,0.27,0.0,10:15:00,127.33,100,127.37,100,127.345,100
5873,1.99,1.65,0.34,19.7,10:15:19,127.3,600,127.35,200,127.325,200
5878,0.32999999999999996,0.12,0.21,21.639999999999997,10:15:21,127.3,400,127.35,200,127.3,200
6012,2.58,2.37,0.21,0.0,10:16:00,127.42,100,127.46,100,127.44,100
6098,0.41000000000000003,0.2,0.21,34.220000000000006,10:16:34,127.52,200,127.57,100,127.545,200
6105,0.25,0.08,0.17,36.36,10:16:36,127.52,100,127.59,100,127.5201,100
6225,0.28,0.08,0.2,38.25000000000003,10:17:38,127.42,300,127.46,100,127.445,200
6242,0.28,0.08,0.2,44.020000000000024,10:17:44,127.42,200,127.46,1200,127.42,100
6253,0.53,0.22,0.31,48.21000000000002,10:17:48,127.41,400,127.46,200,127.41,100
6416,0.44,0.21,0.23,36.239999999999995,10:19:36,127.31,200,127.36,100,127.31,200
6622,2.64,2.23,0.41,0.0,10:22:00,127.25,200,127.34,100,127.29,1300
6623,0.43,0.08,0.35,0.43,10:22:00,127.26,100,127.35,100,127.305,500
6631,0.49,0.08,0.41,5.930000000000001,10:22:05,127.26,100,127.33,200,127.295,200
6635,0.5,0.18,0.32,7.8100000000000005,10:22:07,127.26,100,127.3,100,127.27,100
6637,2.21,1.94,0.27,11.39,10:22:11,127.26,100,127.3,100,127.2601,100
6677,0.47000000000000003,0.08,0.39,31.969999999999995,10:22:31,127.26,100,127.3,100,127.28,200
6742,0.53,0.24,0.29,1.74,10:23:01,127.26,100,127.33,200,127.26,199
6854,0.25,0.07,0.18,1.9,10:24:01,127.23,300,127.32,200,127.23,300
6870,0.31,0.08,0.23,13.760000000000002,10:24:13,127.24,100,127.29,100,127.265,100
6879,0.57,0.21,0.36,22.370000000000005,10:24:22,127.24,200,127.28,100,127.25,100
6892,0.63,0.23,0.4,27.99,10:24:27,127.25,100,127.29,300,127.289,500
6968,0.37,0.07,0.3,3.7100000000000004,10:25:03,127.29,200,127.34,100,127.315,300
7211,0.41000000000000003,0.16,0.25,8.900000000000002,10:27:08,127.21,200,127.32,100,127.24,100
7299,0.41000000000000003,0.23,0.18,15.66,10:28:15,127.25,200,127.3,100,127.275,205
7510,0.45999999999999996,0.24,0.22,37.980000000000004,10:29:37,127.34,100,127.47,100,127.3505,100
7535,0.37,0.2,0.17,45.98000000000002,10:29:45,127.36,200,127.49,200,127.415,200
7649,0.37,0.14,0.23,37.459999999999994,10:30:37,127.44,300,127.59,200,127.515,900
8190,0.62,0.15,0.47,0.0,10:36:00,127.49,400,127.55,200,127.5422,100
8878,0.6000000000000001,0.07,0.53,2.41,10:44:02,127.2,100,127.24,100,127.2,100
8990,0.65,0.21,0.44,0.0,10:45:00,127.19,100,127.23,100,127.2112,200
9041,0.43000000000000005,0.09,0.34,0.0,10:46:00,127.19,100,127.22,100,127.19,100
9065,0.5900000000000001,0.07,0.52,15.999999999999995,10:46:15,127.2,100,127.25,100,127.22,100
9143,0.58,0.08,0.5,19.979999999999997,10:47:19,127.17,100,127.25,100,127.18,100
9204,2.38,1.77,0.61,0.0,10:48:00,127.19,100,127.24,100,127.21,100
9350,0.62,0.17,0.45,0.0,10:49:00,127.15,200,127.23,100,127.17,100
9473,2.8099999999999996,2.34,0.47,0.0,10:51:00,127.13,100,127.21,1200,127.15,100
9741,0.63,0.22,0.41,8.04,10:54:08,127.14,100,127.17,100,127.16,100
10018,2.77,2.34,0.43,0.0,10:59:00,127.14,100,127.18,500,127.14,100
10046,0.57,0.21,0.36,16.389999999999997,10:59:16,127.1,400,127.17,100,127.13,100
10324,0.59,0.08,0.51,0.0,11:05:00,127.1,100,127.15,200,127.12,100
10355,0.43,0.07,0.36,27.17000000000001,11:05:27,127.11,100,127.16,1200,127.1,100
10499,0.56,0.07,0.49,55.75999999999999,11:06:55,127.09,300,127.13,300,127.09,100
10795,1.58,1.07,0.51,2.6100000000000003,11:10:02,127.11,100,127.17,600,127.11,100
10908,0.45,0.13,0.32,5.820000000000001,11:11:05,127.02,100,127.06,100,127.03,100
10919,0.6,0.17,0.43,11.81,11:11:11,126.98,100,127.03,100,127.0,100
10970,4.17,3.61,0.56,0.0,11:12:00,126.99,200,127.07,200,127.02,100
10982,3.4,2.78,0.62,12.780000000000001,11:12:12,127.01,200,127.1,600,127.04,100
11005,0.6300000000000001,0.07,0.56,28.619999999999997,11:12:28,126.95,200,127.07,100,127.01,100
11060,2.4000000000000004,1.61,0.79,0.0,11:13:00,126.93,400,126.99,100,126.96,100
11062,0.78,0.15,0.63,2.62,11:13:02,126.92,100,126.98,300,126.93,400
11201,108.41,107.97,0.44,0.0,11:16:00,126.94,100,127.0,300,126.94,100
11569,0.64,0.09,0.55,37.72999999999999,11:20:37,126.89,400,126.94,200,126.91,100
11840,0.63,0.16,0.47,0.0,11:24:00,126.91,100,126.94,400,126.92,100
11862,0.6,0.18,0.42,13.809999999999997,11:24:13,126.94,300,127.0,500,126.99,100
11878,0.61,0.12,0.49,23.639999999999993,11:24:23,126.95,100,127.0,500,126.98,100
12532,0.76,0.08,0.68,0.0,11:34:00,127.01,100,127.08,600,127.07,500
12553,0.75,0.17,0.58,0.0,11:35:00,127.04,100,127.08,1100,127.05,100
12566,79.02,78.7,0.32,90.25999999999999,11:36:30,127.06,100,127.08,900,127.06,100
16941,0.25,0.08,0.17,5.610000000000001,12:09:05,127.13,200,127.16,100,127.145,200
16973,0.25,0.08,0.17,9.15,12:10:09,127.11,200,127.15,100,127.125,100
19543,0.48,0.21,0.27,2.38,12:26:02,127.2,100,127.25,100,127.225,200
21208,0.39,0.18,0.21,0.0,12:37:00,127.36,100,127.42,200,127.3989,279
21302,2.23,2.02,0.21,9.280000000000001,12:38:09,127.37,200,127.42,200,127.3924,100
22561,0.53,0.2,0.33,0.0,12:49:00,127.28,100,127.3,300,127.2801,163
22614,0.29000000000000004,0.07,0.22,0.0,12:50:00,127.28,200,127.29,300,127.285,100
22806,0.25,0.07,0.18,0.0,12:51:00,127.29,100,127.34,100,127.2999,674
25056,0.5,0.24,0.26,54.08000000000002,13:09:54,127.24,200,127.27,200,127.255,300
25339,0.44,0.07,0.37,0.0,13:12:00,127.19,400,127.22,100,127.205,1000
25825,0.5900000000000001,0.25,0.34,19.97,13:17:19,127.23,100,127.26,100,127.245,200
25849,0.42000000000000004,0.09,0.33,31.980000000000004,13:17:31,127.24,100,127.26,100,127.2401,125
26468,0.5800000000000001,0.07,0.51,0.0,13:24:00,127.27,500,127.29,200,127.2812,100
28524,1.4000000000000001,0.09,1.31,6.010000000000001,14:07:06,127.26,100,127.29,200,127.2675,100
29051,4.2,3.21,0.99,0.0,14:17:00,127.21,200,127.25,100,127.2256,300
29863,0.57,0.08,0.49,24.140000000000004,14:27:24,127.21,200,127.22,200,127.215,200
29934,0.59,0.1,0.49,1.7999999999999998,14:28:01,127.18,200,127.21,100,127.195,100
31820,0.5800000000000001,0.14,0.44,33.41,14:52:33,127.18,400,127.22,100,127.2195,500
32216,2.0100000000000002,1.57,0.44,0.0,14:58:00,127.25,400,127.28,300,127.2707,129
32611,0.7999999999999999,0.22,0.58,0.0,15:03:00,127.22,100,127.25,300,127.235,100
33371,0.7699999999999999,0.08,0.69,3.5799999999999996,15:12:03,127.26,200,127.28,300,127.2658,158
34879,0.84,0.08,0.76,0.0,15:30:00,127.24,300,127.26,200,127.2499,100
35387,3.39,2.87,0.52,3.39,15:36:03,127.18,100,127.2,100,127.189,404
35568,3.61,3.03,0.58,0.0,15:38:00,127.19,100,127.21,200,127.191,100
35742,2.42,1.85,0.57,4.029999999999999,15:40:04,127.18,300,127.19,100,127.185,300
35870,0.6100000000000001,0.07,0.54,29.689999999999998,15:41:29,127.12,100,127.15,200,127.115,500
35961,0.77,0.2,0.57,31.58,15:42:31,127.13,100,127.16,300,127.149,267
35985,0.61,0.25,0.36,0.0,15:43:00,127.13,100,127.16,600,127.1499,224
36142,0.5900000000000001,0.26,0.33,33.79,15:44:33,127.12,500,127.15,200,127.135,100
36868,0.9299999999999999,0.35,0.58,50.15999999999999,15:53:50,127.09,300,127.12,100,127.105,100
36984,3.04,2.57,0.47,7.41,15:55:07,127.09,200,127.1,100,127.08,100
37199,0.75,0.19,0.56,20.750000000000004,15:59:20,127.03,200,127.06,200,127.045,150
37256,0.59,0.08,0.51,58.55000000000003,15:59:58,127.02,700,127.05,200,127.035,200
