,Total Delay,Request Delay,Saving Delay,Arrival Time,Time,Bid,Bid Size,Ask,Ask Size,Last Price,Last Size
0,0.6499999999999999,0.3,0.35,0.6499999999999999,09:30:00,81.5,300,81.58,600,81.52,100
16,0.32,0.08,0.24,6.53,09:30:06,81.47,600,81.53,300,81.53,100
22,0.3,0.08,0.22,8.47,09:30:08,81.47,500,81.52,200,81.48,100
28,0.5800000000000001,0.27,0.31,10.940000000000001,09:30:10,81.49,100,81.52,200,81.495,113
37,0.44,0.21,0.23,14.589999999999998,09:30:14,81.48,200,81.52,200,81.5,113
42,0.32,0.07,0.25,16.54,09:30:16,81.48,200,81.52,200,81.5032,1000
45,0.32,0.09,0.23,0.0,09:31:00,81.44,100,81.5,200,81.465,100
46,0.35000000000000003,0.08,0.27,0.35000000000000003,09:31:00,81.44,500,81.5,200,81.44,100
51,0.4,0.18,0.22,2.33,09:31:02,81.44,400,81.5,200,81.49,100
56,0.30000000000000004,0.07,0.23,5.329999999999999,09:31:05,81.44,400,81.5,200,81.4666,998
88,0.39,0.2,0.19,24.620000000000005,09:31:24,81.5,100,81.52,300,81.51,100
117,0.3,0.08,0.22,34.730000000000004,09:31:34,81.36,300,81.45,700,81.405,114
122,0.32,0.12,0.2,36.45000000000001,09:31:36,81.32,100,81.36,100,81.35,100
148,0.4,0.08,0.32,46.49000000000002,09:31:46,81.32,100,81.36,300,81.34,100
186,0.29,0.08,0.21,0.0,09:32:00,81.32,300,81.35,200,81.3254,2000
187,0.24000000000000002,0.07,0.17,0.24000000000000002,09:32:00,81.29,100,81.32,400,81.31,100
193,0.41000000000000003,0.21,0.2,2.27,09:32:02,81.29,100,81.32,400,81.305,117
200,2.27,2.05,0.22,8.01,09:32:08,81.28,100,81.32,100,81.29,100
201,4.77,4.56,0.21,12.78,09:32:12,81.24,100,81.3,900,81.28,100
202,2.2199999999999998,2.03,0.19,15.0,09:32:15,81.22,100,81.28,400,81.24,100
206,0.24000000000000002,0.07,0.17,16.12,09:32:16,81.22,100,81.24,400,81.25,900
209,1.96,1.75,0.21,18.8,09:32:18,81.21,200,81.25,600,81.2425,100
246,0.36,0.18,0.18,30.23999999999999,09:32:30,81.23,400,81.27,200,81.27,400
264,0.24000000000000002,0.07,0.17,36.509999999999984,09:32:36,81.23,200,81.27,200,81.23,100
283,0.25,0.09,0.16,42.359999999999985,09:32:42,81.32,200,81.39,100,81.32,100
295,0.33999999999999997,0.18,0.16,46.37,09:32:46,81.38,300,81.44,200,81.4,100
315,0.3,0.08,0.22,52.58,09:32:52,81.4,200,81.44,100,81.43,100
354,2.19,1.96,0.23,12.57,09:33:12,81.33,200,81.36,300,81.36,100
405,0.5700000000000001,0.28,0.29,33.96,09:33:33,81.17,100,81.22,400,81.21,112
412,0.47000000000000003,0.27,0.2,35.970000000000006,09:33:35,81.15,200,81.19,100,81.17,100
417,0.39,0.2,0.19,37.88000000000001,09:33:37,81.07,200,81.15,100,81.12,100
423,0.28,0.07,0.21,40.030000000000015,09:33:40,81.07,200,81.15,100,81.14,112
427,0.41000000000000003,0.17,0.24,42.00000000000001,09:33:42,81.07,100,81.13,400,81.15,100
452,0.26,0.07,0.19,49.95000000000001,09:33:49,81.08,100,81.17,200,81.09,100
458,0.27,0.09,0.18,52.11000000000001,09:33:52,80.95,300,80.99,100,80.95,200
464,0.39,0.17,0.22,54.36000000000001,09:33:54,80.95,200,80.99,200,80.98,100
475,0.32,0.09,0.23,58.21000000000001,09:33:58,80.99,100,81.04,100,81.0,100
511,0.48,0.27,0.21,10.180000000000001,09:34:10,80.96,100,80.99,300,80.99,100
515,1.4000000000000001,1.06,0.34,17.77,09:34:17,80.9,300,80.91,100,80.91,100
516,0.42000000000000004,0.2,0.22,18.19,09:34:18,80.86,400,80.92,100,80.92,100
522,0.33,0.07,0.26,20.459999999999997,09:34:20,80.86,300,80.91,300,80.86,500
561,0.26,0.08,0.18,35.999999999999986,09:34:35,80.94,200,80.98,100,80.97,100
577,0.43,0.14,0.29,42.289999999999985,09:34:42,80.94,200,80.98,100,80.9577,300
588,0.29000000000000004,0.07,0.22,46.009999999999984,09:34:46,80.97,200,81.0,400,80.9868,500
594,0.38,0.14,0.24,48.26999999999999,09:34:48,80.99,200,81.06,100,81.06,100
604,0.4,0.12,0.28,52.20999999999999,09:34:52,80.97,200,81.01,100,81.01,100
615,0.54,0.21,0.33,0.0,09:35:00,80.97,200,81.03,200,80.976,189
618,0.34,0.07,0.27,4.63,09:35:04,80.88,100,80.94,300,80.88,100
625,2.72,2.35,0.37,14.440000000000001,09:35:14,80.89,200,80.94,100,80.93,100
668,0.26,0.07,0.19,32.129999999999995,09:35:32,80.98,200,81.07,200,81.05,200
727,0.38,0.21,0.17,52.51000000000001,09:35:52,80.94,100,80.96,100,80.96,100
733,0.35,0.19,0.16,54.250000000000014,09:35:54,80.87,500,80.93,200,80.89,100
741,0.23,0.07,0.16,56.27000000000002,09:35:56,80.89,200,80.93,100,80.9299,100
751,0.4,0.23,0.17,0.0,09:36:00,80.89,200,80.93,100,80.9268,2000
767,1.8299999999999998,1.63,0.2,6.610000000000001,09:36:06,80.92,300,80.96,200,80.9292,150
778,0.39,0.21,0.18,16.39,09:36:16,81.01,300,81.05,300,81.0104,100
779,3.7600000000000002,3.33,0.43,20.150000000000002,09:36:20,81.01,500,81.05,100,81.03,100
780,0.43,0.19,0.24,20.580000000000002,09:36:20,81.05,200,81.11,200,81.07,100
785,0.42,0.21,0.21,22.46,09:36:22,81.05,200,81.11,400,81.0701,150
810,0.4,0.12,0.28,32.6,09:36:32,81.03,100,81.05,100,81.0428,500
822,0.30000000000000004,0.07,0.23,38.13999999999999,09:36:38,81.02,200,81.05,200,81.045,300
833,0.39,0.16,0.23,42.389999999999986,09:36:42,81.03,100,81.05,100,81.04,100
882,0.47000000000000003,0.08,0.39,4.37,09:37:04,80.92,100,80.99,300,80.9725,1000
897,1.12,0.75,0.37,12.52,09:37:12,80.92,200,80.99,400,80.9508,207
959,0.48,0.21,0.27,44.07999999999999,09:37:44,80.89,300,80.92,100,80.9,100
984,0.41,0.12,0.29,54.059999999999974,09:37:54,80.98,200,81.0,400,80.9916,150
1011,0.56,0.27,0.29,4.200000000000001,09:38:04,80.96,200,81.0,400,80.9669,100
1055,0.55,0.24,0.31,30.16,09:38:30,81.01,100,81.06,400,81.02,100
1135,0.42000000000000004,0.2,0.22,1.8599999999999999,09:39:01,80.98,200,81.04,100,81.0399,500
1148,2.41,2.17,0.24,10.21,09:39:10,81.08,200,81.11,200,81.08,100
1187,0.34,0.08,0.26,28.00000000000001,09:39:28,81.05,200,81.08,300,81.0516,500
1220,0.29000000000000004,0.07,0.22,41.73000000000002,09:39:41,80.97,200,81.0,300,80.985,1000
1269,2.0100000000000002,1.81,0.2,2.7600000000000002,09:40:02,80.98,200,81.0,600,80.9922,300
1277,0.46,0.2,0.26,5.9,09:40:05,81.03,100,81.05,100,81.025,1400
1291,0.36,0.17,0.19,13.87,09:40:13,81.02,600,81.05,100,81.035,212
1295,0.29000000000000004,0.07,0.22,19.1,09:40:19,81.0,400,81.04,200,81.02199999999999,100
1509,0.35,0.15,0.2,40.190000000000005,09:41:40,81.09,200,81.11,300,81.1,100
1528,0.33,0.07,0.26,48.24000000000001,09:41:48,81.1,100,81.12,200,81.11,100
1538,0.59,0.29,0.3,52.150000000000006,09:41:52,81.1,700,81.12,200,81.1094,1000
1543,0.42000000000000004,0.22,0.2,0.0,09:42:00,81.13,100,81.14,200,81.13,200
1557,1.23,0.99,0.24,10.51,09:42:10,81.17,300,81.18,100,81.175,1000
1572,0.38,0.07,0.31,21.9,09:42:21,81.18,100,81.19,100,81.18,100
1586,0.48,0.19,0.29,27.779999999999994,09:42:27,81.18,100,81.19,100,81.19,100
1600,0.33,0.08,0.25,33.92999999999999,09:42:33,81.17,100,81.18,500,81.1875,700
1642,0.36,0.07,0.29,51.749999999999986,09:42:51,81.21,500,81.24,100,81.22,100
1680,0.45,0.2,0.25,7.91,09:43:07,81.2,300,81.23,200,81.2,100
1815,0.33,0.07,0.26,1.92,09:44:01,81.15,400,81.17,400,81.16,100
1873,0.36,0.14,0.22,29.909999999999993,09:44:29,81.1,200,81.12,100,81.0902,100
1877,0.65,0.27,0.38,31.89999999999999,09:44:31,81.1,200,81.13,600,81.1003,100
1882,0.46,0.2,0.26,33.959999999999994,09:44:33,81.1,200,81.13,600,81.115,350
1970,1.2,0.89,0.31,10.79,09:45:10,80.98,100,81.0,300,81.005,200
1980,0.37,0.08,0.29,17.830000000000002,09:45:17,80.97,200,80.99,100,80.9787,1000
1985,0.5700000000000001,0.28,0.29,20.040000000000003,09:45:20,80.97,200,80.99,400,80.9992,100
2130,0.43,0.18,0.25,25.950000000000003,09:46:25,81.0,200,81.03,300,81.002,1000
2164,0.44999999999999996,0.21,0.24,38.23000000000001,09:46:38,81.0,100,81.01,400,81.0044,100
2250,0.4,0.21,0.19,6.059999999999999,09:47:06,80.97,200,80.99,200,80.9708,875
2273,0.37,0.2,0.17,19.88,09:47:19,80.95,2200,80.97,400,80.96300000000001,425
2315,0.25,0.07,0.18,36.14000000000001,09:47:36,80.94,100,80.97,200,80.94,100
2384,0.42000000000000004,0.19,0.23,4.220000000000001,09:48:04,81.01,300,81.04,200,81.0103,200
2394,0.28,0.07,0.21,7.680000000000001,09:48:07,81.0,300,81.03,300,81.0134,1000
2417,0.29000000000000004,0.07,0.22,21.859999999999996,09:48:21,81.0,200,81.03,200,81.0075,200
2435,0.47,0.24,0.23,27.689999999999994,09:48:27,80.97,400,80.98,200,80.979,100
2502,0.25,0.07,0.18,51.68,09:48:51,80.91,200,80.93,100,80.91199999999999,2600
2508,0.30000000000000004,0.07,0.23,53.71000000000001,09:48:53,80.91,300,80.93,100,80.9182,1000
2514,0.49,0.27,0.22,55.850000000000016,09:48:55,80.91,300,80.93,200,80.9108,100
2528,0.48000000000000004,0.2,0.28,1.6800000000000002,09:49:01,80.85,600,80.87,100,80.8689,112
2621,0.38,0.17,0.21,49.580000000000005,09:49:49,80.97,200,80.98,100,80.9758,100
2644,0.43,0.21,0.22,57.780000000000015,09:49:57,80.98,100,81.0,400,80.9999,1000
2677,0.45999999999999996,0.21,0.25,13.809999999999999,09:50:13,80.97,200,80.99,300,80.9925,100
2712,0.5,0.27,0.23,30.07,09:50:30,80.93,400,80.95,500,80.9369,1000
2751,5.26,5.09,0.17,49.81000000000001,09:50:49,80.95,100,80.97,400,80.9598,212
2785,0.33,0.13,0.2,4.1499999999999995,09:51:04,80.95,300,80.97,500,80.969,100
2891,0.29,0.08,0.21,49.829999999999984,09:51:49,80.86,300,80.88,400,80.8729,1000
2902,0.4,0.2,0.2,54.13999999999998,09:51:54,80.86,500,80.88,200,80.8732,100
2998,0.28,0.09,0.19,32.07,09:52:32,80.92,600,80.94,200,80.9312,100
3036,0.37,0.17,0.2,45.91000000000001,09:52:45,80.92,400,80.94,200,80.929,100
3047,0.41000000000000003,0.18,0.23,50.06000000000001,09:52:50,80.91,200,80.92,200,80.915,100
3127,0.3,0.09,0.21,27.780000000000005,09:53:27,80.95,500,80.97,100,80.9698,112
3183,0.28,0.1,0.18,45.63999999999997,09:53:45,80.94,400,80.97,500,80.955,100
3219,0.29000000000000004,0.13,0.16,57.319999999999965,09:53:57,80.97,300,80.99,300,80.9813,100
3243,0.27,0.07,0.2,14.690000000000001,09:54:14,80.99,200,81.0,2000,80.995,100
3244,3.73,3.54,0.19,18.42,09:54:18,80.99,300,81.0,2000,80.9946,282
3301,0.41000000000000003,0.21,0.2,36.14000000000001,09:54:36,80.96,200,80.97,400,80.965,100
3418,0.4,0.07,0.33,17.52,09:55:17,80.97,200,80.98,200,80.975,600
3464,0.28,0.07,0.21,35.48,09:55:35,80.98,600,81.0,2700,80.994,150
3529,0.52,0.2,0.32,12.39,09:56:12,80.94,100,80.95,400,80.945,156
3531,0.48,0.19,0.29,13.21,09:56:13,80.94,200,80.95,100,80.949,200
3540,1.38,1.03,0.35,18.560000000000002,09:56:18,80.93,200,80.95,700,80.935,300
3610,0.25,0.08,0.17,45.88999999999999,09:56:45,80.86,200,80.87,400,80.8643,100
3622,0.37,0.12,0.25,49.919999999999995,09:56:49,80.87,100,80.89,300,80.87,100
3646,0.33999999999999997,0.13,0.21,57.86000000000001,09:56:57,80.85,300,80.87,200,80.85,200
3663,0.28,0.07,0.21,4.12,09:57:04,80.88,300,80.9,300,80.885,100
3667,3.57,3.32,0.25,8.85,09:57:08,80.87,500,80.88,400,80.87899999999999,100
3679,3.34,3.09,0.25,20.67,09:57:20,80.83,200,80.84,300,80.83,200
3688,0.37,0.12,0.25,23.880000000000003,09:57:23,80.83,100,80.84,1100,80.8502,100
3707,0.29,0.08,0.21,29.81,09:57:29,80.83,300,80.85,600,80.84,100
3724,0.56,0.27,0.29,36.07000000000001,09:57:36,80.83,400,80.85,800,80.8421,1000
3734,0.37,0.19,0.18,39.81,09:57:39,80.84,100,80.85,600,80.845,100
3735,0.42000000000000004,0.23,0.19,40.230000000000004,09:57:40,80.84,300,80.85,600,80.8446,140
3795,0.33999999999999997,0.12,0.22,0.0,09:58:00,80.86,200,80.88,300,80.875,200
3821,0.39,0.23,0.16,22.090000000000003,09:58:22,80.74,100,80.76,300,80.75,100
3828,0.25,0.08,0.17,24.14,09:58:24,80.76,200,80.78,300,80.77,100
3833,0.24000000000000002,0.07,0.17,25.98,09:58:25,80.77,200,80.78,200,80.76,100
3839,0.37,0.2,0.17,27.910000000000004,09:58:27,80.77,200,80.78,200,80.7701,100
3845,0.37,0.2,0.17,30.03000000000001,09:58:30,80.8,300,80.81,300,80.8,100
3851,0.25,0.07,0.18,31.84000000000001,09:58:31,80.81,300,80.83,300,80.82,200
3869,0.37,0.17,0.2,38.0,09:58:38,80.84,100,80.85,300,80.8452,300
3903,0.45000000000000007,0.17,0.28,50.120000000000005,09:58:50,80.82,100,80.83,300,80.825,100
3908,0.3,0.09,0.21,52.04,09:58:52,80.81,100,80.82,100,80.81,100
3924,0.36,0.19,0.17,58.03,09:58:58,80.79,100,80.8,500,80.79,100
3943,0.39,0.21,0.18,6.269999999999999,09:59:06,80.79,700,80.8,100,80.8097,100
3963,0.25,0.08,0.17,16.18,09:59:16,80.78,200,80.8,200,80.78,100
4077,0.25,0.07,0.18,56.160000000000004,09:59:56,80.77,100,80.79,600,80.785,100
4183,0.42,0.07,0.35,48.399999999999984,10:00:48,80.88,500,80.9,500,80.8962,900
4196,0.74,0.17,0.57,56.49999999999998,10:00:56,80.86,100,80.87,100,80.8693,112
4262,0.25,0.07,0.18,29.470000000000002,10:01:29,80.84,300,80.85,600,80.8427,100
4300,0.36,0.19,0.17,41.590000000000025,10:01:41,80.87,100,80.88,100,80.8799,100
4317,0.26,0.08,0.18,47.42000000000004,10:01:47,80.85,200,80.87,100,80.865,100
4324,0.28,0.08,0.2,49.49000000000004,10:01:49,80.84,200,80.85,100,80.8432,110
4330,0.28,0.08,0.2,51.47000000000004,10:01:51,80.82,400,80.84,100,80.8386,212
4443,0.28,0.08,0.2,41.94000000000001,10:02:41,80.77,500,80.79,200,80.775,100
4478,0.34,0.08,0.26,54.06000000000003,10:02:54,80.75,300,80.76,400,80.757,1000
4494,0.36,0.12,0.24,0.0,10:03:00,80.75,300,80.76,400,80.7599,1000
4514,1.45,1.22,0.23,7.870000000000002,10:03:07,80.76,400,80.78,100,80.7617,100
4639,0.4,0.2,0.2,53.86999999999999,10:03:53,80.83,300,80.86,200,80.8399,100
4673,0.38,0.14,0.24,12.110000000000001,10:04:12,80.88,300,80.9,400,80.8878,200
4717,0.56,0.26,0.3,32.330000000000005,10:04:32,80.95,100,80.96,200,80.9558,100
4769,0.5,0.28,0.22,52.35999999999999,10:04:52,80.92,500,80.93,400,80.9201,500
4952,2.39,2.14,0.25,16.930000000000003,10:06:16,80.95,100,80.96,100,80.9592,100
5044,0.24000000000000002,0.07,0.17,50.05000000000002,10:06:50,80.88,400,80.92,600,80.8944,200
5092,0.33,0.17,0.16,11.420000000000002,10:07:11,80.82,300,80.85,700,80.835,100
5098,3.45,3.23,0.22,16.520000000000003,10:07:16,80.82,500,80.85,700,80.8499,125
5107,0.25,0.08,0.17,19.11,10:07:19,80.83,100,80.85,400,80.8405,100
5338,0.26,0.07,0.19,45.94000000000001,10:08:45,80.77,500,80.79,100,80.7795,500
5367,0.28,0.07,0.21,55.81999999999999,10:08:55,80.8,300,80.81,200,80.8047,100
5381,3.4,3.07,0.33,10.88,10:09:10,80.81,200,80.82,400,80.815,200
5426,0.26,0.08,0.18,31.74000000000001,10:09:31,80.81,200,80.82,300,80.8192,100
5540,0.26,0.08,0.18,26.410000000000018,10:12:26,80.82,200,80.83,300,80.8292,1000
5552,0.32,0.08,0.24,2.1,10:13:02,80.78,100,80.79,900,80.789,1000
5591,0.46,0.26,0.2,26.109999999999996,10:13:26,80.77,300,80.78,100,80.7753,500
5603,0.28,0.07,0.21,30.24,10:13:30,80.73,100,80.74,100,80.73,100
5608,0.47,0.23,0.24,32.19,10:13:32,80.73,200,80.74,100,80.74,100
5619,0.44999999999999996,0.24,0.21,36.269999999999996,10:13:36,80.72,300,80.73,300,80.72,100
5651,0.42000000000000004,0.19,0.23,48.04000000000001,10:13:48,80.64,200,80.66,200,80.65,100
5658,0.37,0.17,0.2,50.00000000000001,10:13:50,80.69,300,80.71,200,80.68,300
5676,0.35,0.19,0.16,56.10000000000002,10:13:56,80.7,100,80.72,500,80.71,100
5683,0.27,0.1,0.17,58.03000000000003,10:13:58,80.7,100,80.71,100,80.7053,200
5697,0.35,0.18,0.17,0.0,10:14:00,80.7,100,80.71,200,80.7,100
5704,0.6,0.29,0.31,2.3400000000000003,10:14:02,80.7,200,80.71,400,80.7044,400
5731,0.23,0.07,0.16,21.89,10:14:21,80.74,300,80.75,100,80.7401,200
5805,0.24000000000000002,0.07,0.17,45.770000000000024,10:14:45,80.75,200,80.77,500,80.7567,190
5837,0.30000000000000004,0.07,0.23,55.97000000000001,10:14:55,80.74,200,80.75,300,80.7458,200
5965,0.37,0.2,0.17,51.06000000000003,10:15:51,80.89,300,80.91,200,80.8917,500
5983,0.25,0.07,0.18,55.680000000000035,10:15:55,80.89,300,80.91,500,80.8991,100
6048,0.41000000000000003,0.22,0.19,25.9,10:16:25,80.89,300,80.91,300,80.895,100
6062,0.28,0.09,0.19,30.01,10:16:30,80.9,300,80.91,200,80.905,100
6122,0.63,0.24,0.39,50.14000000000002,10:16:50,80.8,200,80.81,300,80.805,200
6128,0.25,0.07,0.18,52.060000000000024,10:16:52,80.8,200,80.81,400,80.8056,100
6133,0.33,0.08,0.25,53.92000000000002,10:16:53,80.8,300,80.81,400,80.8025,500
6181,0.38,0.08,0.3,21.860000000000007,10:17:21,80.79,200,80.8,300,80.795,100
6207,0.33999999999999997,0.15,0.19,31.910000000000004,10:17:31,80.79,300,80.8,300,80.7965,100
6389,0.44999999999999996,0.24,0.21,26.359999999999996,10:19:26,80.88,500,80.9,400,80.898,100
6411,0.36000000000000004,0.08,0.28,34.42,10:19:34,80.89,200,80.91,300,80.8901,400
6622,2.64,2.23,0.41,10.22,10:22:10,81.05,600,81.06,400,81.0568,100
6638,0.34,0.07,0.27,21.950000000000003,10:22:21,81.06,200,81.07,200,81.065,200
6689,0.37,0.09,0.28,47.87000000000002,10:22:47,81.09,300,81.12,400,81.09899999999999,200
6740,0.37,0.07,0.3,13.03,10:23:13,81.07,300,81.09,400,81.0803,300
6793,0.41000000000000003,0.17,0.24,33.989999999999995,10:23:33,81.05,200,81.06,100,81.0566,200
6821,0.43,0.22,0.21,43.96000000000001,10:23:43,81.1,600,81.11,1000,81.105,250
6833,0.27,0.07,0.2,47.780000000000015,10:23:47,81.14,300,81.15,100,81.1336,3000
6849,0.46,0.23,0.23,0.0,10:24:00,81.14,400,81.15,300,81.145,100
6872,0.39,0.07,0.32,17.64,10:24:17,81.16,400,81.17,300,81.1636,1000
6879,0.57,0.21,0.36,22.370000000000005,10:24:22,81.18,300,81.19,200,81.1846,300
6910,0.30000000000000004,0.07,0.23,36.06999999999999,10:24:36,81.15,100,81.16,500,81.155,250
6914,0.43000000000000005,0.2,0.23,37.93999999999999,10:24:37,81.14,300,81.15,100,81.1401,4000
6935,0.49,0.2,0.29,46.22000000000001,10:24:46,81.14,300,81.15,200,81.1459,1000
6972,4.779999999999999,4.47,0.31,10.54,10:25:10,81.19,400,81.2,600,81.195,200
7025,0.35000000000000003,0.07,0.28,37.82999999999999,10:25:37,81.16,300,81.17,400,81.165,200
7044,0.4,0.17,0.23,46.11999999999998,10:25:46,81.12,400,81.13,200,81.1245,200
7093,0.55,0.23,0.32,5.41,10:26:05,81.09,100,81.1,300,81.095,100
7146,0.44,0.07,0.37,30.040000000000003,10:26:30,81.07,300,81.09,700,81.0801,200
7185,37.42,37.15,0.27,0.0,10:27:00,81.09,300,81.11,200,81.1001,200
7293,0.25,0.08,0.17,15.73,10:28:15,81.1,100,81.11,100,81.098,3000
7348,0.35000000000000003,0.07,0.28,34.10000000000001,10:28:34,81.12,200,81.13,300,81.1299,100
7500,0.6,0.25,0.35,36.03,10:29:36,81.12,500,81.14,300,81.135,100
7566,0.52,0.19,0.33,57.79000000000003,10:29:57,81.13,200,81.14,200,81.1399,500
7589,4.29,4.05,0.24,9.370000000000001,10:30:09,81.08,100,81.09,200,81.085,300
7840,0.30000000000000004,0.07,0.23,14.610000000000007,10:33:14,81.03,300,81.04,200,81.0366,130
7893,0.25,0.08,0.17,32.820000000000014,10:33:32,81.05,300,81.06,400,81.055,100
8026,0.33,0.07,0.26,39.81,10:34:39,81.02,300,81.04,400,81.0297,140
8217,0.62,0.13,0.49,45.83999999999998,10:36:45,81.01,200,81.02,300,81.0157,100
8226,0.5900000000000001,0.07,0.52,51.609999999999985,10:36:51,81.01,100,81.02,500,81.015,100
8283,0.59,0.08,0.51,35.710000000000015,10:37:35,81.03,300,81.04,100,81.0357,100
8316,0.7699999999999999,0.08,0.69,55.91000000000004,10:37:55,81.05,200,81.06,300,81.0501,808
8332,0.6000000000000001,0.2,0.4,6.01,10:38:06,81.08,300,81.09,100,81.08800000000001,133
8409,1.01,0.13,0.88,58.42999999999999,10:38:58,81.11,300,81.12,100,81.1177,100
8449,0.7999999999999999,0.09,0.71,29.91,10:39:29,81.16,300,81.17,100,81.1626,1000
8455,0.8,0.3,0.5,33.739999999999995,10:39:33,81.17,100,81.18,200,81.1746,100
8506,0.8,0.07,0.73,22.119999999999997,10:40:22,81.18,200,81.19,100,81.1858,2000
8508,0.85,0.28,0.57,23.97,10:40:23,81.18,300,81.19,100,81.185,200
8517,0.76,0.21,0.55,30.32,10:40:30,81.18,400,81.19,100,81.1801,100
8541,0.5900000000000001,0.14,0.45,45.700000000000024,10:40:45,81.2,200,81.21,100,81.205,100
8586,2.21,1.61,0.6,7.800000000000001,10:41:07,81.16,400,81.17,500,81.1695,900
8643,0.5900000000000001,0.2,0.39,41.21000000000002,10:41:41,81.13,400,81.14,100,81.131,400
8664,0.5800000000000001,0.07,0.51,3.8000000000000003,10:42:03,81.17,400,81.19,600,81.1788,1400
8746,0.75,0.07,0.68,57.84000000000002,10:42:57,81.22,1000,81.23,400,81.229,300
8752,0.63,0.24,0.39,0.0,10:43:00,81.22,1200,81.23,400,81.225,100
8762,0.43999999999999995,0.09,0.35,7.630000000000001,10:43:07,81.23,600,81.24,400,81.235,100
8789,0.8099999999999999,0.21,0.6,28.599999999999998,10:43:28,81.26,400,81.27,300,81.26,200
8800,0.66,0.21,0.45,36.05,10:43:36,81.26,400,81.27,100,81.265,500
8812,0.64,0.14,0.5,44.03000000000001,10:43:44,81.24,300,81.25,200,81.245,100
8945,0.44,0.08,0.36,15.199999999999998,10:45:15,81.17,200,81.19,400,81.17699999999999,110
8978,0.61,0.24,0.37,37.39,10:45:37,81.14,300,81.16,400,81.15899999999999,100
9037,0.62,0.24,0.38,17.780000000000005,10:46:17,81.18,2500,81.19,300,81.1865,185
9095,0.61,0.21,0.4,55.83000000000002,10:46:55,81.18,300,81.19,100,81.1815,180
9113,4.0,3.48,0.52,10.600000000000001,10:47:10,81.24,200,81.25,500,81.2446,145
9151,0.6,0.12,0.48,35.249999999999986,10:47:35,81.3,400,81.31,200,81.3,100
9157,0.65,0.17,0.48,38.87999999999998,10:47:38,81.3,300,81.31,400,81.3064,1000
9185,0.6100000000000001,0.07,0.54,56.87,10:47:56,81.33,100,81.34,300,81.33,100
9208,0.59,0.23,0.36,19.799999999999997,10:48:19,81.35,200,81.36,400,81.37,100
9217,0.62,0.19,0.43,26.0,10:48:26,81.38,100,81.4,500,81.38,100
9232,0.43,0.07,0.36,34.230000000000004,10:48:34,81.37,400,81.38,100,81.3744,1000
9235,0.62,0.24,0.38,36.0,10:48:36,81.39,100,81.4,400,81.39,100
9322,0.56,0.19,0.37,27.590000000000003,10:49:27,81.31,200,81.32,100,81.3194,174
9332,0.7699999999999999,0.08,0.69,33.77000000000001,10:49:33,81.32,200,81.33,100,81.3299,100
9335,0.7699999999999999,0.08,0.69,35.98000000000001,10:49:35,81.32,300,81.33,100,81.3275,1000
9357,0.63,0.08,0.55,51.63000000000001,10:49:51,81.27,300,81.28,300,81.275,100
9381,3.3899999999999997,2.88,0.51,11.989999999999998,10:50:11,81.23,200,81.24,400,81.2375,100
9434,0.5900000000000001,0.07,0.52,45.930000000000014,10:50:45,81.19,300,81.2,100,81.191,145
9471,2.39,1.81,0.58,12.23,10:51:12,81.14,300,81.15,200,81.1449,100
9497,0.5800000000000001,0.07,0.51,32.17000000000001,10:51:32,81.13,200,81.14,400,81.1347,125
9500,0.59,0.22,0.37,33.98000000000001,10:51:33,81.12,200,81.13,200,81.12100000000001,500
9506,0.5900000000000001,0.27,0.32,37.950000000000024,10:51:37,81.12,300,81.13,100,81.125,100
9516,0.63,0.18,0.45,44.15000000000003,10:51:44,81.12,200,81.13,300,81.1242,100
9645,2.21,1.62,0.59,19.429999999999996,10:53:19,81.04,200,81.05,400,81.0433,100
9686,0.62,0.29,0.33,42.03999999999999,10:53:42,81.08,300,81.1,200,81.075,200
9750,0.61,0.17,0.44,24.020000000000003,10:54:24,81.06,200,81.08,300,81.0693,101
9809,0.6100000000000001,0.07,0.54,0.6100000000000001,10:57:00,81.0,300,81.01,100,81.009,200
9858,0.42,0.07,0.35,35.97000000000001,10:57:35,80.99,600,81.0,300,80.9933,150
10128,0.75,0.07,0.68,27.779999999999998,11:00:27,81.15,300,81.16,100,81.1525,100
10134,0.44,0.08,0.36,31.430000000000003,11:00:31,81.15,200,81.16,300,81.1597,100
10171,0.59,0.12,0.47,0.0,11:01:00,81.15,400,81.16,300,81.1501,100
10184,0.59,0.24,0.35,12.179999999999998,11:01:12,81.16,1200,81.17,100,81.1625,100
10221,0.5700000000000001,0.07,0.5,40.18000000000001,11:01:40,81.21,200,81.22,100,81.215,200
10276,0.62,0.08,0.54,14.14,11:04:14,81.32,600,81.33,200,81.3201,100
10326,0.81,0.26,0.55,2.17,11:05:02,81.3,200,81.31,100,81.3073,1000
10332,0.6200000000000001,0.28,0.34,6.59,11:05:06,81.32,200,81.34,400,81.3266,275
10344,3.99,3.43,0.56,20.950000000000003,11:05:20,81.28,100,81.29,200,81.2899,389
10403,0.5700000000000001,0.07,0.5,54.220000000000006,11:05:54,81.29,100,81.3,500,81.2963,1000
10510,0.44,0.13,0.31,0.0,11:07:00,81.28,100,81.29,100,81.2801,100
10557,0.43000000000000005,0.09,0.34,34.0,11:07:34,81.31,200,81.32,100,81.315,100
10614,0.62,0.1,0.52,11.389999999999999,11:08:11,81.25,200,81.26,200,81.2568,200
10659,0.62,0.21,0.41,43.440000000000005,11:08:43,81.24,300,81.25,1900,81.2475,200
10666,0.59,0.21,0.38,47.63000000000001,11:08:47,81.24,300,81.25,1900,81.2401,126
10785,0.58,0.08,0.5,0.0,11:10:00,81.17,100,81.18,700,81.171,1000
10908,0.45,0.13,0.32,20.660000000000004,11:11:20,81.13,500,81.15,400,81.1468,2000
10930,0.5900000000000001,0.19,0.4,32.85000000000001,11:11:32,81.12,300,81.13,200,81.1215,500
11019,0.8099999999999999,0.24,0.57,37.779999999999994,11:12:37,81.23,300,81.25,200,81.2301,100
11060,2.4000000000000004,1.61,0.79,15.199999999999998,11:13:15,81.23,200,81.24,600,81.23100000000001,100
11062,0.78,0.15,0.63,17.82,11:13:17,81.23,200,81.24,600,81.2343,800
11068,0.8300000000000001,0.18,0.65,22.260000000000005,11:13:22,81.23,400,81.24,600,81.2359,1000
11093,0.6000000000000001,0.14,0.46,40.000000000000014,11:13:40,81.19,700,81.21,300,81.1914,100
11162,0.5900000000000001,0.27,0.32,27.799999999999997,11:14:27,81.26,300,81.27,300,81.255,100
11315,0.6,0.22,0.38,54.02000000000001,11:17:54,81.14,200,81.15,1000,81.142,100
11382,0.6000000000000001,0.07,0.53,40.38,11:18:40,81.07,300,81.08,300,81.0799,549
11388,0.74,0.07,0.67,44.51000000000001,11:18:44,81.06,100,81.07,200,81.0601,100
11443,0.79,0.17,0.62,9.41,11:19:09,81.04,300,81.05,700,81.0466,420
11574,0.79,0.18,0.61,1.6,11:21:01,81.07,400,81.08,500,81.0729,125
11611,0.7799999999999999,0.09,0.69,33.78000000000001,11:21:33,81.06,200,81.07,500,81.0646,119
11759,3.61,3.15,0.46,19.779999999999998,11:23:19,81.01,600,81.03,1000,81.0193,104
11760,0.6100000000000001,0.07,0.54,20.389999999999997,11:23:20,81.01,600,81.03,1000,81.0213,1000
11778,0.6,0.17,0.43,31.580000000000002,11:23:31,81.0,2000,81.01,700,81.001,1000
11831,0.5900000000000001,0.14,0.45,5.8,11:24:05,80.98,400,81.0,200,80.9935,120
11869,0.61,0.08,0.53,38.24000000000002,11:24:38,81.02,300,81.04,300,81.0288,251
11955,0.6,0.09,0.51,42.25,11:25:42,80.97,1200,80.99,500,80.9828,650
11972,0.61,0.18,0.43,54.28999999999999,11:25:54,80.95,200,80.96,800,80.9599,100
11986,0.77,0.07,0.7,1.4000000000000001,11:26:01,80.96,300,80.98,200,80.9693,203
12002,1.44,0.98,0.46,17.82,11:26:17,80.96,900,80.97,200,80.9607,100
12091,7.41,6.91,0.5,20.6,11:29:20,80.96,500,80.97,300,80.9646,153
12156,0.8300000000000001,0.18,0.65,34.419999999999995,11:30:34,81.04,300,81.05,300,81.0401,405
12201,0.6,0.11,0.49,12.44,11:31:12,81.01,200,81.02,400,81.0184,200
12208,0.6499999999999999,0.07,0.58,20.039999999999996,11:31:20,81.02,300,81.03,100,81.0271,1000
12541,0.76,0.07,0.69,56.11000000000001,11:34:56,81.0,200,81.01,700,81.0086,250
12561,2.58,1.97,0.61,11.59,11:35:11,80.97,100,80.98,200,80.9756,100
12718,3.19,2.61,0.58,9.850000000000001,11:38:09,80.96,400,80.97,200,80.9699,395
12879,0.35,0.15,0.2,0.0,11:42:00,80.92,600,80.94,400,80.9251,250
12947,0.38,0.2,0.18,31.239999999999995,11:42:31,80.92,100,80.93,200,80.9207,234
13077,0.39,0.17,0.22,25.750000000000004,11:43:25,80.94,500,80.96,500,80.9528,200
13145,0.25,0.07,0.18,0.99,11:45:00,81.01,400,81.03,2500,81.0171,150
13238,1.7,1.49,0.21,31.139999999999993,11:45:31,80.97,200,80.98,200,80.971,100
13438,0.43,0.22,0.21,0.0,11:47:00,80.97,400,80.99,300,80.9793,400
13788,0.23,0.07,0.16,29.8,11:49:29,80.96,300,80.97,100,80.9668,300
14516,1.04,0.77,0.27,8.23,11:54:08,81.03,100,81.04,300,81.0436,124
14568,0.27,0.07,0.2,28.000000000000007,11:54:28,81.01,500,81.03,400,81.0216,640
14647,0.38,0.21,0.17,0.0,11:55:00,80.98,300,80.99,200,80.98899999999999,148
14654,0.39,0.22,0.17,1.98,11:55:01,80.98,300,80.99,100,80.9873,200
14758,0.36,0.14,0.22,48.100000000000016,11:55:48,81.0,200,81.01,200,81.0009,503
14976,2.0100000000000002,1.83,0.18,13.610000000000001,11:57:13,80.96,100,80.97,300,80.9656,300
15052,0.36,0.14,0.22,40.90000000000001,11:57:40,80.95,200,80.97,400,80.9634,190
15134,1.77,1.52,0.25,15.729999999999997,11:58:15,80.95,300,80.96,100,80.9546,416
15336,0.41000000000000003,0.21,0.2,37.910000000000004,11:59:37,80.97,300,80.98,100,80.9786,200
15584,3.4099999999999997,3.09,0.32,8.87,12:01:08,80.99,300,81.0,400,80.993,100
15869,0.24000000000000002,0.07,0.17,0.0,12:03:00,80.99,400,81.0,300,80.9996,200
15973,0.31,0.07,0.24,41.22000000000001,12:03:41,81.02,300,81.03,100,81.0225,200
16127,0.46,0.27,0.19,44.35999999999999,12:04:44,81.02,300,81.04,400,81.03399999999999,900
16139,0.39,0.23,0.16,48.239999999999995,12:04:48,81.03,300,81.05,500,81.0373,525
16396,0.25,0.07,0.18,27.949999999999996,12:06:27,81.0,400,81.02,500,81.0097,250
16458,0.26,0.08,0.18,49.18999999999999,12:06:49,81.0,400,81.01,400,81.0099,100
16672,1.38,1.03,0.35,19.599999999999998,12:08:19,80.99,300,81.01,400,80.9988,400
16715,0.52,0.18,0.34,33.919999999999995,12:08:33,80.99,200,81.0,400,80.9912,300
16854,0.44000000000000006,0.27,0.17,21.979999999999997,12:09:21,80.93,100,80.94,500,80.939,1220
17108,0.33999999999999997,0.18,0.16,55.689999999999976,12:10:55,80.94,200,80.95,200,80.9444,117
17149,0.30000000000000004,0.07,0.23,9.940000000000001,12:11:09,80.94,300,80.95,300,80.9401,100
17178,0.31000000000000005,0.14,0.17,21.93,12:11:21,80.94,300,80.95,300,80.941,100
17440,0.26,0.07,0.19,57.900000000000006,12:12:57,80.97,200,80.98,400,80.9765,167
17499,0.23,0.07,0.16,25.89,12:13:25,80.95,200,80.96,100,80.9554,500
17596,0.43,0.24,0.19,0.0,12:14:00,80.92,400,80.94,400,80.9336,140
17640,0.54,0.29,0.25,19.91,12:14:19,80.93,100,80.94,300,80.9399,100
17912,0.33,0.14,0.19,0.0,12:16:00,80.93,300,80.94,200,80.9301,150
17916,1.17,0.87,0.3,2.77,12:16:02,80.93,300,80.94,200,80.9339,243
17926,0.31000000000000005,0.14,0.17,5.940000000000001,12:16:05,80.94,500,80.95,300,80.9499,100
17934,0.32,0.07,0.25,9.980000000000004,12:16:09,80.94,400,80.95,200,80.9442,100
18058,0.29000000000000004,0.12,0.17,2.01,12:17:02,80.96,300,80.97,200,80.9601,100
18338,0.33999999999999997,0.18,0.16,35.69,12:18:35,80.98,400,80.99,100,80.98100000000001,100
18802,0.27,0.07,0.2,36.81999999999999,12:21:36,81.0,600,81.01,200,81.0057,400
18811,0.4,0.21,0.19,39.92999999999999,12:21:39,81.0,600,81.01,100,81.0007,100
18912,0.41000000000000003,0.18,0.23,28.009999999999998,12:22:28,80.99,700,81.0,200,80.9975,175
18936,0.46,0.27,0.19,36.330000000000005,12:22:36,81.01,100,81.02,300,81.0119,260
18953,0.25,0.09,0.16,41.97,12:22:41,81.0,400,81.02,300,81.0088,200
18990,0.28,0.08,0.2,53.96000000000001,12:22:53,81.0,400,81.01,400,81.0043,300
19252,0.35,0.14,0.21,41.87999999999997,12:24:41,80.97,100,80.98,400,80.9754,164
19259,0.29,0.08,0.21,43.91999999999997,12:24:43,80.96,400,80.97,100,80.96600000000001,3000
19372,0.42000000000000004,0.2,0.22,21.270000000000003,12:25:21,80.97,200,80.98,400,80.9768,224
19389,0.37,0.17,0.2,27.17,12:25:27,80.97,400,80.98,500,80.9707,200
19777,0.29000000000000004,0.07,0.22,16.92,12:28:16,80.98,200,80.99,300,80.9846,250
20117,0.33999999999999997,0.12,0.22,34.0,12:30:34,81.01,200,81.02,300,81.0054,125
20163,0.31,0.07,0.24,50.19000000000001,12:30:50,81.01,300,81.02,200,81.0156,200
20178,0.33,0.07,0.26,55.830000000000005,12:30:55,81.01,200,81.02,200,81.0199,100
20218,2.15,1.99,0.16,16.94,12:31:16,81.02,200,81.03,1500,81.0201,100
20241,0.41000000000000003,0.23,0.18,24.09999999999999,12:31:24,81.02,200,81.03,1500,81.0234,225
20247,0.26,0.07,0.19,26.09999999999999,12:31:26,81.02,200,81.03,1500,81.0256,500
20260,0.41000000000000003,0.22,0.19,29.929999999999993,12:31:29,81.02,400,81.03,1500,81.0246,134
20364,2.67,2.46,0.21,7.79,12:32:07,81.02,200,81.03,300,81.0236,1935
20466,0.24000000000000002,0.07,0.17,49.84000000000002,12:32:49,81.01,400,81.02,300,81.0111,150
20502,0.42000000000000004,0.23,0.19,0.0,12:33:00,81.01,400,81.02,300,81.0101,100
20568,0.4,0.19,0.21,30.14999999999999,12:33:30,80.97,300,80.98,300,80.9746,100
21071,0.32,0.15,0.17,37.230000000000004,12:36:37,80.95,300,80.96,300,80.95100000000001,265
21127,0.26,0.08,0.18,4.07,12:37:04,80.94,2800,80.95,300,80.9486,100
21225,0.45999999999999996,0.21,0.25,42.19,12:37:42,80.94,2600,80.95,300,80.9474,772
21230,0.42000000000000004,0.2,0.22,44.18000000000001,12:37:44,80.94,2600,80.95,200,80.9434,180
21360,0.35,0.12,0.23,38.15,12:38:38,80.94,500,80.95,400,80.9469,115
21390,0.36,0.18,0.18,48.17000000000001,12:38:48,80.94,600,80.95,500,80.9456,1000
21406,44.300000000000004,43.96,0.34,0.0,12:39:00,80.89,200,80.9,500,80.8993,129
21508,2.5300000000000002,2.22,0.31,9.68,12:40:09,80.89,300,80.9,300,80.8942,165
21514,3.46,3.29,0.17,19.700000000000003,12:40:19,80.89,400,80.9,100,80.891,700
21569,0.23,0.07,0.16,35.73999999999999,12:40:35,80.9,300,80.91,500,80.9025,200
21655,3.78,3.59,0.19,7.32,12:41:07,80.91,200,80.92,200,80.9146,200
22009,0.45999999999999996,0.24,0.22,56.120000000000005,12:45:56,80.98,200,80.99,300,80.9853,200
22341,1.57,1.23,0.34,10.600000000000003,12:48:10,81.01,1500,81.03,400,81.0187,100
22371,0.47000000000000003,0.27,0.2,21.81,12:48:21,81.03,900,81.04,100,81.0202,120
22384,0.35,0.17,0.18,25.850000000000005,12:48:25,81.03,700,81.04,400,81.0356,152
22664,0.28,0.07,0.21,28.01000000000001,12:50:28,81.04,100,81.05,500,81.0499,100
22688,0.33,0.14,0.19,36.24000000000001,12:50:36,81.04,400,81.05,500,81.0483,2000
22825,0.23,0.07,0.16,21.730000000000004,12:51:21,81.04,600,81.05,2500,81.0432,200
22852,0.25,0.09,0.16,29.75,12:51:29,81.03,200,81.04,300,81.0344,116
22865,0.36,0.2,0.16,33.78,12:51:33,81.03,200,81.04,400,81.0363,1000
23175,0.25,0.09,0.16,30.63000000000001,12:53:30,81.04,300,81.05,1100,81.0446,412
23415,4.83,4.66,0.17,13.38,12:55:13,81.03,100,81.04,300,81.03699999999999,200
23534,0.4,0.23,0.17,50.630000000000024,12:55:50,81.04,300,81.05,300,81.041,105
23678,0.25,0.07,0.18,51.86999999999999,12:56:51,81.06,100,81.07,300,81.0633,200
24121,0.32,0.14,0.18,0.0,13:01:00,81.05,900,81.06,200,81.0587,275
24139,0.39,0.23,0.16,14.860000000000001,13:01:14,81.06,300,81.07,100,81.0699,300
24143,0.30000000000000004,0.14,0.16,15.860000000000003,13:01:15,81.06,200,81.07,400,81.0685,200
24435,0.25,0.07,0.18,0.0,13:03:00,81.03,300,81.04,100,81.0301,2056
24643,0.31,0.15,0.16,9.040000000000004,13:04:09,81.02,100,81.03,300,81.0253,140
24768,3.53,3.36,0.17,15.25,13:05:15,81.03,400,81.04,300,81.0392,500
24772,3.23,3.06,0.17,19.46,13:05:19,81.03,300,81.04,300,81.0385,500
24954,0.24000000000000002,0.07,0.17,8.690000000000001,13:09:08,80.97,100,80.98,500,80.9715,100
24961,0.26,0.07,0.19,11.580000000000002,13:09:11,80.97,300,80.98,500,80.972,200
24992,0.47,0.24,0.23,21.880000000000006,13:09:21,80.95,1000,80.97,300,80.9609,100
25103,0.3,0.08,0.22,21.88,13:10:21,80.96,400,80.97,100,80.9654,100
25229,0.37,0.07,0.3,6.09,13:11:06,80.96,300,80.97,100,80.9644,100
25240,0.36000000000000004,0.08,0.28,15.939999999999998,13:11:15,80.96,100,80.97,500,80.9687,1000
25342,1.9000000000000001,1.37,0.53,5.08,13:12:05,81.0,400,81.01,300,80.9956,450
25522,0.5900000000000001,0.07,0.52,37.960000000000015,13:13:37,80.92,300,80.93,100,80.9254,100
25528,0.6,0.18,0.42,41.97000000000001,13:13:41,80.92,100,80.93,300,80.9264,170
25571,0.56,0.07,0.49,21.160000000000004,13:14:21,80.89,800,80.9,500,80.8943,100
25580,0.59,0.17,0.42,26.36,13:14:26,80.9,100,80.91,200,80.9001,100
25649,0.67,0.21,0.46,8.19,13:15:08,80.9,400,80.91,100,80.903,188
25816,0.5800000000000001,0.27,0.31,0.0,13:17:00,80.95,400,80.96,100,80.9534,1000
25932,0.42,0.07,0.35,18.820000000000007,13:18:18,80.96,800,80.97,100,80.9643,1000
26009,0.6000000000000001,0.07,0.53,22.410000000000004,13:19:22,80.93,300,80.94,100,80.9384,100
26027,0.78,0.23,0.55,33.78,13:19:33,80.93,400,80.95,400,80.944,100
26055,0.6,0.16,0.44,48.39999999999999,13:19:48,80.93,600,80.95,300,80.932,100
26166,0.58,0.23,0.35,0.0,13:21:00,80.95,300,80.97,600,80.9502,200
26236,0.5700000000000001,0.07,0.5,51.60000000000001,13:21:51,80.96,300,80.97,100,80.9625,100
26291,0.59,0.08,0.51,28.19000000000001,13:22:28,80.99,400,81.0,300,80.9957,150
26369,1.56,1.02,0.54,15.020000000000001,13:23:15,80.99,500,81.0,200,80.9943,100
26391,0.6100000000000001,0.07,0.54,32.02,13:23:32,80.99,600,81.0,100,80.9932,200
26582,1.0,0.07,0.93,39.370000000000005,13:26:39,80.99,3300,81.01,400,81.008,185
26617,1.01,0.07,0.94,24.200000000000003,13:27:24,80.99,500,81.0,300,80.9944,600
26657,1.3599999999999999,0.38,0.98,6.969999999999999,13:28:06,81.0,300,81.01,100,80.9995,100
26693,1.38,0.23,1.15,49.44000000000002,13:28:49,81.01,300,81.02,100,81.0146,395
26908,1.3800000000000001,0.07,1.31,50.600000000000016,13:33:50,81.01,500,81.03,300,81.0203,175
26970,1.01,0.14,0.87,12.559999999999999,13:35:12,81.02,1100,81.03,7100,81.0264,230
26987,1.2000000000000002,0.1,1.1,35.4,13:35:35,80.99,700,81.0,300,80.9986,155
27003,1.57,0.26,1.31,55.17000000000001,13:35:55,80.99,600,81.0,300,80.9974,123
27043,0.81,0.07,0.74,42.58,13:36:42,80.99,600,81.0,600,80.9936,1000
27054,0.81,0.07,0.74,52.410000000000004,13:36:52,80.99,600,81.0,800,80.9979,4750
27299,1.37,0.07,1.3,1.37,13:43:01,80.97,300,80.98,100,80.9734,300
27314,2.59,1.72,0.87,20.990000000000002,13:43:20,80.97,1000,80.98,400,80.9736,118
27404,1.59,0.28,1.31,0.0,13:45:00,80.99,200,81.0,400,80.9945,100
27406,1.22,0.08,1.14,2.6399999999999997,13:45:02,80.99,200,81.0,400,80.9966,500
27516,1.3900000000000001,0.07,1.32,24.799999999999997,13:47:24,81.0,300,81.01,100,81.0058,100
27557,3.2199999999999998,2.57,0.65,6.0,13:48:06,81.01,400,81.02,200,81.0168,100
27601,1.22,0.08,1.14,0.0,13:49:00,81.01,500,81.02,300,81.01899999999999,120
27666,1.02,0.18,0.84,9.010000000000002,13:50:09,81.03,400,81.04,200,81.0367,240
27671,2.18,1.09,1.09,17.21,13:50:17,81.03,500,81.04,500,81.0308,100
27731,1.2100000000000002,0.1,1.11,26.790000000000003,13:51:26,81.04,300,81.05,1000,81.0468,109
27849,0.98,0.07,0.91,39.39999999999999,13:53:39,81.02,500,81.03,500,81.0251,150
27909,0.81,0.07,0.74,43.019999999999996,13:54:43,81.01,200,81.02,300,81.0117,150
27927,1.21,0.12,1.09,0.0,13:55:00,81.01,300,81.02,500,81.0144,300
28223,1.36,0.08,1.28,57.99,14:00:57,81.02,500,81.03,300,81.0254,300
28245,0.8200000000000001,0.07,0.75,23.42,14:01:23,81.0,500,81.02,100,81.0061,1500
28341,1.39,0.24,1.15,11.0,14:03:11,81.05,100,81.06,500,81.0536,470
28376,1.3900000000000001,0.37,1.02,0.0,14:04:00,81.05,200,81.06,1000,81.0555,400
28406,1.0,0.2,0.8,37.37,14:04:37,81.04,300,81.05,100,81.0454,130
28577,1.5899999999999999,0.57,1.02,21.19,14:08:21,81.05,200,81.06,400,81.0575,100
28603,0.81,0.07,0.74,48.99,14:08:48,81.01,300,81.02,300,81.0115,100
28637,1.01,0.13,0.88,24.8,14:09:24,80.99,800,81.0,400,80.9964,150
28706,0.82,0.08,0.74,51.21999999999999,14:10:51,81.01,500,81.02,400,81.0185,100
28764,1.0,0.21,0.79,53.980000000000004,14:11:53,80.99,1100,81.0,200,80.9954,210
28810,0.81,0.07,0.74,39.83,14:12:39,81.03,200,81.04,200,81.0341,100
28901,3.58,2.89,0.69,16.01,14:14:16,81.0,200,81.01,400,81.0001,500
28945,1.0,0.26,0.74,2.0,14:15:02,80.99,1000,81.0,200,80.9939,137
29015,0.8200000000000001,0.07,0.75,20.990000000000002,14:16:20,81.0,400,81.01,200,81.0078,100
29154,0.8200000000000001,0.07,0.75,0.0,14:19:00,80.99,300,81.0,300,80.9942,100
29166,1.03,0.07,0.96,14.809999999999999,14:19:14,80.99,600,81.0,300,80.9967,600
29185,1.01,0.2,0.81,34.40999999999998,14:19:34,80.99,600,81.0,500,80.999,100
29223,1.98,0.73,1.25,10.78,14:20:10,80.97,300,80.98,600,80.9785,2000
29275,0.6100000000000001,0.07,0.54,53.050000000000004,14:20:53,80.96,300,80.97,400,80.9658,110
29425,0.5900000000000001,0.27,0.32,30.07,14:22:30,80.98,300,80.99,300,80.988,1000
29588,0.6000000000000001,0.07,0.53,3.2,14:24:03,80.94,200,80.95,200,80.9488,1715
29637,0.77,0.23,0.54,38.370000000000005,14:24:38,80.96,300,80.97,200,80.9632,200
29972,0.6100000000000001,0.07,0.54,35.400000000000006,14:28:35,80.98,600,80.99,200,80.9899,175
29981,0.8200000000000001,0.29,0.53,41.62000000000001,14:28:41,80.98,400,80.99,400,80.9801,925
29987,0.6000000000000001,0.27,0.33,45.430000000000014,14:28:45,80.98,400,80.99,400,80.9856,500
30017,0.94,0.2,0.74,8.959999999999999,14:29:08,80.97,200,80.98,200,80.9775,300
30020,0.81,0.07,0.74,12.159999999999998,14:29:12,80.97,400,80.98,200,80.9764,240
30100,0.6000000000000001,0.07,0.53,4.210000000000001,14:30:04,80.92,300,80.94,400,80.9291,150
30218,0.65,0.2,0.45,21.629999999999995,14:31:21,80.92,400,80.93,100,80.921,800
30408,0.81,0.07,0.74,41.650000000000006,14:33:41,80.87,600,80.88,500,80.87100000000001,200
30440,0.65,0.28,0.37,3.6100000000000003,14:34:03,80.87,100,80.88,700,80.8768,100
30790,0.5900000000000001,0.07,0.52,5.59,14:40:05,80.98,600,81.0,300,80.9883,100
31027,0.46,0.08,0.38,5.2700000000000005,14:43:05,81.17,600,81.18,100,81.1734,100
31031,0.5800000000000001,0.07,0.51,7.830000000000001,14:43:07,81.17,1100,81.18,300,81.1793,200
31162,0.75,0.27,0.48,42.17000000000001,14:44:42,81.16,200,81.17,400,81.1649,100
31191,1.2,0.41,0.79,0.0,14:45:00,81.16,200,81.17,300,81.1675,200
31200,0.5800000000000001,0.07,0.51,7.98,14:45:07,81.15,700,81.16,600,81.1526,1715
31252,0.98,0.21,0.77,48.38000000000002,14:45:48,81.2,100,81.21,500,81.2066,100
31310,0.61,0.08,0.53,37.56000000000001,14:46:37,81.09,100,81.1,300,81.0946,248
31348,0.8,0.14,0.66,2.1900000000000004,14:47:02,81.12,300,81.13,200,81.1254,253
31401,0.43,0.12,0.31,45.789999999999985,14:47:45,81.14,300,81.15,300,81.1458,100
31692,0.6000000000000001,0.14,0.46,17.18,14:51:17,81.14,300,81.16,600,81.1456,100
31757,0.62,0.17,0.45,2.0,14:52:02,81.11,300,81.12,200,81.1156,100
31806,0.6200000000000001,0.07,0.55,36.86000000000001,14:52:36,81.12,300,81.14,400,81.1201,124
32010,0.6000000000000001,0.07,0.53,41.960000000000015,14:54:41,81.11,400,81.12,200,81.1147,100
32129,0.8,0.24,0.56,16.799999999999997,14:57:16,81.13,500,81.14,300,81.1355,100
32154,0.5900000000000001,0.07,0.52,34.25000000000001,14:57:34,81.13,800,81.14,400,81.1207,201
32214,0.61,0.08,0.53,8.979999999999999,14:58:08,81.09,300,81.1,100,81.0901,100
32319,0.45,0.08,0.37,16.23,14:59:16,81.09,300,81.1,400,81.0943,272
32363,0.61,0.17,0.44,40.800000000000026,14:59:40,81.09,100,81.1,400,81.0944,250
32384,0.6100000000000001,0.27,0.34,3.84,15:00:03,81.09,300,81.1,200,81.0915,130
32491,0.7799999999999999,0.08,0.7,11.59,15:01:11,81.12,500,81.13,100,81.1256,100
32594,0.81,0.13,0.68,43.78,15:02:43,81.11,1500,81.13,400,81.124,102
32614,0.77,0.09,0.68,2.1900000000000004,15:03:02,81.11,100,81.12,500,81.1115,200
32655,0.79,0.14,0.65,36.68,15:03:36,81.11,400,81.12,300,81.1134,2000
32708,2.21,1.65,0.56,14.79,15:04:14,81.14,200,81.15,700,81.149,4400
32782,0.77,0.07,0.7,10.0,15:05:10,81.18,200,81.19,400,81.1898,100
32831,0.61,0.15,0.46,46.00000000000001,15:05:46,81.16,700,81.18,400,81.1707,4100
32845,0.81,0.19,0.62,56.24000000000001,15:05:56,81.16,500,81.17,500,81.1642,170
32932,2.2800000000000002,1.6,0.68,10.84,15:07:10,81.17,300,81.18,700,81.1766,187
32945,0.63,0.08,0.55,24.04,15:07:24,81.14,200,81.15,600,81.1532,200
32948,0.83,0.21,0.62,26.43,15:07:26,81.14,300,81.15,400,81.1425,200
32984,0.77,0.17,0.6,54.180000000000014,15:07:54,81.12,200,81.13,300,81.1259,1000
33010,1.85,1.06,0.79,3.58,15:08:03,81.1,100,81.11,700,81.1065,210
33090,1.99,1.51,0.48,16.159999999999997,15:09:16,81.09,200,81.1,400,81.0975,200
33104,0.43,0.08,0.35,23.789999999999996,15:09:23,81.11,500,81.12,100,81.1131,174
33198,0.76,0.18,0.58,32.35,15:10:32,81.16,300,81.17,100,81.1601,130
33262,3.9800000000000004,3.49,0.49,21.37,15:11:21,81.13,100,81.14,200,81.1314,100
33384,0.6200000000000001,0.07,0.55,44.580000000000005,15:12:44,81.11,100,81.12,200,81.113,150
33541,0.5800000000000001,0.07,0.51,30.000000000000007,15:14:30,81.13,500,81.14,100,81.1375,100
33739,0.6000000000000001,0.07,0.53,37.91000000000002,15:16:37,81.12,400,81.13,300,81.1268,240
33771,0.6,0.08,0.52,0.0,15:17:00,81.14,400,81.16,400,81.1519,100
33822,0.6200000000000001,0.07,0.55,38.230000000000004,15:17:38,81.14,200,81.15,400,81.1418,500
33871,1.5899999999999999,0.99,0.6,12.62,15:18:12,81.15,400,81.17,600,81.1699,249
33880,0.6000000000000001,0.2,0.4,17.82,15:18:17,81.15,200,81.16,300,81.153,200
33943,0.58,0.08,0.5,0.0,15:19:00,81.15,800,81.16,500,81.1561,102
33946,0.5700000000000001,0.07,0.5,2.01,15:19:02,81.15,800,81.16,200,81.1591,123
34117,3.81,3.17,0.64,6.59,15:21:06,81.16,1500,81.17,400,81.1656,200
34119,0.61,0.18,0.43,7.8,15:21:07,81.16,1600,81.17,600,81.163,300
34371,0.6100000000000001,0.07,0.54,4.4,15:24:04,81.25,900,81.26,100,81.2599,220
34383,1.8199999999999998,1.46,0.36,20.830000000000002,15:24:20,81.26,500,81.27,300,81.2637,900
34396,0.61,0.15,0.46,28.190000000000005,15:24:28,81.26,700,81.27,400,81.2601,200
34412,0.79,0.23,0.56,38.370000000000005,15:24:38,81.23,600,81.24,200,81.2363,1000
34461,2.7800000000000002,2.08,0.7,7.7700000000000005,15:25:07,81.21,600,81.23,500,81.2188,145
34470,1.79,1.34,0.45,14.59,15:25:14,81.22,400,81.23,400,81.2267,300
34534,0.6000000000000001,0.07,0.53,0.0,15:26:00,81.27,300,81.28,200,81.2799,100
34693,0.6000000000000001,0.2,0.4,52.07000000000003,15:27:52,81.3,300,81.32,200,81.3199,229
34732,3.39,2.77,0.62,17.0,15:28:17,81.28,1000,81.29,200,81.2844,148
34750,0.5800000000000001,0.07,0.51,28.02000000000001,15:28:28,81.22,100,81.23,200,81.2245,400
34759,0.62,0.08,0.54,33.79000000000001,15:28:33,81.24,100,81.26,400,81.2485,100
34772,0.62,0.23,0.39,41.990000000000016,15:28:41,81.24,300,81.25,300,81.2504,200
34781,0.6000000000000001,0.14,0.46,47.75000000000002,15:28:47,81.24,300,81.25,200,81.2459,500
34794,0.6000000000000001,0.07,0.53,55.78000000000003,15:28:55,81.24,300,81.25,400,81.2467,100
34852,1.24,0.23,1.01,48.910000000000004,15:29:48,81.23,400,81.24,200,81.2399,100
34877,0.9199999999999999,0.08,0.84,18.939999999999998,15:30:18,81.2,400,81.21,1000,81.2044,196
34947,4.39,3.79,0.6,11.18,15:31:11,81.2,600,81.21,1600,81.2093,100
35078,0.76,0.08,0.68,40.17999999999999,15:32:40,81.21,400,81.23,400,81.2299,100
35133,0.6,0.08,0.52,21.400000000000002,15:33:21,81.19,600,81.2,100,81.1943,1000
35160,0.61,0.23,0.38,37.59,15:33:37,81.2,300,81.21,500,81.1901,2390
35293,0.59,0.17,0.42,0.0,15:35:00,81.19,800,81.2,500,81.1931,200
35295,0.44,0.07,0.37,1.01,15:35:01,81.19,800,81.2,400,81.1911,100
35303,0.5900000000000001,0.19,0.4,5.430000000000001,15:35:05,81.19,800,81.2,400,81.1966,100
35365,0.77,0.34,0.43,41.25000000000001,15:35:41,81.23,500,81.24,300,81.2385,100
35504,0.6000000000000001,0.2,0.4,28.000000000000004,15:37:28,81.21,1300,81.22,200,81.2143,250
35643,0.62,0.21,0.41,0.0,15:39:00,81.2,1300,81.21,1300,81.2001,124
35653,0.63,0.24,0.39,10.620000000000001,15:39:10,81.2,1400,81.21,1400,81.2042,250
35737,0.64,0.23,0.41,12.07,15:40:12,81.18,500,81.19,1000,81.189,2000
35776,0.6,0.21,0.39,41.86,15:40:41,81.17,900,81.18,1200,81.1747,125
35802,0.57,0.08,0.49,57.80000000000001,15:40:57,81.16,100,81.17,900,81.1646,1170
35861,0.61,0.24,0.37,34.230000000000004,15:41:34,81.14,400,81.15,1500,81.1457,300
35948,0.6300000000000001,0.07,0.56,46.19,15:42:46,81.15,400,81.16,1400,81.1554,400
35985,0.61,0.25,0.36,6.370000000000001,15:43:06,81.15,700,81.16,1900,81.1528,700
35998,0.6100000000000001,0.27,0.34,15.959999999999997,15:43:15,81.15,800,81.16,1900,81.1599,210
36205,0.5900000000000001,0.07,0.52,26.209999999999997,15:45:26,81.17,1600,81.18,900,81.1736,500
36254,0.6,0.21,0.39,1.85,15:46:01,81.15,1100,81.16,800,81.1545,114
36258,2.02,1.5,0.52,8.65,15:46:08,81.15,1100,81.16,800,81.1518,300
36351,0.44,0.08,0.36,17.030000000000005,15:47:17,81.21,400,81.22,600,81.2183,118
36395,0.59,0.18,0.41,43.66000000000004,15:47:43,81.17,200,81.18,700,81.1701,100
36426,5.03,4.49,0.54,0.0,15:48:00,81.17,300,81.18,800,81.1756,300
36432,0.6,0.09,0.51,8.010000000000002,15:48:08,81.17,700,81.18,1300,81.1799,155
36510,0.8,0.19,0.61,12.350000000000003,15:49:12,81.2,700,81.21,700,81.2099,141
36511,2.06,1.54,0.52,14.410000000000004,15:49:14,81.2,700,81.21,800,81.2004,200
36513,0.6,0.18,0.42,15.610000000000003,15:49:15,81.2,500,81.21,1200,81.2077,1000
36632,0.81,0.17,0.64,38.180000000000014,15:50:38,81.17,600,81.18,1000,81.1719,781
36710,0.64,0.08,0.56,42.41,15:51:42,81.2,1300,81.21,1200,81.2075,100
36775,0.45,0.07,0.38,37.81000000000001,15:52:37,81.18,1100,81.19,1400,81.188,150
36802,0.8200000000000001,0.2,0.62,55.81000000000003,15:52:55,81.18,1200,81.19,1400,81.1899,1400
36824,0.79,0.18,0.61,14.219999999999999,15:53:14,81.2,900,81.21,1600,81.2034,100
36918,0.62,0.18,0.44,14.209999999999999,15:54:14,81.18,1200,81.19,800,81.1832,108
36949,0.8200000000000001,0.17,0.65,33.83,15:54:33,81.18,1700,81.19,1400,81.1825,100
37231,0.6399999999999999,0.07,0.57,42.59,15:59:42,81.13,7000,81.14,400,81.1343,1000
37249,0.6,0.09,0.51,53.96000000000002,15:59:53,81.13,4900,81.14,1400,81.1392,910
