,Total Delay,Request Delay,Saving Delay,Arrival Time,Time,Bid,Bid Size,Ask,Ask Size,Last Price,Last Size
0,0.6499999999999999,0.3,0.35,0.6499999999999999,09:30:00,991.67,100,992.55,100,992.24,100
6,0.28,0.08,0.2,2.6000000000000005,09:30:02,991.68,100,992.55,100,992.34,100
12,0.35,0.16,0.19,4.76,09:30:04,991.68,100,992.55,100,992.23,100
32,0.43,0.21,0.22,12.59,09:30:12,991.69,100,992.5,200,992.27,100
37,0.44,0.21,0.23,14.589999999999998,09:30:14,991.69,100,992.5,200,992.079,500
59,0.33,0.1,0.23,0.0,09:31:00,991.8,100,992.37,200,992.085,150
65,0.31,0.07,0.24,3.81,09:31:03,991.8,100,992.37,200,992.25,100
75,0.89,0.62,0.27,10.45,09:31:10,991.41,100,992.12,300,991.84,109
77,1.79,1.43,0.36,12.669999999999998,09:31:12,991.72,100,992.38,200,992.48,100
80,1.4100000000000001,1.07,0.34,15.459999999999997,09:31:15,991.78,100,992.89,100,992.38,188
94,0.27,0.07,0.2,20.0,09:31:20,991.65,100,992.38,300,992.31,100
117,0.3,0.08,0.22,28.21,09:31:28,991.8,100,992.38,300,992.1189999999999,102
182,0.33,0.07,0.26,52.09,09:31:52,991.73,100,992.35,100,991.8,100
201,4.77,4.56,0.21,0.0,09:32:00,992.08,100,992.37,100,991.88,100
202,2.2199999999999998,2.03,0.19,2.2199999999999998,09:32:02,991.74,100,992.37,100,991.76,100
241,0.26,0.09,0.17,15.620000000000001,09:32:15,991.76,100,992.38,300,991.86,100
283,0.25,0.09,0.16,29.58,09:32:29,991.8,100,992.34,100,991.93,100
295,0.33999999999999997,0.18,0.16,33.59,09:32:33,991.8,100,992.34,100,992.21,100
309,0.25,0.07,0.18,37.760000000000005,09:32:37,991.8,100,992.34,100,992.07,200
350,3.75,3.46,0.29,0.0,09:33:00,991.87,100,992.32,100,992.29,100
354,2.19,1.96,0.23,3.38,09:33:03,991.84,100,992.3,100,992.065,100
362,2.69,2.48,0.21,9.819999999999999,09:33:09,991.84,100,992.27,100,992.0917,300
365,0.42000000000000004,0.23,0.19,10.769999999999998,09:33:10,991.84,100,992.27,100,992.12,195
375,0.32,0.15,0.17,14.729999999999997,09:33:14,991.84,300,992.15,100,992.0,100
393,0.35,0.18,0.17,20.679999999999996,09:33:20,991.84,300,992.17,100,992.16,100
399,0.38,0.21,0.17,22.759999999999998,09:33:22,991.84,200,992.17,100,992.005,100
423,0.28,0.07,0.21,30.840000000000003,09:33:30,991.84,100,992.09,100,992.09,100
427,0.41000000000000003,0.17,0.24,32.81,09:33:32,991.0,100,992.09,200,991.69,100
446,0.25,0.07,0.18,38.88000000000001,09:33:38,991.46,100,992.09,100,991.56,100
486,0.25,0.07,0.18,2.14,09:34:02,991.56,100,992.34,100,991.82,100
514,3.77,3.6,0.17,20.38,09:34:20,991.74,100,992.21,100,992.11,100
516,0.42000000000000004,0.2,0.22,22.2,09:34:22,991.74,100,992.16,100,992.06,100
546,0.45,0.2,0.25,34.08,09:34:34,991.79,100,992.35,100,992.3,100
551,0.47,0.25,0.22,35.97,09:34:35,991.85,100,992.35,100,992.0608,100
556,0.47000000000000003,0.28,0.19,38.279999999999994,09:34:38,991.94,100,992.35,100,992.1714,200
604,0.4,0.12,0.28,56.21999999999999,09:34:56,992.02,100,992.6,200,992.2,100
618,0.34,0.07,0.27,0.0,09:35:00,991.92,100,992.5,200,992.39,100
662,0.56,0.29,0.27,25.579999999999995,09:35:25,991.69,100,992.15,100,991.92,100
689,0.28,0.07,0.21,35.489999999999995,09:35:35,991.8,100,992.48,100,992.04,100
714,0.44,0.26,0.18,43.74999999999999,09:35:43,991.78,300,992.29,100,991.99,100
721,0.25,0.07,0.18,45.71999999999999,09:35:45,991.78,300,992.29,200,991.79,100
741,0.23,0.07,0.16,51.64,09:35:51,991.27,100,991.96,100,991.3201,100
779,3.7600000000000002,3.33,0.43,0.0,09:36:00,991.41,100,991.92,100,991.565,100
814,0.5800000000000001,0.19,0.39,14.350000000000003,09:36:14,991.12,100,991.66,100,991.48,100
822,0.30000000000000004,0.07,0.23,17.990000000000002,09:36:17,991.41,100,991.96,100,991.91,100
828,0.26,0.08,0.18,20.180000000000003,09:36:20,991.12,100,991.96,100,991.55,100
833,0.39,0.16,0.23,22.240000000000006,09:36:22,991.2,100,991.96,100,991.5,100
902,0.39,0.14,0.25,0.0,09:37:00,991.04,100,991.86,100,991.0801,100
909,0.6000000000000001,0.26,0.34,3.2,09:37:03,990.83,100,991.85,100,991.62,100
914,0.41000000000000003,0.21,0.2,5.36,09:37:05,990.83,100,991.84,100,991.64,100
926,0.53,0.1,0.43,11.32,09:37:11,990.84,100,991.82,100,991.385,100
939,0.47000000000000003,0.13,0.34,17.39,09:37:17,990.84,100,991.82,100,991.57,100
944,0.43,0.08,0.35,19.42,09:37:19,990.84,100,991.8,100,991.33,100
954,0.47,0.21,0.26,23.299999999999997,09:37:23,991.39,100,991.96,100,991.63,100
965,0.42,0.18,0.24,27.2,09:37:27,991.53,100,992.31,200,991.895,100
970,0.46,0.2,0.26,29.32,09:37:29,991.62,100,992.31,100,991.923,100
1035,0.55,0.19,0.36,16.09,09:38:16,991.67,100,992.44,100,992.05,100
1080,0.46,0.23,0.23,35.99999999999999,09:38:35,991.73,100,992.49,100,991.855,100
1104,0.45,0.18,0.27,45.92999999999998,09:38:45,991.51,1500,992.31,100,992.01,100
1132,0.47,0.23,0.24,0.0,09:39:00,991.64,100,992.39,100,991.65,105
1161,0.37,0.09,0.28,18.160000000000004,09:39:18,991.46,100,992.35,100,991.575,100
1177,0.36,0.15,0.21,23.930000000000007,09:39:23,991.41,100,991.88,200,991.51,100
1197,0.53,0.17,0.36,31.990000000000006,09:39:31,991.41,100,991.88,300,991.6158,100
1238,0.38,0.19,0.19,48.01000000000002,09:39:48,990.67,100,991.43,100,990.925,100
1245,0.42000000000000004,0.22,0.2,50.06000000000002,09:39:50,990.67,200,991.52,100,991.05,100
1266,0.52,0.28,0.24,0.0,09:40:00,990.69,100,991.33,100,991.03,200
1308,0.42,0.18,0.24,23.730000000000004,09:40:23,990.69,300,991.33,100,991.31,100
1330,0.38,0.19,0.19,31.66,09:40:31,990.69,300,991.33,100,991.1354,100
1337,0.48,0.21,0.27,34.1,09:40:34,991.25,200,991.79,400,991.66,100
1341,0.44999999999999996,0.21,0.24,35.7,09:40:35,991.27,100,991.79,400,991.7899,100
1378,0.36,0.07,0.29,49.70999999999999,09:40:49,991.26,100,991.78,100,991.4601,100
1396,0.29000000000000004,0.09,0.2,0.0,09:41:00,990.76,100,991.79,300,991.25,300
1417,0.42000000000000004,0.22,0.2,7.86,09:41:07,990.69,200,991.63,100,991.16,100
1427,0.33,0.13,0.2,11.87,09:41:11,990.69,100,991.62,100,990.725,100
1463,0.27,0.07,0.2,29.73,09:41:29,990.8,200,991.51,100,991.06,100
1476,0.26,0.08,0.18,33.94999999999999,09:41:33,990.81,200,991.5,100,991.155,120
1503,0.3,0.08,0.22,43.91999999999999,09:41:43,991.35,200,991.79,200,991.35,100
1528,0.33,0.07,0.26,54.03999999999999,09:41:54,991.23,100,991.9,100,991.7085,200
1533,0.41000000000000003,0.17,0.24,55.86999999999998,09:41:55,991.23,200,991.88,100,991.655,100
1551,0.41000000000000003,0.09,0.32,0.0,09:42:00,991.0,100,991.83,100,991.23,100
1555,0.30000000000000004,0.07,0.23,5.089999999999999,09:42:05,991.01,100,991.96,700,991.6074,1000
1572,0.38,0.07,0.31,18.129999999999995,09:42:18,991.06,100,991.96,100,991.97,100
1600,0.33,0.08,0.25,30.15999999999999,09:42:30,991.67,300,992.33,100,991.7410000000001,300
1622,0.33,0.07,0.26,40.03999999999999,09:42:40,991.68,100,992.32,100,992.0319999999999,250
1658,0.76,0.29,0.47,54.44999999999998,09:42:54,991.67,300,992.15,100,991.96,100
1663,0.45999999999999996,0.21,0.25,0.0,09:43:00,991.67,300,992.21,100,991.8826,500
1686,0.31,0.07,0.24,9.690000000000003,09:43:09,991.68,100,992.1,100,991.6801,100
1705,0.32,0.09,0.23,21.64,09:43:21,992.0,100,992.5,100,992.26,100
1746,0.31,0.08,0.23,37.699999999999996,09:43:37,992.01,100,992.5,100,992.255,100
1762,0.34,0.08,0.26,43.730000000000004,09:43:43,992.22,100,992.52,100,992.37,200
1837,1.29,1.03,0.26,0.0,09:44:00,992.02,100,992.49,100,992.47,150
1841,0.39,0.18,0.21,1.3,09:44:01,992.02,100,992.49,100,992.46,100
1844,1.8399999999999999,1.48,0.36,3.98,09:44:03,992.02,100,992.47,100,992.45,100
1847,0.46,0.18,0.28,5.1499999999999995,09:44:05,992.02,100,992.52,100,992.28,100
1852,0.33,0.07,0.26,6.96,09:44:06,992.1,100,992.75,200,992.52,100
1858,0.36000000000000004,0.08,0.28,9.36,09:44:09,992.1,100,992.72,200,992.69,100
1910,0.34,0.14,0.2,29.27,09:44:29,992.11,100,992.65,100,992.55,100
1921,0.41000000000000003,0.17,0.24,33.209999999999994,09:44:33,992.11,100,992.65,100,992.4148,300
1970,1.2,0.89,0.31,0.0,09:45:00,992.2,100,992.7,100,992.465,100
1985,0.5700000000000001,0.28,0.29,9.25,09:45:09,992.1,200,992.69,100,992.5,125
2020,0.47,0.26,0.21,23.330000000000002,09:45:23,992.51,100,992.87,200,992.72,100
2036,0.5,0.21,0.29,29.44,09:45:29,992.69,100,993.27,100,993.02,100
2041,0.5700000000000001,0.25,0.32,31.38,09:45:31,992.68,100,993.19,200,992.9049,100
2076,0.34,0.07,0.27,45.129999999999995,09:45:45,992.69,100,993.2,100,993.1389999999999,1000
2110,0.37,0.1,0.27,0.0,09:46:00,992.95,100,993.27,100,993.2,100
2112,2.15,1.73,0.42,2.45,09:46:02,992.94,100,993.27,100,993.11,100
2120,0.46,0.14,0.32,10.12,09:46:10,992.94,100,993.27,200,993.095,100
2130,0.43,0.18,0.25,13.819999999999999,09:46:13,992.94,100,993.27,200,993.105,100
2164,0.44999999999999996,0.21,0.24,26.099999999999994,09:46:26,992.94,200,993.27,200,992.94,100
2197,0.34,0.14,0.2,37.87,09:46:37,992.94,200,993.27,300,993.14,100
2209,0.53,0.27,0.26,41.78,09:46:41,992.69,100,993.27,300,992.91,100
2228,0.44,0.23,0.21,0.0,09:47:00,992.9,200,993.27,300,993.22,100
2279,0.5,0.21,0.29,23.999999999999993,09:47:23,993.25,200,993.63,200,993.37,313
2284,0.28,0.08,0.2,25.839999999999993,09:47:25,993.25,200,993.58,200,993.34,100
2289,0.31,0.08,0.23,27.549999999999994,09:47:27,993.27,100,993.58,200,993.27,100
2300,0.54,0.2,0.34,32.12999999999999,09:47:32,993.03,100,993.48,100,993.2389999999999,500
2304,0.44,0.18,0.26,33.80999999999998,09:47:33,993.03,100,993.48,100,993.145,100
2315,0.25,0.07,0.18,37.71999999999999,09:47:37,993.04,100,993.48,100,993.2802,200
2338,0.48,0.24,0.24,45.81999999999998,09:47:45,993.06,100,993.48,100,993.29,100
2399,0.32,0.07,0.25,0.0,09:48:00,993.09,100,993.45,100,993.35,100
2403,0.31,0.07,0.24,1.6400000000000001,09:48:01,993.09,100,993.45,100,993.0901,100
2429,0.25,0.07,0.18,15.709999999999999,09:48:15,993.29,100,993.72,100,993.3914,100
2453,0.43000000000000005,0.23,0.2,23.879999999999992,09:48:23,993.1,100,993.72,100,993.32,100
2479,0.27,0.08,0.19,33.69,09:48:33,993.11,100,993.55,100,993.38,100
2496,0.41000000000000003,0.21,0.2,39.599999999999994,09:48:39,993.13,100,993.85,100,993.55,100
2514,0.49,0.27,0.22,45.72000000000001,09:48:45,993.26,100,993.85,400,993.555,100
2538,0.37,0.08,0.29,0.0,09:49:00,993.06,100,993.54,100,993.26,100
2542,1.92,1.56,0.36,3.5100000000000002,09:49:03,992.9,200,993.45,100,993.1,100
2543,2.41,1.99,0.42,5.92,09:49:05,992.9,200,993.35,200,993.2916,400
2549,4.069999999999999,3.78,0.29,12.23,09:49:12,992.92,100,993.36,100,993.155,100
2586,0.54,0.24,0.3,29.940000000000005,09:49:29,992.91,100,993.45,100,993.18,100
2605,0.43,0.18,0.25,38.06000000000002,09:49:38,992.91,100,993.45,100,993.3,100
2621,0.38,0.17,0.21,43.74000000000002,09:49:43,992.92,300,993.45,100,993.159,100
2658,0.41000000000000003,0.15,0.26,0.0,09:50:00,992.92,300,993.45,100,993.2115,100
2667,0.5499999999999999,0.08,0.47,4.06,09:50:04,993.19,300,993.46,100,993.45,100
2695,0.28,0.07,0.21,21.869999999999997,09:50:21,993.19,300,993.46,100,993.2704,200
2751,5.26,5.09,0.17,47.98000000000001,09:50:47,993.31,100,993.56,200,993.39,100
2817,0.38,0.08,0.3,17.99,09:51:17,993.11,100,993.53,200,993.33,100
2842,0.29000000000000004,0.07,0.22,27.830000000000002,09:51:27,993.31,100,993.56,200,993.47,100
2848,0.33999999999999997,0.09,0.25,30.04,09:51:30,993.33,100,993.55,100,993.56,172
2891,0.29,0.08,0.21,45.679999999999986,09:51:45,993.08,100,993.51,100,993.42,100
2936,0.42,0.21,0.21,5.980000000000001,09:52:05,993.08,200,993.55,200,993.08,100
3004,0.26,0.07,0.19,34.0,09:52:34,993.34,100,993.85,100,993.76,100
3047,0.41000000000000003,0.18,0.23,50.06000000000001,09:52:50,993.34,100,993.85,300,993.7,400
3053,0.44,0.23,0.21,52.03000000000001,09:52:52,993.34,100,993.85,300,993.6753,102
3080,0.26,0.07,0.19,0.0,09:53:00,993.38,100,993.76,100,993.7310000000001,100
3085,0.29000000000000004,0.09,0.2,2.16,09:53:02,993.38,100,993.75,100,993.73,100
3087,3.0,2.81,0.19,5.630000000000001,09:53:05,993.38,100,993.75,100,993.5428,100
3111,0.29000000000000004,0.09,0.2,18.02,09:53:18,993.65,100,993.98,200,993.69,100
3127,0.3,0.09,0.21,24.000000000000004,09:53:24,993.65,100,993.93,300,993.77,100
3146,0.36,0.18,0.18,29.85,09:53:29,993.65,100,993.93,100,993.9299,198
3165,0.26,0.08,0.18,35.889999999999986,09:53:35,993.65,100,993.93,100,993.88,100
3227,0.39,0.22,0.17,0.0,09:54:00,993.34,200,993.83,200,993.7899,1000
3243,0.27,0.07,0.2,14.690000000000001,09:54:14,993.48,100,993.92,200,993.75,100
3244,3.73,3.54,0.19,18.42,09:54:18,993.6,200,993.98,200,993.97,100
3354,0.44999999999999996,0.21,0.24,53.90000000000003,09:54:53,994.02,100,994.49,100,994.0,2100
3367,0.36,0.18,0.18,58.05000000000003,09:54:58,994.02,100,994.38,100,994.04,100
3372,0.26,0.09,0.17,0.0,09:55:00,994.02,100,994.38,200,994.3789999999999,1000
3389,1.5,1.26,0.24,8.49,09:55:08,994.02,100,994.34,100,994.2669999999999,100
3392,0.29,0.08,0.21,11.95,09:55:11,994.02,100,994.34,100,994.29,100
3398,0.33999999999999997,0.13,0.21,14.119999999999997,09:55:14,994.02,100,994.29,100,994.28,100
3406,0.48,0.19,0.29,18.209999999999997,09:55:18,994.02,100,994.27,100,994.2075,100
3434,0.39,0.19,0.2,30.509999999999994,09:55:30,994.02,100,994.27,100,994.145,200
3444,0.6799999999999999,0.25,0.43,34.559999999999995,09:55:34,993.64,100,994.08,100,993.86,100
3469,0.52,0.24,0.28,44.150000000000006,09:55:44,993.76,100,994.11,100,993.93,200
3558,0.58,0.23,0.35,9.280000000000003,09:56:09,993.63,100,994.02,100,993.87,100
3563,0.33,0.07,0.26,11.300000000000004,09:56:11,993.63,100,994.02,100,993.6301,153
3581,0.48000000000000004,0.2,0.28,19.440000000000005,09:56:19,993.64,100,993.95,100,993.8256,310
3657,0.38,0.09,0.29,0.0,09:57:00,993.74,100,994.26,400,993.89,200
3667,3.57,3.32,0.25,6.92,09:57:06,993.74,100,994.26,400,993.84,100
3677,1.35,1.06,0.29,15.1,09:57:15,993.37,100,994.16,100,993.63,100
3679,3.34,3.09,0.25,18.740000000000002,09:57:18,993.35,100,993.68,100,993.57,126
3688,0.37,0.12,0.25,21.950000000000003,09:57:21,993.35,200,993.68,100,993.6799,1000
3784,0.37,0.19,0.18,54.12999999999999,09:57:54,993.15,100,993.47,100,993.44,100
3809,0.25,0.07,0.18,0.0,09:58:00,993.25,100,993.7,200,993.65,100
3858,0.35,0.16,0.19,26.80000000000001,09:58:26,992.59,100,993.06,100,993.0,100
3880,0.39,0.17,0.22,35.070000000000014,09:58:35,992.53,200,993.06,100,992.8881,500
3891,0.42,0.21,0.21,38.870000000000005,09:58:38,992.54,100,993.06,100,993.045,100
3929,0.42000000000000004,0.23,0.19,0.0,09:59:00,992.53,100,993.03,100,992.77,100
3937,0.26,0.08,0.18,2.2199999999999998,09:59:02,992.52,100,993.01,100,992.66,100
3950,0.25,0.08,0.17,10.239999999999998,09:59:10,992.89,100,993.58,100,993.04,100
3972,0.25,0.07,0.18,19.96,09:59:19,992.65,200,993.41,100,993.375,100
4008,0.26,0.08,0.18,32.169999999999995,09:59:32,992.65,100,993.39,100,993.355,100
4094,0.32,0.07,0.25,0.0,10:00:00,992.67,200,993.36,100,992.88,100
4155,0.48,0.17,0.31,34.44,10:00:34,992.73,100,993.28,200,993.28,100
4159,0.5,0.24,0.26,36.15999999999999,10:00:36,992.73,100,993.28,200,993.005,100
4183,0.42,0.07,0.35,46.27999999999998,10:00:46,992.73,100,993.27,100,993.015,100
4187,0.71,0.23,0.48,48.979999999999976,10:00:48,993.28,100,993.75,100,993.41,100
4324,0.28,0.08,0.2,16.050000000000004,10:01:16,993.12,100,993.6,100,993.3553,200
4404,0.33,0.07,0.26,0.0,10:02:00,993.34,100,993.6,200,993.4546,1772
4410,0.38,0.09,0.29,2.25,10:02:02,993.4,200,993.82,300,993.8117,100
4462,0.56,0.25,0.31,20.32000000000001,10:02:20,993.11,100,993.4,200,993.2460000000001,100
4525,0.30000000000000004,0.1,0.2,5.909999999999999,10:03:05,993.21,100,993.63,100,993.58,100
4545,0.29000000000000004,0.09,0.2,17.979999999999997,10:03:17,993.22,100,993.63,100,993.4536,300
4595,0.27,0.1,0.17,33.93000000000001,10:03:33,993.23,100,993.6,100,993.52,100
4663,0.42,0.18,0.24,0.0,10:04:00,993.59,200,994.0,100,993.99,100
4673,0.38,0.14,0.24,10.09,10:04:10,993.59,100,994.0,200,993.8155,300
4742,0.5700000000000001,0.27,0.3,40.26,10:04:40,993.83,100,994.33,200,994.12,100
4793,0.42000000000000004,0.09,0.33,0.0,10:05:00,994.09,100,994.5,300,994.49,100
4806,0.38,0.19,0.19,5.7700000000000005,10:05:05,994.09,100,994.5,300,994.5,100
4818,0.37,0.17,0.2,11.97,10:05:11,994.3,100,994.71,100,994.55,100
4819,2.35,1.95,0.4,14.32,10:05:14,994.31,100,994.71,100,994.534,200
4839,0.4,0.18,0.22,23.769999999999992,10:05:23,994.46,200,995.0,2400,994.71,100
4862,0.39,0.21,0.18,31.569999999999997,10:05:31,994.47,100,994.74,100,994.99,100
4863,0.29000000000000004,0.09,0.2,31.859999999999996,10:05:31,994.51,100,994.99,100,994.74,100
4886,0.39,0.09,0.3,39.829999999999984,10:05:39,994.63,100,994.99,200,994.9,100
4934,0.28,0.08,0.2,0.0,10:06:00,994.71,100,995.0,1700,995.0,100
4935,0.26,0.07,0.19,0.26,10:06:00,994.95,100,995.23,200,995.08,100
4947,0.8699999999999999,0.69,0.18,8.740000000000002,10:06:08,994.95,100,995.23,200,995.09,100
4952,2.39,2.14,0.25,16.930000000000003,10:06:16,995.01,100,995.23,200,995.12,100
4956,0.25,0.08,0.17,20.050000000000004,10:06:20,994.79,100,995.23,200,994.93,100
5056,0.38,0.22,0.16,54.03000000000004,10:06:54,994.79,200,995.21,100,994.97,100
5090,3.37,3.18,0.19,0.0,10:07:00,994.15,100,994.91,100,994.7,100
5091,2.15,1.85,0.3,2.15,10:07:02,994.23,100,994.83,100,994.76,100
5100,0.24000000000000002,0.07,0.17,8.16,10:07:08,994.26,100,994.82,200,994.72,100
5141,0.39,0.17,0.22,22.17999999999999,10:07:22,994.34,100,994.98,100,994.88,100
5147,0.28,0.07,0.21,24.43999999999999,10:07:24,994.34,100,994.97,100,994.66,100
5158,0.41000000000000003,0.19,0.22,28.549999999999994,10:07:28,994.35,200,994.98,100,994.82,100
5175,0.36,0.15,0.21,34.40999999999999,10:07:34,994.5,200,994.98,100,994.635,100
5201,0.27,0.07,0.2,42.24000000000001,10:07:42,994.51,100,994.98,200,994.605,100
5214,0.27,0.09,0.18,46.45000000000001,10:07:46,994.55,100,994.98,200,994.65,100
5245,3.9699999999999998,3.65,0.32,9.57,10:08:09,994.73,100,995.0,200,994.9730000000001,280
5250,0.43000000000000005,0.23,0.2,13.8,10:08:13,994.73,100,994.88,100,994.73,100
5262,0.30000000000000004,0.13,0.17,17.890000000000004,10:08:17,994.57,100,994.88,100,994.795,100
5321,0.29000000000000004,0.07,0.22,40.0,10:08:40,994.57,400,994.88,100,994.725,1000
5367,0.28,0.07,0.21,55.81999999999999,10:08:55,994.69,100,995.0,200,994.845,100
5372,0.28,0.07,0.21,0.0,10:09:00,994.7,100,994.99,100,994.8884,500
5387,0.41000000000000003,0.24,0.17,15.900000000000002,10:09:15,994.92,200,995.2,100,994.94,100
5396,0.28,0.08,0.2,21.790000000000006,10:09:21,994.92,100,995.2,100,995.06,100
5420,0.27,0.07,0.2,29.730000000000008,10:09:29,994.72,200,995.2,100,994.91,100
5444,0.26,0.07,0.19,37.76,10:09:37,994.72,200,995.04,100,994.735,100
5462,168.17,168.0,0.17,0.0,10:12:00,993.86,100,994.52,100,994.19,100
5614,0.26,0.07,0.19,0.0,10:13:00,993.91,100,994.44,100,994.25,100
5722,3.47,3.24,0.23,13.010000000000002,10:14:13,993.96,100,994.44,100,994.1007,100
5765,0.26,0.07,0.19,27.99000000000001,10:14:27,994.01,100,994.44,100,994.44,100
5799,0.26,0.09,0.17,38.19000000000002,10:14:38,994.21,200,994.42,100,994.41,100
5813,0.23,0.07,0.16,42.28000000000003,10:14:42,994.11,100,994.41,100,994.26,200
5824,0.4,0.21,0.19,46.22000000000002,10:14:46,993.77,100,994.16,100,993.95,100
5907,0.37,0.18,0.19,33.849999999999994,10:15:33,993.78,200,994.15,300,993.965,100
5939,0.24000000000000002,0.07,0.17,43.71000000000001,10:15:43,994.01,100,994.45,200,994.16,100
6003,1.88,1.71,0.17,0.0,10:16:00,994.03,100,994.44,100,994.23,100
6111,0.36,0.17,0.19,43.720000000000006,10:16:43,994.05,200,994.45,300,994.27,100
6213,0.43,0.24,0.19,0.0,10:17:00,994.25,100,994.69,100,994.47,100
6230,0.31,0.07,0.24,5.8500000000000005,10:17:05,994.35,200,994.71,100,994.4,100
6242,0.28,0.08,0.2,9.91,10:17:09,994.37,100,994.71,100,994.5151,100
6268,0.55,0.12,0.43,22.229999999999997,10:17:22,994.47,200,994.91,100,994.5649,407
6299,1.5899999999999999,1.21,0.38,6.8500000000000005,10:18:06,994.6,200,995.0,100,994.62,200
6313,0.48,0.25,0.23,12.560000000000004,10:18:12,994.63,100,994.99,100,994.81,100
6318,52.14,51.78,0.36,0.0,10:19:00,994.07,200,994.46,200,994.35,100
6319,0.42000000000000004,0.23,0.19,0.42000000000000004,10:19:00,994.15,100,994.58,200,994.365,100
6437,0.43,0.21,0.22,0.0,10:20:00,994.37,100,994.81,100,994.37,100
6542,0.32,0.08,0.24,0.0,10:21:00,995.05,100,995.35,200,995.23,110
6559,0.6000000000000001,0.07,0.53,8.07,10:21:08,995.32,100,995.7,100,995.5,100
6563,0.71,0.23,0.48,10.61,10:21:10,994.89,200,995.53,100,995.52,100
6573,0.47,0.1,0.37,16.34,10:21:16,994.89,100,995.68,200,995.3376,300
6585,0.31,0.07,0.24,21.820000000000004,10:21:21,995.0,100,995.68,100,995.18,100
6597,0.64,0.09,0.55,28.42,10:21:28,995.07,100,995.65,100,995.3954,968
6643,0.5700000000000001,0.24,0.33,0.0,10:22:00,995.29,100,995.66,100,995.38,100
6651,0.45,0.18,0.27,3.8100000000000005,10:22:03,995.35,100,995.68,100,995.5786,150
6656,0.41,0.12,0.29,6.0600000000000005,10:22:06,995.38,100,995.85,100,995.68,100
6677,0.47000000000000003,0.08,0.39,17.999999999999996,10:22:17,995.01,100,995.68,100,995.26,100
6681,0.56,0.24,0.32,20.039999999999996,10:22:20,994.48,400,995.48,100,994.954,500
6798,0.42000000000000004,0.19,0.23,0.0,10:23:00,995.17,100,995.73,100,995.3,140
6803,0.38,0.17,0.21,2.04,10:23:02,995.46,100,995.75,100,995.46,100
6827,0.44,0.21,0.23,9.74,10:23:09,995.46,100,995.71,100,995.5785,500
6849,0.46,0.23,0.23,0.0,10:24:00,995.46,100,995.78,100,995.66,100
6888,0.34,0.08,0.26,26.080000000000002,10:24:26,995.2,100,995.68,100,995.57,100
6952,0.38,0.08,0.3,53.920000000000016,10:24:53,995.22,100,995.68,100,995.21,240
6987,0.74,0.27,0.47,0.0,10:25:00,995.43,100,995.78,200,995.5536,300
7025,0.35000000000000003,0.07,0.28,17.690000000000005,10:25:17,995.49,200,995.78,300,995.6347,100
7030,0.44,0.21,0.23,19.830000000000005,10:25:19,995.5,100,995.78,300,995.5010000000001,100
7034,0.33,0.08,0.25,21.590000000000003,10:25:21,995.5,100,995.78,300,995.77,100
7062,0.69,0.27,0.42,33.87,10:25:33,995.38,200,995.78,300,995.49,105
7067,0.32,0.07,0.25,36.17999999999999,10:25:36,995.46,100,995.78,300,995.5696,500
7093,0.55,0.23,0.32,0.0,10:26:00,995.62,200,995.88,500,995.79,100
7095,0.36,0.07,0.29,0.74,10:26:00,995.69,200,996.0,300,995.88,266
7100,2.15,1.85,0.3,5.18,10:26:05,995.69,200,995.98,200,995.69,100
7103,0.54,0.21,0.33,6.68,10:26:06,995.79,100,996.0,200,995.98,100
7146,0.44,0.07,0.37,24.63,10:26:24,995.91,100,996.19,100,996.179,102
7155,0.4,0.09,0.31,29.009999999999994,10:26:29,995.85,100,996.19,100,996.069,151
7174,0.48,0.18,0.3,38.65,10:26:38,995.91,100,996.17,200,996.09,100
7185,37.42,37.15,0.27,0.0,10:27:00,995.89,100,996.28,100,996.1342,300
7199,0.24000000000000002,0.07,0.17,4.91,10:27:04,995.91,100,996.23,100,995.97,100
7257,0.45999999999999996,0.24,0.22,0.0,10:28:00,996.21,100,996.49,100,996.1975,100
7265,0.4,0.2,0.2,4.1000000000000005,10:28:04,996.2,200,996.47,100,996.22,100
7271,0.44,0.25,0.19,6.130000000000002,10:28:06,996.2,200,996.47,100,996.3398,200
7280,0.42000000000000004,0.23,0.19,12.01,10:28:12,996.2,200,996.47,100,996.26,100
7285,0.99,0.75,0.24,14.76,10:28:14,996.2,200,996.47,100,996.235,100
7299,0.41000000000000003,0.23,0.18,21.79,10:28:21,995.92,100,996.2,100,996.12,100
7353,0.31,0.08,0.23,39.83,10:28:39,996.19,100,996.48,100,996.28,100
7370,0.27,0.08,0.19,45.74000000000001,10:28:45,996.17,100,996.48,100,996.23,200
7381,0.38,0.17,0.21,50.10000000000001,10:28:50,995.97,100,996.42,100,996.1,100
7439,3.2600000000000002,2.93,0.33,4.86,10:29:04,996.04,100,996.45,200,996.05,100
7510,0.45999999999999996,0.24,0.22,29.970000000000002,10:29:29,996.13,100,996.43,100,996.275,100
7522,0.26,0.07,0.19,33.91000000000001,10:29:33,996.13,100,996.43,100,996.29,1000
7542,0.36,0.19,0.17,39.960000000000015,10:29:39,996.13,200,996.43,100,996.36,100
7561,0.38,0.17,0.21,46.100000000000016,10:29:46,996.36,100,996.48,100,996.44,100
7566,0.52,0.19,0.33,48.13000000000002,10:29:48,996.3,100,996.5,100,996.48,100
7575,0.41000000000000003,0.08,0.33,0.0,10:30:00,996.31,100,996.75,100,996.42,100
7620,0.43,0.21,0.22,25.79,10:30:25,996.13,100,996.47,100,996.1301,100
7680,0.49,0.19,0.3,47.80000000000001,10:30:47,996.0,400,996.5,100,996.24,100
7722,3.88,3.58,0.3,6.33,10:31:06,996.0,400,996.3,100,996.02,100
7750,0.33,0.14,0.19,21.60000000000001,10:31:21,995.99,100,996.3,100,996.0,180
7767,0.43000000000000005,0.2,0.23,28.010000000000005,10:31:28,995.99,100,996.15,100,996.04,100
7804,0.4,0.23,0.17,0.0,10:33:00,996.04,100,996.37,200,996.33,100
7807,3.0,2.76,0.24,3.56,10:33:03,996.05,100,996.31,100,996.21,100
7840,0.30000000000000004,0.07,0.23,14.610000000000007,10:33:14,996.09,100,996.43,100,996.4299,1466
7841,0.54,0.28,0.26,15.150000000000006,10:33:15,996.09,100,996.43,100,996.3960000000001,200
7893,0.25,0.08,0.17,32.820000000000014,10:33:32,996.25,100,996.65,100,996.6999,284
7899,0.24000000000000002,0.07,0.17,34.80000000000002,10:33:34,996.26,100,996.6,100,996.4592,500
7969,0.38,0.14,0.24,0.0,10:34:00,996.47,100,996.68,100,996.65,100
7985,0.27,0.08,0.19,7.85,10:34:07,996.48,100,996.69,100,996.5853,200
8052,0.31,0.09,0.22,34.17999999999999,10:34:34,996.7,100,996.92,200,996.88,100
8057,0.34,0.08,0.26,36.07999999999999,10:34:36,996.93,100,997.25,100,997.0,3011
8060,0.59,0.08,0.51,38.06999999999999,10:34:38,996.76,100,997.15,100,997.15,100
8081,0.75,0.19,0.56,0.0,10:35:00,996.7,100,997.09,100,996.8767,100
8086,0.61,0.09,0.52,3.9899999999999998,10:35:03,996.97,400,997.16,100,997.08,100
8089,0.5599999999999999,0.08,0.48,5.97,10:35:05,996.97,400,997.16,100,997.16,100
8095,0.5900000000000001,0.28,0.31,9.82,10:35:09,996.67,200,997.09,100,996.92,100
8118,0.76,0.19,0.57,24.240000000000002,10:35:24,996.67,100,996.99,100,996.91,100
8230,0.64,0.2,0.44,0.0,10:37:00,996.21,100,996.74,100,996.3815,330
8237,1.78,1.26,0.52,5.75,10:37:05,996.21,100,996.69,100,996.6599,231
8247,3.59,3.07,0.52,14.360000000000001,10:37:14,996.29,100,996.68,100,996.435,300
8266,0.6,0.17,0.43,25.70000000000001,10:37:25,996.36,100,996.75,100,996.61,100
8313,0.63,0.19,0.44,53.73000000000003,10:37:53,996.36,100,996.7,200,996.57,200
8325,0.5800000000000001,0.07,0.51,0.0,10:38:00,996.36,100,996.66,200,996.5233,700
8327,0.58,0.17,0.41,1.21,10:38:01,996.36,100,996.66,200,996.4617,200
8332,0.6000000000000001,0.2,0.4,4.220000000000001,10:38:04,996.34,100,996.66,200,996.63,100
8341,1.06,0.76,0.3,12.430000000000001,10:38:12,996.34,100,996.66,300,996.4484,200
8344,0.62,0.19,0.43,16.19,10:38:16,996.34,100,996.66,300,996.6,100
8347,0.61,0.22,0.39,18.009999999999998,10:38:18,996.34,100,996.66,300,996.66,100
8370,0.64,0.21,0.43,32.01,10:38:32,996.34,100,996.55,100,996.32,100
8377,0.61,0.17,0.44,36.21,10:38:36,995.75,100,996.34,300,996.34,100
8391,0.43,0.07,0.36,43.62,10:38:43,996.13,100,996.34,100,996.16,100
8431,0.79,0.18,0.61,0.0,10:39:00,996.19,100,996.47,100,996.3451,499
8433,0.79,0.25,0.54,1.4100000000000001,10:39:01,996.19,100,996.49,100,996.35,100
8485,0.64,0.14,0.5,0.0,10:40:00,996.19,100,996.6,100,996.43,100
8490,0.81,0.14,0.67,4.01,10:40:04,996.19,100,996.59,100,996.59,100
8497,4.56,3.8,0.76,13.749999999999996,10:40:13,996.19,200,996.59,100,996.55,290
8508,0.85,0.28,0.57,23.97,10:40:23,996.19,200,996.57,100,996.3689,300
8513,0.61,0.21,0.4,27.74,10:40:27,996.65,200,997.21,100,997.09,100
8517,0.76,0.21,0.55,30.32,10:40:30,996.65,200,997.06,200,996.99,200
8523,0.61,0.08,0.53,33.95,10:40:33,996.65,200,996.98,200,996.8794,100
8541,0.5900000000000001,0.14,0.45,45.700000000000024,10:40:45,996.66,100,996.93,100,996.93,200
8543,0.5900000000000001,0.07,0.52,46.88000000000003,10:40:46,996.67,100,996.93,100,996.9106,100
8557,0.45999999999999996,0.11,0.35,55.30000000000003,10:40:55,996.4,100,996.98,300,996.98,100
8582,3.0200000000000005,2.49,0.53,0.0,10:41:00,996.4,100,996.8,400,996.6072,100
8591,0.61,0.18,0.43,7.400000000000001,10:41:07,996.4,100,996.78,100,996.557,100
8594,0.44,0.07,0.37,9.020000000000001,10:41:09,996.2,100,996.73,100,996.5,100
8598,0.59,0.21,0.38,11.400000000000002,10:41:11,996.19,100,996.48,100,996.51,100
8608,0.64,0.19,0.45,17.590000000000003,10:41:17,996.19,100,996.65,200,996.4452,400
8618,0.5700000000000001,0.07,0.5,23.550000000000008,10:41:23,996.19,100,996.58,100,996.3577,400
8621,0.5900000000000001,0.07,0.52,25.170000000000005,10:41:25,996.19,100,996.53,100,996.39,100
8625,0.5800000000000001,0.07,0.51,27.56000000000001,10:41:27,996.19,100,996.49,100,996.3035,100
8639,0.5800000000000001,0.07,0.51,35.38000000000001,10:41:35,996.19,100,996.58,200,996.54,100
8671,0.43999999999999995,0.09,0.35,0.0,10:42:00,996.46,100,996.72,200,996.71,100
8705,0.61,0.29,0.32,25.900000000000002,10:42:25,996.5,200,996.8,100,996.73,100
8712,0.46,0.08,0.38,30.090000000000007,10:42:30,996.16,200,996.61,400,996.14,100
8715,0.6000000000000001,0.07,0.53,31.890000000000008,10:42:31,996.16,200,996.46,100,996.45,148
8733,0.5800000000000001,0.14,0.44,42.030000000000015,10:42:42,996.43,100,996.72,100,996.46,100
8770,0.59,0.08,0.51,0.0,10:43:00,996.18,100,996.44,100,996.27,100
8891,0.59,0.23,0.36,0.0,10:44:00,995.93,100,996.18,200,996.15,100
8902,0.45,0.14,0.31,6.010000000000001,10:44:06,995.94,200,996.18,200,995.95,100
8905,0.63,0.27,0.36,7.780000000000001,10:44:07,995.94,200,996.18,200,996.07,100
8919,0.44,0.07,0.37,15.81,10:44:15,995.94,200,996.18,300,996.0456,140
8936,4.2,3.76,0.44,8.77,10:45:08,996.18,100,996.56,200,996.285,100
8937,0.5900000000000001,0.07,0.52,9.36,10:45:09,996.18,200,996.56,300,996.56,100
8949,0.43,0.13,0.3,19.779999999999998,10:45:19,995.94,200,996.46,100,996.17,100
8952,0.5900000000000001,0.2,0.39,21.38,10:45:21,995.94,200,996.4,100,996.155,100
9089,0.5800000000000001,0.07,0.51,48.21000000000001,10:46:48,995.78,100,996.03,100,995.94,100
9092,0.59,0.18,0.41,50.04000000000001,10:46:50,995.79,100,996.03,100,995.78,100
9202,2.9800000000000004,2.45,0.53,0.0,10:48:00,995.8,100,996.35,100,995.8,250
9203,4.82,4.37,0.45,4.82,10:48:04,995.81,200,996.39,100,996.075,100
9257,0.44,0.07,0.37,38.019999999999996,10:48:38,995.41,100,996.1,100,995.92,100
9264,0.6,0.24,0.36,41.809999999999995,10:48:41,995.41,100,996.08,100,995.6802,100
9285,0.45,0.13,0.32,0.0,10:49:00,995.63,100,995.94,100,995.81,100
9381,3.3899999999999997,2.88,0.51,7.9799999999999995,10:50:07,995.91,100,996.23,100,996.2,100
9398,0.5900000000000001,0.07,0.52,21.950000000000006,10:50:21,995.91,100,996.19,100,996.06,100
9405,0.58,0.17,0.41,25.760000000000012,10:50:25,995.89,100,996.23,100,995.91,100
9467,0.63,0.17,0.46,0.0,10:51:00,995.23,100,995.7,100,995.59,100
9469,1.4100000000000001,0.74,0.67,2.21,10:51:02,995.31,100,995.52,100,995.33,100
9523,0.58,0.09,0.49,41.87000000000001,10:51:41,995.31,300,995.48,200,995.34,100
9526,0.79,0.17,0.62,44.080000000000005,10:51:44,995.31,200,995.6,100,995.58,100
9555,0.76,0.12,0.64,0.0,10:52:00,995.23,100,995.6,100,995.3593,150
9560,0.61,0.08,0.53,4.4,10:52:04,995.15,200,995.4,100,995.3969999999999,100
9570,0.75,0.23,0.52,10.780000000000001,10:52:10,995.0,200,995.35,100,995.14,200
9588,0.64,0.17,0.47,22.85,10:52:22,995.14,200,995.55,100,995.2,100
9609,0.59,0.08,0.51,36.610000000000014,10:52:36,994.69,100,995.28,100,994.79,100
9665,0.44,0.07,0.37,24.24,10:53:24,994.69,100,995.01,100,994.7565,150
9668,0.61,0.2,0.41,26.02,10:53:26,994.35,100,994.81,100,994.68,100
9678,0.64,0.22,0.42,31.630000000000003,10:53:31,994.36,100,994.92,100,994.863,100
9693,0.6,0.15,0.45,40.25,10:53:40,994.36,500,994.94,100,994.645,100
9717,0.59,0.17,0.42,0.0,10:54:00,994.7,100,995.39,200,995.31,100
9735,2.1799999999999997,1.65,0.53,12.979999999999999,10:54:12,994.62,100,995.3,100,995.04,100
9744,3.38,2.89,0.49,20.599999999999998,10:54:20,994.82,100,995.26,100,994.985,100
9805,0.59,0.12,0.47,32.47000000000001,10:56:32,995.0,100,995.23,100,995.22,100
9808,0.5800000000000001,0.07,0.51,0.0,10:57:00,995.08,100,995.7,100,995.28,100
9820,5.77,5.27,0.5,11.97,10:57:11,995.2,100,995.69,100,995.4695,101
9847,0.5599999999999999,0.08,0.48,30.36000000000001,10:57:30,995.23,100,995.69,200,995.4876,500
9907,0.62,0.27,0.35,0.0,10:58:00,995.04,100,995.49,100,995.07,100
9913,0.62,0.18,0.44,5.989999999999999,10:58:05,995.02,100,995.41,100,995.1955,300
9979,0.59,0.08,0.51,47.77000000000002,10:58:47,995.02,100,995.36,100,995.02,100
9990,0.6,0.22,0.38,53.820000000000014,10:58:53,995.02,100,995.36,400,995.1787,100
10015,0.43,0.07,0.36,4.819999999999999,10:59:04,994.89,200,995.32,100,995.0948,100
10038,0.5800000000000001,0.07,0.51,20.97,10:59:20,994.31,100,994.67,100,994.56,100
10046,0.57,0.21,0.36,25.0,10:59:25,994.44,100,994.86,200,994.57,100
10092,4.41,3.87,0.54,0.0,11:00:00,994.67,100,995.13,300,994.89,100
10095,0.79,0.19,0.6,4.9799999999999995,11:00:04,994.77,100,995.14,200,994.955,200
10103,0.6,0.08,0.52,14.399999999999999,11:00:14,994.92,100,995.14,100,995.03,100
10134,0.44,0.08,0.36,32.199999999999996,11:00:32,994.92,200,995.37,100,995.17,100
10148,0.6100000000000001,0.27,0.34,40.370000000000005,11:00:40,994.92,200,995.37,100,995.11,100
10159,0.5800000000000001,0.18,0.4,46.39000000000001,11:00:46,994.92,200,995.37,100,995.16,100
10162,0.6100000000000001,0.07,0.54,48.41000000000001,11:00:48,994.93,100,995.37,100,995.37,100
10165,0.77,0.22,0.55,50.56000000000002,11:00:50,994.93,100,995.37,100,995.25,100
10171,0.59,0.12,0.47,54.21000000000003,11:00:54,994.93,100,995.37,100,995.15,100
10185,4.38,3.9,0.48,0.0,11:01:00,994.95,100,995.37,100,995.155,100
10232,0.57,0.08,0.49,29.630000000000003,11:01:29,995.17,100,995.5,100,995.3425,100
10256,135.06,134.46,0.6,0.0,11:04:00,995.16,100,995.6,100,995.32,100
10285,0.96,0.36,0.6,20.73,11:04:20,994.75,100,995.25,100,995.1,100
10378,0.5800000000000001,0.28,0.3,0.5800000000000001,11:05:00,994.49,100,994.94,100,994.715,100
10420,3.67,3.37,0.3,0.0,11:06:00,994.41,100,994.78,100,994.595,100
10473,0.44,0.13,0.31,35.15,11:06:35,994.4,200,994.83,200,994.43,100
10503,0.6,0.22,0.38,51.349999999999994,11:06:51,994.56,100,995.03,100,994.83,100
10529,1.39,0.94,0.45,16.77,11:07:16,995.01,100,995.36,100,995.24,100
10632,0.59,0.08,0.51,0.0,11:08:00,994.32,100,994.75,100,994.5166,100
10640,0.85,0.21,0.64,6.239999999999999,11:08:06,994.32,100,994.72,100,994.53,100
10682,0.6,0.09,0.51,34.260000000000005,11:08:34,994.32,100,994.6,100,994.6,100
10692,0.43,0.07,0.36,0.0,11:09:00,994.32,100,994.59,100,994.34,200
10759,0.43,0.14,0.29,41.78000000000001,11:09:41,994.26,100,994.49,200,994.13,100
10763,0.61,0.18,0.43,44.17000000000001,11:09:44,994.26,100,994.49,200,994.455,100
10792,0.58,0.15,0.43,0.0,11:10:00,994.11,200,994.38,100,994.1101,229
10795,1.58,1.07,0.51,2.6100000000000003,11:10:02,994.11,200,994.38,100,994.2288,100
10824,0.61,0.22,0.39,24.04,11:10:24,994.11,200,994.38,400,994.2621,115
10880,0.57,0.08,0.49,0.0,11:11:00,994.0,200,994.36,100,994.0360000000001,100
10919,0.6,0.17,0.43,29.840000000000007,11:11:29,994.0,100,994.34,100,994.1,100
10926,0.44,0.08,0.36,33.87000000000001,11:11:33,994.01,100,994.34,200,994.2,100
10943,0.62,0.12,0.5,44.05000000000002,11:11:44,994.01,100,994.34,300,994.255,100
10953,0.59,0.08,0.51,50.24000000000003,11:11:50,994.01,100,994.34,200,994.025,100
10967,0.44,0.14,0.3,0.0,11:12:00,994.01,100,994.34,200,994.1919,200
10971,0.44,0.07,0.37,5.79,11:12:05,994.1,100,994.5,300,994.3,100
10980,3.22,2.72,0.5,14.139999999999999,11:12:14,994.01,300,994.49,100,994.11,100
11086,0.79,0.36,0.43,7.23,11:13:07,994.01,200,994.36,100,994.164,115
11208,0.55,0.07,0.48,3.6000000000000005,11:16:03,994.11,200,994.32,200,994.1103,120
11226,0.74,0.08,0.66,16.02,11:16:16,993.79,100,994.16,200,994.0346,150
11247,0.62,0.08,0.54,0.0,11:17:00,994.0,100,994.15,200,994.14,100
11258,0.61,0.2,0.41,11.409999999999998,11:17:11,993.78,100,994.15,100,994.02,100
11345,0.46,0.07,0.39,12.020000000000001,11:18:12,994.26,100,994.57,100,994.415,200
11394,0.5900000000000001,0.07,0.52,48.15000000000001,11:18:48,994.34,100,994.59,200,994.46,100
11407,0.59,0.18,0.41,56.340000000000025,11:18:56,994.47,100,994.59,200,994.45,100
11410,0.74,0.07,0.67,0.0,11:19:00,994.48,300,994.59,200,994.59,100
11419,0.63,0.08,0.55,6.05,11:19:06,994.48,300,994.62,100,994.5375,100
11476,0.95,0.35,0.6,48.019999999999996,11:19:48,994.18,200,994.4,100,994.3032,100
11493,0.61,0.13,0.48,0.0,11:20:00,994.05,1000,994.24,100,994.18,100
11504,0.6,0.09,0.51,7.59,11:20:07,994.06,1000,994.28,100,994.22,100
11513,4.16,3.7,0.46,20.379999999999995,11:20:20,993.83,300,994.11,100,994.06,100
11536,0.6100000000000001,0.27,0.34,35.98,11:20:35,993.92,100,994.5,100,994.24,100
11539,0.63,0.14,0.49,37.96,11:20:37,993.92,200,994.37,100,994.21,100
11660,0.7899999999999999,0.22,0.57,0.0,11:22:00,993.87,200,994.2,300,994.005,100
11681,0.65,0.19,0.46,18.049999999999997,11:22:18,993.66,100,993.98,100,993.836,200
11695,0.5800000000000001,0.07,0.51,26.799999999999997,11:22:26,993.55,100,993.95,100,993.62,200
11756,0.82,0.23,0.59,0.0,11:23:00,993.76,100,994.06,100,993.8669,200
11759,3.61,3.15,0.46,5.77,11:23:05,993.76,100,994.06,100,994.045,100
11831,0.5900000000000001,0.14,0.45,0.0,11:24:00,993.77,100,994.14,100,994.07,100
11901,0.76,0.33,0.43,0.0,11:25:00,994.05,200,994.3,200,994.175,100
11910,0.59,0.08,0.51,6.02,11:25:06,994.05,200,994.3,200,994.1775,100
12007,0.59,0.09,0.5,15.809999999999997,11:26:15,994.41,400,994.62,100,994.5675,100
12014,0.61,0.08,0.53,20.229999999999997,11:26:20,994.08,100,994.36,100,994.36,150
12036,0.5599999999999999,0.21,0.35,0.5599999999999999,11:27:00,993.51,300,994.06,100,993.71,100
12057,0.5700000000000001,0.13,0.44,0.0,11:28:00,993.62,200,994.08,200,993.8122,100
12093,0.61,0.18,0.43,0.0,11:29:00,993.63,100,994.08,200,993.7757,100
12139,0.99,0.23,0.76,0.0,11:30:00,993.53,100,994.09,200,993.67,100
12148,18.869999999999997,18.13,0.74,27.08,11:30:27,993.65,400,994.02,100,993.7932,100
12176,0.75,0.13,0.62,47.00999999999999,11:30:47,993.58,100,993.96,100,993.5701,100
12198,0.6,0.24,0.36,0.0,11:31:00,993.64,100,993.94,100,993.79,100
12200,9.42,8.89,0.53,10.01,11:31:10,993.62,100,993.87,100,993.64,100
12223,0.45,0.08,0.37,27.599999999999998,11:31:27,993.75,100,994.0,100,993.96,100
12247,0.6000000000000001,0.14,0.46,41.93,11:31:41,993.75,200,994.0,100,993.875,100
12291,0.6000000000000001,0.28,0.32,0.0,11:32:00,993.94,100,994.09,200,994.015,100
12300,0.5800000000000001,0.07,0.51,8.0,11:32:08,993.94,200,994.09,200,994.0525,100
12303,0.44,0.08,0.36,9.65,11:32:09,993.55,200,994.01,100,993.91,100
12477,2.15,1.64,0.51,0.0,11:34:00,993.48,100,994.0,200,993.6,100
12538,0.63,0.21,0.42,44.80999999999999,11:34:44,993.6,100,993.99,100,993.7987,220
12629,0.5800000000000001,0.07,0.51,0.0,11:37:00,993.6,200,993.88,100,993.83,100
12673,0.44,0.07,0.37,25.980000000000004,11:37:25,993.61,100,993.91,200,993.625,100
12687,0.58,0.08,0.5,33.77,11:37:33,993.61,100,993.87,100,993.61,100
12691,0.59,0.17,0.42,36.0,11:37:36,993.4,100,993.67,100,993.59,100
12712,0.61,0.2,0.41,1.83,11:38:01,993.5,100,993.87,100,993.7503,100
12753,0.6200000000000001,0.07,0.55,38.05,11:38:38,993.64,100,994.0,100,993.82,100
12780,118.2,117.59,0.61,0.0,11:40:00,993.93,200,994.3,200,994.105,100
12955,0.29000000000000004,0.07,0.22,0.0,11:42:00,994.24,100,994.49,200,994.2925,100
12975,0.33999999999999997,0.15,0.19,5.939999999999999,11:42:05,994.24,300,994.49,100,994.3675,100
13010,0.36,0.17,0.19,18.039999999999996,11:42:18,994.24,300,994.49,100,994.3775,100
13016,0.38,0.17,0.21,20.159999999999993,11:42:20,994.4,100,994.94,100,994.67,100
13054,4.21,3.98,0.23,10.440000000000001,11:43:10,994.43,100,994.82,100,994.625,100
13252,0.24000000000000002,0.07,0.17,20.109999999999992,11:45:20,994.41,100,994.76,100,994.6721,100
13334,0.35,0.16,0.19,0.0,11:46:00,994.45,100,994.73,100,994.5732,150
13518,0.29000000000000004,0.07,0.22,26.139999999999993,11:47:26,994.5,100,994.8,100,994.8,100
13628,0.56,0.22,0.34,2.16,11:48:02,994.51,100,994.76,100,994.7225,100
13678,0.41000000000000003,0.22,0.19,18.38,11:48:18,994.62,200,994.82,100,994.78,100
13768,0.38,0.21,0.17,21.969999999999995,11:49:21,994.69,300,994.92,100,994.92,100
13820,0.37,0.17,0.2,38.07,11:49:38,994.69,200,994.91,200,994.6994,200
13832,0.26,0.07,0.19,42.050000000000004,11:49:42,994.69,400,994.91,200,994.8944,100
13887,0.24000000000000002,0.07,0.17,0.0,11:50:00,994.62,100,994.78,200,994.6448,200
13893,0.4,0.23,0.17,2.07,11:50:02,994.62,100,994.78,200,994.684,300
13902,2.61,2.31,0.3,7.98,11:50:07,994.61,400,994.78,100,994.75,100
13913,1.82,1.55,0.27,16.98,11:50:16,994.61,400,994.78,100,994.695,100
13919,0.35,0.18,0.17,20.13,11:50:20,994.48,100,994.78,100,994.61,350
13926,0.36,0.19,0.17,22.239999999999995,11:50:22,994.49,100,994.78,100,994.6111,100
14276,0.26,0.07,0.19,15.389999999999999,11:52:15,994.71,100,994.94,200,994.825,211
14347,0.41000000000000003,0.22,0.19,38.47999999999999,11:52:38,994.71,100,994.94,200,994.7101,200
14504,4.07,3.9,0.17,0.0,11:54:00,994.49,100,994.89,100,994.676,100
14558,0.41000000000000003,0.21,0.2,24.730000000000008,11:54:24,994.51,100,994.87,100,994.7716,700
14592,0.38,0.19,0.19,36.41000000000001,11:54:36,994.53,100,994.87,200,994.87,100
14668,0.41000000000000003,0.23,0.18,0.0,11:55:00,994.53,100,994.84,200,994.85,100
14680,0.3,0.09,0.21,10.040000000000001,11:55:10,994.53,100,994.84,200,994.84,100
14737,0.31,0.07,0.24,33.87000000000002,11:55:33,994.68,100,994.97,100,994.86,100
14764,0.4,0.18,0.22,44.11000000000003,11:55:44,994.68,200,994.92,200,994.95,100
14787,0.39,0.21,0.18,52.25000000000004,11:55:52,994.68,200,994.97,100,994.8675,100
14990,0.25,0.07,0.18,1.9700000000000002,11:57:01,994.48,100,994.73,200,994.63,100
15039,0.3,0.09,0.21,18.34,11:57:18,994.49,100,994.72,200,994.6368,250
15148,0.25,0.07,0.18,25.920000000000005,11:58:25,994.51,100,994.67,100,994.51,100
15255,0.45000000000000007,0.17,0.28,0.0,11:59:00,994.07,100,994.48,100,994.39,100
15259,3.34,3.13,0.21,4.63,11:59:04,994.1,100,994.42,100,994.275,100
15260,0.24000000000000002,0.07,0.17,4.87,11:59:04,994.1,100,994.42,100,994.38,100
15277,0.33999999999999997,0.15,0.19,15.56,11:59:15,994.1,100,994.39,100,994.245,100
15465,0.37,0.14,0.23,0.0,12:00:00,994.18,100,994.39,100,994.2117,100
15516,0.24,0.08,0.16,15.700000000000001,12:00:15,994.17,100,994.33,100,994.2724,100
15584,3.4099999999999997,3.09,0.32,3.4099999999999997,12:01:03,993.95,300,994.29,100,994.17,100
15638,0.25,0.09,0.16,28.60999999999999,12:01:28,994.12,100,994.32,100,994.317,100
15720,0.30000000000000004,0.14,0.16,0.0,12:02:00,994.21,100,994.32,100,994.2222,100
15746,0.28,0.09,0.19,19.160000000000004,12:02:19,994.23,100,994.55,100,994.3897,100
15901,0.36,0.19,0.17,12.140000000000002,12:03:12,994.54,100,994.74,100,994.535,100
16103,0.37,0.2,0.17,21.490000000000002,12:04:21,994.48,100,994.71,100,994.5559,250
16356,2.14,1.97,0.17,0.0,12:06:00,994.59,100,994.76,100,994.6991,400
16703,0.4,0.21,0.19,9.930000000000001,12:08:09,994.26,100,994.42,100,994.33,100
16893,0.4,0.23,0.17,0.0,12:09:00,994.26,300,994.47,100,994.42,100
17088,0.33999999999999997,0.18,0.16,0.0,12:10:00,994.32,100,994.47,200,994.3439999999999,100
17403,0.24000000000000002,0.07,0.17,23.919999999999998,12:12:23,993.88,100,994.03,100,993.955,100
17458,3.11,2.8,0.31,0.0,12:13:00,993.58,200,993.81,100,993.725,100
17481,0.36,0.2,0.16,16.769999999999996,12:13:16,993.68,200,993.81,200,993.8099,600
17566,0.30000000000000004,0.14,0.16,42.88999999999999,12:13:42,993.67,200,993.81,300,993.74,100
17808,0.38,0.14,0.24,29.850000000000005,12:15:29,993.61,200,993.83,100,993.6541,150
17856,0.32,0.13,0.19,45.970000000000034,12:15:45,993.71,100,993.98,200,993.85,100
17920,0.55,0.23,0.32,0.0,12:16:00,993.75,100,993.98,100,993.8375,100
18105,0.24,0.08,0.16,4.91,12:17:04,993.63,200,993.88,200,993.8278,110
18147,0.27,0.1,0.17,18.1,12:17:18,993.74,100,994.03,100,993.94,100
18163,0.23,0.07,0.16,23.040000000000006,12:17:23,993.83,100,994.14,100,994.0038,250
18648,0.24000000000000002,0.07,0.17,0.0,12:20:00,993.69,300,993.95,100,993.807,100
18702,0.43000000000000005,0.26,0.17,0.0,12:21:00,993.7,400,993.96,100,993.785,200
18978,0.27,0.07,0.2,0.0,12:22:00,993.7,100,993.97,100,993.895,100
19023,0.47,0.25,0.22,6.4399999999999995,12:23:06,993.88,200,994.11,200,993.995,100
19213,0.38,0.07,0.31,23.900000000000002,12:24:23,993.88,200,994.14,100,994.05,100
19247,0.37,0.13,0.24,37.81999999999998,12:24:37,993.88,200,994.14,100,994.01,100
19346,0.41000000000000003,0.18,0.23,0.0,12:25:00,993.86,100,994.17,100,993.98,100
19427,0.27,0.08,0.19,0.0,12:26:00,994.01,100,994.32,200,994.09,100
19503,0.27,0.07,0.2,35.940000000000005,12:26:35,994.23,100,994.61,100,994.48,100
19606,0.24,0.08,0.16,23.79,12:27:23,994.66,100,995.0,400,994.965,115
19694,0.24000000000000002,0.07,0.17,51.59999999999998,12:27:51,994.83,100,995.27,100,995.0408,300
19734,0.23,0.07,0.16,0.0,12:28:00,994.73,100,995.05,100,994.7332,300
19778,0.28,0.07,0.21,22.110000000000007,12:28:22,994.73,100,995.0,100,994.8653,250
20094,0.26,0.07,0.19,0.0,12:30:00,995.08,200,995.48,100,995.35,100
20147,0.37,0.17,0.2,18.139999999999997,12:30:18,995.39,100,995.69,100,995.5295,300
20207,0.33,0.14,0.19,0.0,12:31:00,995.41,200,995.76,100,995.6224,500
20260,0.41000000000000003,0.22,0.19,23.990000000000006,12:31:23,995.43,100,995.75,100,995.431,100
20267,0.26,0.08,0.18,26.160000000000007,12:31:26,995.43,100,995.75,100,995.5624,250
20279,0.33999999999999997,0.18,0.16,30.01,12:31:30,995.51,100,995.79,100,995.7499,168
20285,0.24000000000000002,0.07,0.17,31.930000000000003,12:31:31,995.65,200,995.97,100,995.9,100
20368,0.35,0.18,0.17,0.0,12:32:00,995.68,200,995.92,100,995.75,800
20466,0.24000000000000002,0.07,0.17,32.889999999999986,12:32:32,995.69,200,995.9,100,995.74,100
20475,4.539999999999999,4.27,0.27,39.84999999999998,12:32:39,995.75,200,995.9,100,995.8208,100
20532,0.3,0.08,0.22,24.08000000000001,12:33:24,995.58,100,995.9,100,995.7316,100
20592,0.28,0.09,0.19,44.160000000000004,12:33:44,996.12,100,996.41,100,996.37,100
20620,0.38,0.18,0.2,54.14999999999999,12:33:54,996.13,100,996.4,100,996.4099,280
20649,0.30000000000000004,0.07,0.23,0.0,12:34:00,996.15,100,996.4,100,996.2582,101
20717,0.30000000000000004,0.14,0.16,28.209999999999997,12:34:28,996.15,100,996.38,100,996.2716,400
20749,0.25,0.08,0.17,37.95,12:34:37,996.15,200,996.34,100,996.2517,300
20840,0.27,0.07,0.2,11.87,12:35:11,996.36,100,996.5,100,996.4,100
20982,2.38,2.02,0.36,0.0,12:36:00,996.34,100,996.5,200,996.41,100
21286,0.4,0.2,0.2,0.0,12:38:00,995.76,100,996.07,1200,995.86,100
21325,0.6100000000000001,0.27,0.34,19.839999999999996,12:38:19,995.76,100,996.07,1200,995.89,200
21351,2.54,2.31,0.23,30.71999999999999,12:38:30,995.76,100,996.07,1200,995.8889,250
21642,0.41000000000000003,0.21,0.2,0.0,12:41:00,995.79,100,995.96,100,995.8029,100
21786,149.10999999999999,148.89,0.22,0.0,12:44:00,995.98,200,996.49,100,996.2151,100
22048,0.38,0.18,0.2,19.959999999999994,12:46:19,996.3,100,996.4,100,996.3995,100
22092,0.43,0.21,0.22,36.06,12:46:36,996.27,100,996.42,100,996.31,100
22116,0.29,0.08,0.21,43.93,12:46:43,996.16,100,996.42,100,996.25,100
22122,0.29,0.08,0.21,45.83,12:46:45,996.16,100,996.41,100,996.2806,100
22260,0.37,0.19,0.18,25.549999999999994,12:47:25,995.99,100,996.6,100,996.335,200
22428,0.24000000000000002,0.07,0.17,37.75000000000001,12:48:37,996.06,100,996.58,200,996.58,100
22658,0.44999999999999996,0.24,0.21,0.0,12:50:00,996.15,100,996.58,200,996.3306,250
23011,0.38,0.19,0.19,0.0,12:52:00,995.99,100,996.39,100,996.0269999999999,100
23266,2.0,1.76,0.24,0.0,12:54:00,995.84,100,996.0,100,995.934,100
23268,0.41000000000000003,0.22,0.19,3.8000000000000003,12:54:03,995.7,100,996.0,100,995.99,100
23295,0.41000000000000003,0.2,0.21,15.110000000000001,12:54:15,995.71,200,995.91,200,995.82,100
23335,0.27,0.07,0.2,28.79000000000001,12:54:28,995.75,100,996.0,100,995.96,100
23353,0.45,0.23,0.22,35.04000000000001,12:54:35,995.75,100,996.08,200,996.01,100
23462,0.25,0.08,0.17,0.0,12:55:00,995.84,100,996.15,200,996.08,100
23665,0.23,0.07,0.16,11.880000000000003,12:56:11,995.93,200,996.42,100,996.0091,199
23763,0.23,0.07,0.16,0.0,12:57:00,995.97,100,996.37,100,996.1287,100
24121,0.32,0.14,0.18,0.0,13:01:00,996.4,200,996.7,500,996.62,100
24135,0.41000000000000003,0.24,0.17,9.690000000000001,13:01:09,996.42,100,996.7,500,996.6025,100
24198,0.23,0.07,0.16,35.62999999999999,13:01:35,996.48,100,996.75,100,996.615,100
24204,0.37,0.21,0.16,37.62999999999998,13:01:37,996.49,100,996.75,100,996.643,100
24211,0.3,0.09,0.21,39.89999999999998,13:01:39,996.64,100,996.99,200,996.75,128
24292,0.31,0.15,0.16,0.0,13:02:00,996.69,100,996.99,300,996.69,100
24316,0.28,0.12,0.16,16.220000000000002,13:02:16,996.5,100,996.87,100,996.64,100
24412,0.38,0.17,0.21,46.03999999999998,13:02:46,996.22,100,996.78,200,996.52,100
24625,0.26,0.09,0.17,0.0,13:04:00,996.49,100,996.86,100,996.49,150
24911,174.01,173.76,0.25,0.0,13:08:00,996.35,100,996.7,100,996.3986,100
24980,0.35,0.14,0.21,0.0,13:09:00,996.36,100,996.7,200,996.4728,140
24992,0.47,0.24,0.23,4.16,13:09:04,996.36,200,996.7,100,996.5339,100
25075,0.4,0.13,0.27,0.0,13:10:00,996.0,200,996.61,300,996.327,100
25266,0.46,0.14,0.32,10.240000000000002,13:11:10,996.01,100,996.6,100,996.2097,115
25445,0.27,0.09,0.18,52.170000000000016,13:12:52,995.7,100,996.15,100,995.8945,250
25556,0.5900000000000001,0.07,0.52,0.5900000000000001,13:14:00,995.75,100,996.06,100,995.8902,200
25638,0.62,0.19,0.43,0.0,13:15:00,995.42,100,996.0,100,995.7,100
25711,0.75,0.18,0.57,50.550000000000004,13:15:50,995.43,100,995.74,100,995.53,100
25728,0.5700000000000001,0.07,0.5,0.0,13:16:00,995.4,100,995.72,100,995.42,100
25733,3.64,3.18,0.46,6.02,13:16:06,995.4,200,995.72,100,995.5497,600
25809,0.59,0.23,0.36,0.0,13:17:00,995.28,100,995.72,100,995.43,100
26192,0.59,0.23,0.36,16.26,13:21:16,995.26,100,995.46,200,995.36,100
26202,0.75,0.23,0.52,22.39,13:21:22,995.31,100,995.67,200,995.47,100
26261,0.44,0.07,0.37,0.0,13:22:00,995.22,100,995.6,100,995.41,100
26321,0.5499999999999999,0.08,0.47,36.41000000000001,13:22:36,995.22,100,995.49,100,995.3415,140
26398,0.81,0.18,0.63,0.0,13:23:00,995.18,100,995.49,300,995.19,100
26425,0.6000000000000001,0.07,0.53,17.75,13:23:17,995.18,100,995.49,300,995.2234,113
26531,1.1800000000000002,0.08,1.1,7.809999999999999,13:25:07,994.82,100,995.17,500,994.995,100
26589,1.01,0.18,0.83,18.22,13:26:18,994.58,100,994.91,200,994.745,100
26719,1.1900000000000002,0.08,1.11,13.18,13:29:13,994.47,100,994.92,200,994.6761,100
26840,0.99,0.08,0.91,0.0,13:32:00,994.49,200,994.84,400,994.721,100
26895,1.38,0.15,1.23,26.590000000000003,13:33:26,994.47,200,994.94,100,994.835,200
26963,1.4,0.21,1.19,0.0,13:35:00,994.5,100,994.88,100,994.8014,500
26987,1.2000000000000002,0.1,1.1,34.00000000000001,13:35:34,994.5,100,994.86,100,994.7088,100
27062,2.82,2.13,0.69,0.0,13:37:00,994.5,100,994.88,100,994.675,100
27072,1.03,0.07,0.96,14.42,13:37:14,994.5,100,994.88,100,994.6656,200
27102,1.04,0.14,0.9,48.81,13:37:48,994.17,100,994.57,100,994.52,100
27222,1.2,0.16,1.04,0.0,13:41:00,994.34,100,994.76,500,994.5665,200
27288,1.4000000000000001,0.07,1.33,43.17999999999999,13:42:43,994.78,200,994.99,300,994.9723,323
27297,1.38,0.22,1.16,55.76999999999998,13:42:55,994.53,100,994.86,100,994.69,100
27355,1.1800000000000002,0.07,1.11,0.0,13:44:00,994.42,200,994.72,300,994.58,100
27361,1.23,0.07,1.16,9.23,13:44:09,994.42,200,994.72,300,994.5892,100
27382,1.01,0.08,0.93,36.61999999999999,13:44:36,994.55,200,994.7,100,994.6554,150
27519,1.2,0.23,0.97,25.609999999999996,13:47:25,994.52,200,994.76,100,994.54,100
27548,1.0,0.07,0.93,0.0,13:48:00,994.38,100,994.75,100,994.64,200
27662,0.99,0.17,0.82,0.0,13:50:00,994.32,100,994.55,300,994.4525,100
27709,1.4,0.19,1.21,54.81999999999999,13:50:54,994.2,100,994.53,100,994.32,100
27735,1.21,0.07,1.14,6.2,13:51:06,994.11,200,994.47,100,994.2266,100
28008,0.98,0.3,0.68,35.58999999999999,13:56:35,993.53,100,994.11,100,993.8694,250
28010,0.98,0.07,0.91,37.389999999999986,13:56:37,993.53,100,994.1,100,993.53,324
28015,0.82,0.08,0.74,41.829999999999984,13:56:41,993.57,100,994.03,100,993.78,100
28043,1.38,0.37,1.01,0.0,13:57:00,993.53,100,993.9,100,993.7601,100
28061,1.01,0.07,0.94,17.210000000000008,13:57:17,993.39,100,993.7,100,993.51,100
28083,3.0,2.35,0.65,0.0,13:58:00,993.51,100,993.7,300,993.595,100
28108,1.2,0.24,0.96,35.980000000000004,13:58:35,993.37,100,993.67,100,993.5265,311
28109,1.3900000000000001,0.08,1.31,37.370000000000005,13:58:37,993.37,100,993.67,100,993.43,100
28117,1.38,0.14,1.24,48.14000000000001,13:58:48,993.39,100,993.67,200,993.5395,115
28125,1.21,0.22,0.99,2.3899999999999997,13:59:02,993.02,100,993.66,200,993.05,100
28182,2.2199999999999998,1.17,1.05,0.0,14:00:00,992.97,100,993.21,100,992.97,100
28195,1.4000000000000001,0.28,1.12,14.980000000000002,14:00:14,992.94,200,993.19,200,993.065,100
28196,1.21,0.08,1.13,16.19,14:00:16,992.94,200,993.24,100,992.95,100
28223,1.36,0.08,1.28,44.980000000000004,14:00:44,992.94,300,993.24,200,993.01,100
28230,1.19,0.21,0.98,3.42,14:01:03,992.95,100,993.24,300,993.12,100
28232,0.98,0.07,0.91,7.42,14:01:07,992.68,100,993.1,200,992.81,100
28268,1.2,0.23,0.97,47.59,14:01:47,992.7,200,992.99,100,992.74,100
28270,1.01,0.07,0.94,49.79,14:01:49,992.71,100,993.22,100,992.875,100
28273,1.19,0.33,0.86,53.589999999999996,14:01:53,992.74,200,993.19,100,992.83,100
28277,2.6,1.68,0.92,0.0,14:02:00,992.74,100,993.19,100,993.13,100
28278,3.21,2.37,0.84,3.21,14:02:03,992.9,100,993.28,100,992.995,100
28290,1.17,0.13,1.04,19.78,14:02:19,992.71,100,993.19,100,992.9,100
28329,3.18,2.1,1.08,0.0,14:03:00,992.6,200,992.91,100,992.7,128
28428,1.17,0.14,1.03,0.0,14:05:00,992.05,400,992.36,100,992.15,100
28438,0.98,0.18,0.8,18.580000000000002,14:05:18,992.05,200,992.44,200,992.245,100
28444,1.1800000000000002,0.08,1.1,25.59,14:05:25,992.05,100,992.43,100,992.2172,115
28492,0.97,0.07,0.9,29.579999999999995,14:06:29,992.04,100,992.43,100,992.2499,550
28553,1.4,0.22,1.18,34.379999999999995,14:07:34,992.34,300,992.96,300,992.35,100
28612,0.83,0.08,0.75,16.000000000000004,14:08:16,992.06,100,992.52,200,992.426,100
28615,1.3800000000000001,0.08,1.3,0.0,14:09:00,992.06,200,992.52,200,992.1,100
28687,1.01,0.07,0.94,0.0,14:10:00,992.07,200,992.51,200,992.17,100
28699,6.01,5.05,0.96,18.41,14:10:18,992.08,200,992.51,200,992.4205,100
28714,1.1800000000000002,0.07,1.11,0.0,14:11:00,992.28,500,992.96,100,992.8,100
28750,0.82,0.08,0.74,41.01,14:11:41,992.4,200,992.74,100,992.42,100
28786,0.98,0.07,0.91,9.99,14:12:09,992.47,200,992.78,100,992.4701,119
28832,0.98,0.12,0.86,0.0,14:13:00,992.57,100,992.78,100,992.57,100
28841,2.38,1.72,0.66,9.59,14:13:09,992.47,100,992.78,100,992.6405,100
28888,1.17,0.22,0.95,56.970000000000006,14:13:56,992.27,200,992.61,100,992.4,100
28905,1.0,0.18,0.82,12.98,14:14:12,992.28,100,992.61,100,992.32,100
28910,0.81,0.15,0.66,17.4,14:14:17,992.3,200,992.61,100,992.445,100
28932,1.0,0.08,0.92,39.2,14:14:39,992.3,200,992.61,100,992.455,100
28985,0.82,0.08,0.74,31.400000000000002,14:15:31,992.05,100,992.41,100,992.22,100
29010,0.8200000000000001,0.07,0.75,0.0,14:16:00,992.11,400,992.35,100,992.2156,123
29011,2.77,1.96,0.81,2.77,14:16:02,992.04,200,992.39,100,992.13,100
29026,1.39,0.17,1.22,18.8,14:16:18,992.04,200,992.4,100,992.2186,100
29038,2.15,0.19,1.96,35.35,14:16:35,992.09,300,992.37,200,992.14,100
29057,0.97,0.07,0.9,8.18,14:17:08,992.15,200,992.37,100,992.195,100
29169,1.02,0.19,0.83,0.0,14:19:00,992.06,200,992.43,100,992.415,200
29266,0.94,0.31,0.63,27.430000000000007,14:20:27,991.7,100,992.04,200,991.85,144
29303,0.6000000000000001,0.26,0.34,0.0,14:21:00,991.7,100,992.04,100,991.7760000000001,100
29307,0.5700000000000001,0.14,0.43,2.0,14:21:02,991.7,100,992.02,100,991.7,100
29354,0.57,0.08,0.49,33.00000000000001,14:21:33,991.7,100,991.94,100,991.71,100
29359,0.77,0.24,0.53,36.600000000000016,14:21:36,991.7,200,991.93,100,991.74,100
29396,0.5800000000000001,0.12,0.46,16.01,14:22:16,991.71,100,991.93,100,991.75,100
29444,0.5900000000000001,0.25,0.34,41.820000000000014,14:22:41,991.51,100,991.79,100,991.67,100
29471,0.5900000000000001,0.2,0.39,55.80000000000002,14:22:55,991.51,600,991.78,200,991.77,100
29508,0.43,0.08,0.35,5.65,14:23:05,991.34,100,991.64,100,991.58,100
29553,0.44,0.08,0.36,29.870000000000005,14:23:29,991.43,100,992.36,100,991.68,100
29695,0.61,0.08,0.53,0.0,14:25:00,991.44,100,991.86,100,991.45,100
29792,0.5700000000000001,0.07,0.5,1.17,14:26:01,991.46,200,991.84,100,991.78,100
29812,0.61,0.18,0.43,11.79,14:26:11,991.39,100,991.85,200,991.5522,150
30007,0.45999999999999996,0.15,0.31,0.0,14:29:00,991.17,100,991.56,200,991.4,100
30015,0.81,0.07,0.74,5.99,14:29:05,991.21,100,991.55,100,991.21,100
30016,4.21,3.43,0.78,10.2,14:29:10,991.21,100,991.39,100,991.335,100
30020,0.81,0.07,0.74,14.339999999999998,14:29:14,991.21,100,991.44,100,991.43,100
30053,0.59,0.18,0.41,35.800000000000004,14:29:35,991.26,200,991.56,200,991.34,100
30072,0.5900000000000001,0.14,0.45,47.77000000000003,14:29:47,991.26,200,991.56,200,991.26,100
30097,0.62,0.13,0.49,0.0,14:30:00,991.26,200,991.56,200,991.3,100
30099,0.78,0.27,0.51,1.36,14:30:01,991.27,100,991.56,200,991.4584,100
30214,0.6,0.09,0.51,1.85,14:31:01,991.42,200,991.74,100,991.46,100
30266,0.5900000000000001,0.07,0.52,33.8,14:31:33,991.43,100,991.86,100,991.688,400
30286,0.62,0.09,0.53,0.0,14:32:00,991.41,100,991.86,100,991.671,100
30326,0.6200000000000001,0.07,0.55,32.18000000000001,14:32:32,991.25,100,991.53,100,991.36,100
30332,0.76,0.19,0.57,35.960000000000015,14:32:35,991.18,100,991.53,200,991.27,100
30364,0.79,0.18,0.61,0.0,14:33:00,991.2,100,991.53,100,991.28,100
30372,0.64,0.08,0.56,7.249999999999999,14:33:07,991.21,100,991.53,200,991.22,100
30434,0.64,0.21,0.43,0.0,14:34:00,991.18,100,991.51,100,991.2,200
30485,104.82,104.3,0.52,0.0,14:36:00,991.14,100,991.64,100,991.19,100
30600,0.79,0.15,0.64,28.01,14:37:28,991.04,200,991.36,100,991.13,100
30610,0.96,0.18,0.78,0.0,14:38:00,991.13,200,991.35,100,991.14,200
30672,0.78,0.14,0.64,49.19000000000003,14:38:49,990.62,100,991.06,100,990.91,100
30691,0.61,0.13,0.48,0.0,14:39:00,990.75,100,991.0,100,990.99,100
30695,0.6000000000000001,0.28,0.32,2.42,14:39:02,990.75,100,991.0,100,990.88,100
30705,1.2000000000000002,0.65,0.55,10.23,14:39:10,990.68,100,990.96,100,990.75,100
30708,0.6399999999999999,0.07,0.57,14.63,14:39:14,990.68,200,990.96,100,990.7,100
30710,0.64,0.14,0.5,16.03,14:39:16,990.68,200,990.95,100,990.82,100
30722,0.61,0.08,0.53,23.979999999999997,14:39:23,990.68,200,990.95,100,990.95,100
30752,0.61,0.14,0.47,42.17000000000001,14:39:42,990.75,100,991.33,100,991.0371,200
30765,0.61,0.08,0.53,49.960000000000015,14:39:49,990.75,100,991.32,100,991.04,100
30786,0.6000000000000001,0.14,0.46,0.0,14:40:00,990.75,200,991.27,100,991.0745,100
30796,2.2,1.6,0.6,8.649999999999999,14:40:08,990.75,200,991.32,100,990.76,100
30813,0.79,0.2,0.59,24.02,14:40:24,990.76,200,991.32,200,991.0041,101
30831,0.81,0.07,0.74,36.470000000000006,14:40:36,990.76,600,991.1,200,990.77,100
30853,0.6499999999999999,0.07,0.58,51.87000000000001,14:40:51,990.5,100,991.01,200,990.73,195
30859,0.61,0.26,0.35,0.0,14:41:00,990.57,100,991.01,200,990.58,100
30875,0.95,0.37,0.58,13.569999999999999,14:41:13,990.51,500,990.91,100,990.66,100
30917,0.64,0.18,0.46,45.75,14:41:45,990.5,300,990.81,100,990.68,100
30933,0.62,0.12,0.5,56.160000000000004,14:41:56,990.37,200,990.81,100,990.5,100
30983,0.6,0.08,0.52,30.370000000000005,14:42:30,990.33,100,990.48,100,990.48,200
30990,0.6000000000000001,0.07,0.53,34.80000000000001,14:42:34,990.23,200,990.48,100,990.42,100
31005,0.6000000000000001,0.07,0.53,44.020000000000024,14:42:44,990.19,100,990.48,100,990.24,100
31028,0.5700000000000001,0.24,0.33,0.0,14:43:00,990.16,100,990.48,200,990.3379,400
31040,2.2,1.66,0.54,10.959999999999997,14:43:10,990.15,200,990.34,200,990.16,100
31043,0.5800000000000001,0.2,0.38,14.399999999999997,14:43:14,990.06,200,990.34,200,990.15,113
31068,0.43000000000000005,0.09,0.34,27.990000000000002,14:43:27,989.96,100,990.06,100,990.0,149
31072,0.59,0.24,0.35,30.17,14:43:30,989.83,400,990.06,100,989.828,150
31082,0.6200000000000001,0.07,0.55,36.370000000000005,14:43:36,989.84,100,990.11,100,990.06,100
31085,0.64,0.23,0.41,38.38,14:43:38,989.84,200,990.11,100,989.84,200
31091,0.5900000000000001,0.07,0.52,41.98000000000001,14:43:41,989.84,200,990.11,100,989.89,100
31094,0.75,0.26,0.49,43.95000000000002,14:43:43,989.84,200,990.11,100,989.88,100
31098,0.64,0.15,0.49,46.59000000000002,14:43:46,989.84,200,990.11,100,990.05,100
31100,0.8,0.35,0.45,48.000000000000014,14:43:48,989.85,300,990.31,100,990.11,100
31106,0.5900000000000001,0.13,0.46,0.0,14:44:00,989.9,200,990.31,100,990.025,100
31128,0.74,0.21,0.53,18.189999999999998,14:44:18,989.91,200,990.34,200,990.2956,100
31142,0.64,0.17,0.47,27.830000000000002,14:44:27,989.97,400,990.34,100,990.27,100
31143,0.75,0.08,0.67,28.580000000000002,14:44:28,989.97,400,990.34,100,990.155,100
31162,0.75,0.27,0.48,42.17000000000001,14:44:42,990.07,100,990.34,100,990.34,100
31164,0.82,0.13,0.69,44.00000000000001,14:44:44,990.27,100,990.96,200,990.3471,400
31170,0.78,0.13,0.65,48.42000000000001,14:44:48,990.28,100,990.93,200,990.3,100
31194,0.77,0.26,0.51,0.0,14:45:00,990.44,200,991.09,200,990.44,100
31231,0.8099999999999999,0.12,0.69,29.849999999999994,14:45:29,990.02,100,990.69,100,990.41,100
31252,0.98,0.21,0.77,46.57000000000001,14:45:46,990.13,300,990.65,100,990.21,100
31267,0.79,0.31,0.48,0.0,14:46:00,989.93,200,990.44,100,990.185,100
31324,0.62,0.19,0.43,44.18000000000001,14:46:44,990.03,100,990.43,200,990.1,100
31350,0.77,0.18,0.59,0.0,14:47:00,990.1,100,990.43,100,990.18,100
31368,0.62,0.26,0.36,16.21,14:47:16,990.1,100,990.41,100,990.2787,100
31379,0.62,0.23,0.39,29.8,14:47:29,989.91,100,990.25,100,990.09,100
31390,0.43,0.07,0.36,36.01,14:47:36,989.91,200,990.2,100,990.0736,100
31419,0.58,0.21,0.37,0.0,14:48:00,989.98,100,990.24,200,990.19,100
31547,0.75,0.2,0.55,4.0,14:49:04,989.92,100,990.13,100,989.92,100
31607,0.6000000000000001,0.28,0.32,0.0,14:50:00,989.92,100,990.13,100,990.03,100
31612,0.5900000000000001,0.14,0.45,2.59,14:50:02,990.17,1000,990.42,100,990.37,100
31621,1.2000000000000002,0.55,0.65,17.38,14:50:17,989.92,100,990.33,100,990.08,100
31622,2.1799999999999997,1.39,0.79,19.56,14:50:19,990.06,100,990.42,100,990.32,100
31658,1.02,0.2,0.82,46.940000000000005,14:50:46,990.15,100,990.42,100,990.28,100
31677,0.76,0.2,0.56,0.0,14:51:00,990.1,200,990.42,100,990.13,100
31705,0.8,0.24,0.56,25.990000000000002,14:51:25,990.11,200,990.37,100,990.12,100
31727,0.6,0.16,0.44,41.60999999999999,14:51:41,989.87,100,990.36,100,990.1225,100
31757,0.62,0.17,0.45,0.0,14:52:00,989.87,100,990.35,100,990.22,100
31776,3.17,2.64,0.53,18.39,14:52:18,990.08,100,990.23,100,990.2,100
31779,0.43,0.07,0.36,19.830000000000002,14:52:19,990.08,100,990.23,100,990.1547,100
31814,0.61,0.09,0.52,40.239999999999995,14:52:40,990.01,100,990.23,100,990.115,100
31820,0.5800000000000001,0.14,0.44,43.81999999999999,14:52:43,990.03,100,990.23,100,990.04,100
31863,0.96,0.38,0.58,1.96,14:53:01,990.08,100,990.37,100,990.0805,500
31990,0.62,0.17,0.45,6.01,14:54:06,990.15,200,990.36,100,990.2625,100
32023,0.76,0.18,0.58,0.0,14:55:00,990.13,300,990.36,200,990.25,100
32051,0.78,0.07,0.71,25.970000000000006,14:55:25,990.13,100,990.54,200,990.3198,100
32056,47.769999999999996,47.23,0.54,0.0,14:56:00,990.74,100,991.05,100,990.97,100
32062,0.5800000000000001,0.07,0.51,3.6,14:56:03,990.74,100,991.05,100,991.0035,500
32065,0.61,0.08,0.53,5.420000000000001,14:56:05,990.74,100,991.05,100,990.8956,100
32126,0.62,0.24,0.38,0.0,14:57:00,990.92,300,991.38,100,991.18,500
32135,0.6,0.25,0.35,7.59,14:57:07,991.11,300,991.38,100,991.38,100
32242,0.6100000000000001,0.07,0.54,0.0,14:58:00,991.2,100,991.58,100,991.295,100
32252,0.5900000000000001,0.07,0.52,6.15,14:58:06,991.21,100,991.58,100,991.44,100
32290,0.6000000000000001,0.14,0.46,3.9999999999999996,14:59:03,991.26,200,991.56,100,991.32,100
32349,0.43,0.07,0.36,43.610000000000014,14:59:43,991.28,200,991.64,100,991.52,100
32380,0.57,0.21,0.36,0.0,15:00:00,991.35,200,991.75,100,991.39,100
32389,4.21,3.6,0.61,9.02,15:00:09,991.38,200,991.75,100,991.5848,100
32429,0.5700000000000001,0.07,0.5,35.99999999999999,15:00:35,991.5,100,991.74,100,991.6136,100
32437,0.43,0.07,0.36,40.01999999999999,15:00:40,991.53,100,991.96,100,991.959,125
32459,0.64,0.21,0.43,52.23,15:00:52,991.91,300,992.01,100,991.966,100
32498,0.81,0.26,0.55,16.79,15:01:16,992.05,200,992.38,100,992.375,100
32528,0.7699999999999999,0.08,0.69,38.540000000000006,15:01:38,991.88,100,992.08,100,992.02,100
32556,2.37,1.71,0.66,0.0,15:02:00,991.51,100,992.06,100,991.7847,100
32594,0.81,0.13,0.68,38.410000000000004,15:02:38,991.67,100,991.93,100,991.6701,270
32614,0.77,0.09,0.68,0.0,15:03:00,991.49,200,991.91,100,991.7008,100
32654,0.83,0.26,0.57,33.699999999999996,15:03:33,991.12,300,991.47,100,991.17,100
32780,0.61,0.08,0.53,0.0,15:05:00,991.38,100,991.6,100,991.42,100
32860,3.77,3.29,0.48,10.79,15:06:10,991.38,300,991.58,100,991.485,100
32926,0.64,0.08,0.56,0.0,15:07:00,991.44,400,991.77,100,991.605,100
32940,0.81,0.28,0.53,18.02,15:07:18,991.55,100,991.78,100,991.61,100
33007,0.8300000000000001,0.18,0.65,6.430000000000001,15:08:06,991.62,300,991.93,500,991.6201,200
33134,0.6000000000000001,0.28,0.32,38.220000000000006,15:09:38,991.39,100,991.65,100,991.49,100
33163,0.64,0.26,0.38,0.0,15:10:00,991.38,100,991.66,100,991.47,100
33175,1.77,1.25,0.52,9.389999999999999,15:10:09,991.4,100,991.54,100,991.54,100
33191,0.6000000000000001,0.07,0.53,25.600000000000005,15:10:25,991.3,200,991.59,100,991.59,298
33232,0.6100000000000001,0.27,0.34,51.41000000000003,15:10:51,991.07,200,991.55,200,991.29,100
33267,0.44,0.07,0.37,8.85,15:11:08,991.08,100,991.41,100,991.09,100
33275,0.61,0.18,0.43,13.219999999999999,15:11:13,991.19,200,991.5,100,991.41,100
33312,0.7899999999999999,0.21,0.58,37.43000000000001,15:11:37,991.0,100,991.42,200,991.02,100
33384,0.6200000000000001,0.07,0.55,16.029999999999998,15:12:16,991.17,100,991.42,200,991.2785,115
33509,0.64,0.25,0.39,6.430000000000001,15:14:06,991.16,200,991.5,100,991.37,100
33637,0.57,0.08,0.49,26.12,15:15:26,991.02,300,991.35,100,991.1,100
33640,0.44,0.07,0.37,27.560000000000002,15:15:27,990.92,200,991.28,100,991.08,100
33685,0.6000000000000001,0.2,0.4,51.94999999999998,15:15:51,990.84,100,991.27,100,990.89,100
33703,0.6,0.08,0.52,0.0,15:16:00,990.85,100,991.27,200,990.94,100
33760,0.78,0.27,0.51,40.12,15:16:40,990.85,100,991.07,100,991.01,100
33822,0.6200000000000001,0.07,0.55,20.060000000000002,15:17:20,990.76,100,991.04,100,990.85,100
33825,0.76,0.26,0.5,22.220000000000002,15:17:22,990.76,100,991.04,100,990.96,100
33856,0.77,0.36,0.41,39.86000000000002,15:17:39,990.77,100,991.04,100,990.84,100
33889,0.44,0.07,0.37,6.820000000000001,15:18:06,990.62,100,990.85,100,990.71,100
33906,0.62,0.19,0.43,17.830000000000002,15:18:17,990.54,100,990.85,200,990.72,100
33910,0.5900000000000001,0.07,0.52,20.200000000000003,15:18:20,990.54,200,990.85,200,990.61,100
33940,0.59,0.08,0.51,40.210000000000015,15:18:40,990.54,100,990.85,200,990.65,100
33954,3.53,2.8,0.73,13.959999999999999,15:19:13,990.64,200,990.9,200,990.9,700
33979,0.6200000000000001,0.07,0.55,33.81,15:19:33,990.54,300,990.88,100,990.6896,100
34011,0.6,0.08,0.52,54.010000000000026,15:19:54,990.6,300,990.88,100,990.6,100
34014,0.5700000000000001,0.07,0.5,55.98000000000003,15:19:55,990.22,100,990.51,200,990.5099,100
34018,0.61,0.26,0.35,58.18000000000003,15:19:58,990.22,100,990.51,200,990.51,200
34021,0.43,0.07,0.36,0.0,15:20:00,990.22,100,990.51,200,990.365,100
34032,0.76,0.29,0.47,6.549999999999999,15:20:06,990.56,100,990.88,100,990.56,100
34080,0.6000000000000001,0.07,0.53,42.20000000000002,15:20:42,990.31,200,990.64,100,990.5014,800
34099,0.5700000000000001,0.07,0.5,52.360000000000014,15:20:52,990.31,100,990.64,500,990.35,100
34119,0.61,0.18,0.43,0.0,15:21:00,990.39,100,990.97,100,990.53,100
34153,0.62,0.27,0.35,26.029999999999998,15:21:26,990.51,100,990.84,100,990.57,100
34182,0.59,0.08,0.51,44.020000000000024,15:21:44,990.46,100,990.84,100,990.55,100
34210,1.98,1.49,0.49,10.74,15:22:10,990.47,100,990.76,100,990.49,100
34214,0.62,0.19,0.43,17.17,15:22:17,990.22,200,990.55,200,990.43,100
34255,0.59,0.18,0.41,44.10000000000003,15:22:44,990.42,200,990.94,100,990.52,100
34368,0.62,0.08,0.54,0.0,15:24:00,990.23,100,990.59,100,990.23,100
34571,0.43,0.07,0.36,0.0,15:26:00,989.67,100,989.97,100,989.83,100
34573,0.57,0.09,0.48,1.15,15:26:01,989.67,100,989.97,100,989.78,100
34575,0.5800000000000001,0.07,0.51,2.17,15:26:02,989.78,100,989.93,100,989.77,100
34593,0.59,0.08,0.51,12.39,15:26:12,989.78,100,989.9,200,989.79,100
34614,0.66,0.21,0.45,25.990000000000006,15:26:25,989.83,100,989.9,100,989.76,100
34627,0.6,0.16,0.44,0.0,15:27:00,989.82,100,989.95,200,989.9,100
34736,0.6200000000000001,0.07,0.55,0.0,15:28:00,989.57,100,989.78,100,989.64,100
34766,0.61,0.08,0.53,18.379999999999995,15:28:18,989.5,100,989.72,100,989.63,100
34769,0.75,0.2,0.55,20.339999999999996,15:28:20,989.43,200,989.64,100,989.5,200
34784,0.6100000000000001,0.07,0.54,29.979999999999997,15:28:29,989.43,400,989.86,100,989.69,100
34794,0.6000000000000001,0.07,0.53,35.980000000000004,15:28:35,989.5,100,989.86,100,989.66,100
34812,3.6300000000000003,2.99,0.64,0.0,15:29:00,989.51,300,989.86,100,989.68,200
34834,0.8200000000000001,0.19,0.63,18.189999999999998,15:29:18,989.53,200,989.83,100,989.59,100
34843,0.8099999999999999,0.09,0.72,25.619999999999994,15:29:25,989.53,200,989.81,100,989.6445,390
34852,1.24,0.23,1.01,34.089999999999996,15:29:34,989.53,200,989.78,100,989.53,100
34860,0.7699999999999999,0.08,0.69,41.56,15:29:41,989.62,100,989.74,100,989.57,100
34865,0.8,0.07,0.73,0.0,15:30:00,989.54,500,989.75,100,989.74,100
34870,2.6,1.95,0.65,6.41,15:30:06,989.59,100,989.75,100,989.5701,100
34876,1.02,0.27,0.75,19.84,15:30:19,989.59,200,989.72,100,989.6,100
34883,0.79,0.14,0.65,26.159999999999993,15:30:26,989.6,100,989.71,100,989.709,100
34893,0.62,0.12,0.5,33.78999999999999,15:30:33,989.61,100,989.75,1300,989.71,100
34896,0.79,0.18,0.61,35.96999999999999,15:30:35,989.61,100,989.75,1300,989.7497,200
34924,0.79,0.17,0.62,55.730000000000004,15:30:55,989.61,400,989.72,100,989.61,183
34943,0.6100000000000001,0.27,0.34,0.0,15:31:00,989.54,100,989.67,100,989.54,100
34945,1.59,1.09,0.5,2.18,15:31:02,989.54,100,989.67,100,989.6291,100
34947,4.39,3.79,0.6,7.1899999999999995,15:31:07,989.42,100,989.64,100,989.56,100
34979,0.59,0.08,0.51,28.179999999999996,15:31:28,989.42,100,989.61,100,989.4477,266
34989,0.76,0.08,0.68,34.339999999999996,15:31:34,989.48,200,989.92,200,989.6274,500
35005,0.59,0.08,0.51,44.14000000000001,15:31:44,989.56,200,989.92,200,989.65,100
35033,0.5800000000000001,0.12,0.46,1.19,15:32:01,989.8,300,989.91,100,989.8,100
35037,0.43,0.08,0.35,6.99,15:32:06,989.8,300,990.0,100,989.96,100
35060,0.5700000000000001,0.07,0.5,21.14,15:32:21,989.82,100,989.98,100,989.98,100
35066,0.6000000000000001,0.07,0.53,24.930000000000007,15:32:24,989.99,200,990.37,100,989.99,100
35092,0.59,0.08,0.51,41.52000000000002,15:32:41,990.01,100,990.31,100,990.01,100
35106,0.8,0.2,0.6,49.51000000000001,15:32:49,990.0,100,990.35,100,990.117,200
35117,0.6100000000000001,0.07,0.54,1.2100000000000002,15:33:01,989.83,100,990.05,100,989.81,100
35143,0.59,0.08,0.51,21.559999999999995,15:33:21,989.95,100,990.38,200,990.165,100
35197,0.5900000000000001,0.07,0.52,0.0,15:34:00,990.02,100,990.33,100,990.3006,100
35236,0.72,0.19,0.53,30.160000000000004,15:34:30,990.12,100,990.3,100,990.26,100
35311,0.62,0.2,0.42,4.0,15:35:04,990.3,100,990.45,100,990.4,100
35315,0.43,0.07,0.36,6.24,15:35:06,990.37,100,990.78,200,990.38,100
35333,0.44,0.07,0.37,16.06,15:35:16,990.37,100,990.65,100,990.47,100
35362,0.58,0.08,0.5,32.4,15:35:32,990.4,100,990.65,100,990.62,100
35490,3.6,3.17,0.43,16.65,15:37:16,990.16,100,990.39,100,990.39,100
35494,0.59,0.18,0.41,19.83,15:37:19,990.16,100,990.39,100,990.29,100
35554,0.77,0.17,0.6,0.0,15:38:00,990.36,100,990.52,100,990.36,100
35568,3.61,3.03,0.58,16.81,15:38:16,990.19,100,990.49,100,990.345,100
35641,0.57,0.08,0.49,0.0,15:39:00,990.54,100,990.75,200,990.59,100
35648,0.44,0.08,0.36,8.05,15:39:08,990.53,100,990.75,200,990.6419999999999,500
35658,0.44,0.08,0.36,20.850000000000005,15:39:20,990.73,100,990.99,100,990.7301,1061
35729,0.63,0.08,0.55,2.23,15:40:02,990.71,100,990.99,300,990.8988,498
35746,0.97,0.31,0.66,21.84,15:40:21,990.6,200,990.9,100,990.738,484
35766,0.6,0.21,0.39,35.84,15:40:35,990.63,100,990.87,200,990.6304,375
35785,0.62,0.15,0.47,47.44999999999999,15:40:47,990.63,100,990.8,100,990.6301,457
35795,0.59,0.15,0.44,53.65,15:40:53,990.51,100,990.7,100,990.54,100
35820,0.43999999999999995,0.09,0.35,10.81,15:41:10,990.37,100,990.49,200,990.3701,200
35867,0.74,0.08,0.66,38.19000000000001,15:41:38,990.28,100,990.44,100,990.31,138
35907,0.76,0.08,0.68,0.76,15:42:00,989.84,100,990.01,100,989.93,139
35909,0.7999999999999999,0.21,0.59,2.36,15:42:02,989.84,100,990.01,100,989.94,100
35913,0.8099999999999999,0.23,0.58,8.8,15:42:08,989.67,100,989.91,100,989.7401,100
35964,0.61,0.18,0.43,0.0,15:43:00,989.56,100,989.76,100,989.7,100
35967,0.62,0.17,0.45,1.98,15:43:01,989.59,100,989.75,100,989.7432,100
35985,0.61,0.25,0.36,14.389999999999997,15:43:14,989.78,100,990.02,100,989.85,100
35998,0.6100000000000001,0.27,0.34,23.980000000000004,15:43:23,989.84,100,990.17,100,989.97,100
36076,5.37,4.93,0.44,6.95,15:44:06,989.95,100,990.37,200,990.07,100
36125,0.6599999999999999,0.08,0.58,36.190000000000005,15:44:36,989.92,100,990.2,100,989.95,100
36128,0.82,0.24,0.58,38.59,15:44:38,989.92,100,990.2,200,990.0474,400
36139,0.63,0.26,0.37,45.97000000000001,15:44:45,989.92,100,990.19,100,990.02,100
36185,0.5900000000000001,0.28,0.31,22.389999999999997,15:45:22,989.94,200,990.13,100,990.0464,500
36202,0.5900000000000001,0.14,0.45,32.39,15:45:32,989.94,100,990.11,100,990.0242,100
36208,0.59,0.08,0.51,36.010000000000005,15:45:36,989.94,200,990.1,100,989.9401,527
36280,0.62,0.14,0.48,15.590000000000002,15:46:15,989.92,200,990.32,100,990.17,100
36432,0.6,0.09,0.51,17.610000000000003,15:48:17,989.76,100,989.98,100,989.87,100
36475,2.38,1.76,0.62,45.96999999999999,15:48:45,989.5,200,990.13,100,989.91,100
36484,0.58,0.08,0.5,51.95999999999999,15:48:51,989.61,300,990.13,100,989.8439999999999,300
36487,0.63,0.18,0.45,53.999999999999986,15:48:53,989.63,100,990.13,100,989.73,100
36505,0.8,0.19,0.61,0.0,15:49:00,989.67,100,990.03,100,989.72,100
36517,3.77,2.96,0.81,12.599999999999998,15:49:12,989.67,100,989.96,100,989.67,100
36525,0.5700000000000001,0.14,0.43,17.009999999999994,15:49:17,989.5,100,989.95,200,989.5026,100
36529,0.5700000000000001,0.07,0.5,19.21999999999999,15:49:19,989.33,1500,989.65,100,989.4976,115
36539,0.64,0.23,0.41,25.049999999999994,15:49:25,989.37,100,989.82,200,989.47,100
36553,0.59,0.17,0.42,33.44,15:49:33,989.38,200,989.76,200,989.45,100
36591,0.6,0.18,0.42,1.81,15:50:01,989.36,100,989.71,200,989.44,100
36594,0.81,0.07,0.74,4.57,15:50:04,989.33,100,989.61,200,989.34,100
36598,0.9600000000000001,0.15,0.81,8.170000000000002,15:50:08,989.33,100,989.47,100,989.4,100
36600,1.7999999999999998,1.15,0.65,10.780000000000001,15:50:10,989.29,100,989.47,200,989.28,100
36603,2.18,1.54,0.64,14.580000000000002,15:50:14,989.15,100,989.34,100,989.25,100
36605,1.6,0.76,0.84,16.800000000000004,15:50:16,989.16,100,989.34,100,989.1601,115
36617,0.61,0.18,0.43,25.790000000000013,15:50:25,989.01,100,989.32,200,989.14,100
36620,0.58,0.08,0.5,27.75000000000001,15:50:27,989.0,100,989.21,100,989.08,100
36624,0.61,0.23,0.38,30.00000000000001,15:50:30,989.0,100,989.21,200,989.17,100
36627,0.5900000000000001,0.07,0.52,32.02000000000002,15:50:32,989.15,300,989.32,100,989.23,100
36640,0.85,0.13,0.72,42.230000000000025,15:50:42,989.01,100,989.31,100,989.11,100
36650,0.77,0.18,0.59,51.80000000000002,15:50:51,989.25,100,989.33,200,989.18,100
36664,1.55,0.89,0.66,4.75,15:51:04,989.13,100,989.33,200,989.309,300
36665,0.81,0.26,0.55,5.5600000000000005,15:51:05,989.14,100,989.28,100,989.13,100
36668,0.76,0.08,0.68,8.95,15:51:08,989.12,100,989.27,100,989.2643,300
36669,0.6100000000000001,0.07,0.54,9.559999999999999,15:51:09,989.13,100,989.33,100,989.32,100
36672,0.74,0.17,0.57,11.719999999999999,15:51:11,989.12,100,989.33,100,989.22,100
36678,0.62,0.09,0.53,17.58,15:51:17,989.12,200,989.33,100,989.24,100
36699,0.8,0.24,0.56,33.76999999999999,15:51:33,989.31,200,989.48,100,989.4108,115
36718,0.8200000000000001,0.28,0.54,47.74999999999999,15:51:47,989.31,100,989.72,100,989.5064,100
36741,0.81,0.07,0.74,0.0,15:52:00,989.31,100,989.57,100,989.52,100
36747,0.76,0.16,0.6,10.19,15:52:10,989.31,400,989.54,100,989.33,200
36753,0.77,0.25,0.52,15.979999999999997,15:52:15,989.25,100,989.44,100,989.31,258
36782,0.61,0.14,0.47,36.26,15:52:36,989.09,100,989.24,100,989.12,100
36799,0.78,0.23,0.55,47.820000000000014,15:52:47,989.09,200,989.29,500,989.16,100
36814,0.5900000000000001,0.13,0.46,0.0,15:53:00,989.01,100,989.28,100,989.2799,104
36817,0.6000000000000001,0.07,0.53,1.83,15:53:01,989.0,400,989.27,100,989.0,100
36822,0.6,0.12,0.48,8.05,15:53:08,989.0,200,989.17,100,989.09,100
36825,2.2199999999999998,1.75,0.47,12.649999999999999,15:53:12,989.0,300,989.1,100,989.04,100
36835,0.62,0.08,0.54,22.659999999999997,15:53:22,989.1,100,989.59,100,989.37,100
36844,0.6399999999999999,0.07,0.57,28.270000000000003,15:53:28,989.42,100,989.64,100,989.42,100
36852,0.6399999999999999,0.07,0.57,34.24,15:53:34,989.43,100,989.69,200,989.5496,150
36862,0.76,0.13,0.63,42.00999999999999,15:53:42,989.17,100,989.47,200,989.43,100
36887,0.6200000000000001,0.07,0.55,2.62,15:54:02,989.1,100,989.35,100,989.1895,100
36908,0.6,0.13,0.47,18.23,15:54:18,989.14,100,989.33,100,989.3299,101
36918,0.62,0.18,0.44,24.610000000000003,15:54:24,989.18,100,989.65,200,989.3,100
36941,0.62,0.15,0.47,38.22000000000001,15:54:38,989.27,100,989.63,100,989.36,100
36947,0.6,0.21,0.39,42.460000000000015,15:54:42,989.28,100,989.61,100,989.48,100
36953,0.6200000000000001,0.07,0.55,46.680000000000014,15:54:46,989.18,100,989.48,200,989.27,145
36956,0.95,0.07,0.88,49.01000000000001,15:54:49,989.19,100,989.43,100,989.3796,115
36982,0.79,0.27,0.52,3.58,15:55:03,989.21,100,989.48,200,989.35,100
36991,0.6,0.08,0.52,14.009999999999998,15:55:14,989.23,100,989.48,200,989.41,100
37000,0.64,0.14,0.5,22.41,15:55:22,989.23,100,989.48,200,989.29,100
37009,0.6499999999999999,0.24,0.41,28.379999999999995,15:55:28,989.24,100,989.48,200,989.3425,193
37015,0.8,0.14,0.66,32.73,15:55:32,989.5,100,989.61,100,989.51,100
37032,0.6000000000000001,0.07,0.53,44.17,15:55:44,989.43,100,989.51,100,989.46,100
37094,0.6,0.21,0.39,34.02000000000001,15:56:34,989.42,200,989.62,100,989.62,100
37126,0.61,0.18,0.43,54.25000000000002,15:56:54,989.59,100,989.79,400,989.4795,225
37153,0.6200000000000001,0.07,0.55,13.459999999999997,15:57:13,989.33,100,989.66,300,989.495,100
37165,0.82,0.09,0.73,25.85,15:57:25,989.18,100,989.47,300,989.3136,100
37172,0.6799999999999999,0.08,0.6,31.490000000000002,15:57:31,989.26,200,989.42,300,989.275,100
37185,2.19,1.61,0.58,9.8,15:59:09,989.41,200,989.61,100,989.49,100
37213,0.5900000000000001,0.19,0.4,29.980000000000004,15:59:29,989.61,200,989.78,100,989.75,100
