,Total Delay,Request Delay,Saving Delay,Arrival Time,Time,Bid,Bid Size,Ask,Ask Size,Last Price,Last Size
0,0.6499999999999999,0.3,0.35,0.6499999999999999,09:30:00,1009.18,100,1010.0,1000,1009.918,200
37,0.44,0.21,0.23,14.589999999999998,09:30:14,1009.19,100,1010.0,1000,1009.82,100
46,0.35000000000000003,0.08,0.27,0.0,09:31:00,1009.19,100,1010.0,1000,1009.89,100
56,0.30000000000000004,0.07,0.23,4.9799999999999995,09:31:04,1009.2,100,1010.0,700,1010.0,100
64,2.08,1.88,0.2,9.670000000000002,09:31:09,1009.23,100,1010.0,600,1009.6612,100
77,1.79,1.43,0.36,18.84,09:31:18,1009.61,100,1010.26,500,1010.21,100
80,1.4100000000000001,1.07,0.34,21.630000000000003,09:31:21,1009.61,100,1010.26,500,1009.935,164
105,0.41000000000000003,0.23,0.18,30.350000000000005,09:31:30,1009.67,200,1010.26,600,1010.15,100
117,0.3,0.08,0.22,34.38,09:31:34,1009.67,200,1010.26,600,1009.67,410
133,0.26,0.07,0.19,40.170000000000016,09:31:40,1009.67,200,1010.26,600,1009.955,1000
156,0.48,0.21,0.27,50.20000000000002,09:31:50,1009.69,100,1010.26,700,1010.03,100
163,0.43,0.24,0.19,52.29000000000002,09:31:52,1009.69,100,1010.26,600,1009.81,100
182,0.33,0.07,0.26,58.26000000000002,09:31:58,1009.67,100,1010.2,100,1009.86,100
197,2.11,1.93,0.18,0.0,09:32:00,1009.67,100,1010.26,700,1009.965,500
201,4.77,4.56,0.21,7.58,09:32:07,1010.01,100,1010.26,600,1010.19,100
202,2.2199999999999998,2.03,0.19,9.8,09:32:09,1009.5,400,1010.01,100,1010.0175,100
209,1.96,1.75,0.21,13.600000000000001,09:32:13,1009.51,100,1010.01,100,1009.51,100
241,0.26,0.09,0.17,23.2,09:32:23,1009.76,100,1010.26,500,1009.93,100
246,0.36,0.18,0.18,25.039999999999996,09:32:25,1009.77,100,1010.26,500,1010.16,100
252,0.24000000000000002,0.07,0.17,27.129999999999992,09:32:27,1009.74,100,1010.26,500,1009.8,100
258,0.39,0.22,0.17,29.359999999999996,09:32:29,1009.7,100,1010.26,500,1010.0024,150
264,0.24000000000000002,0.07,0.17,31.31,09:32:31,1010.0,100,1010.26,500,1009.7,100
283,0.25,0.09,0.16,37.160000000000004,09:32:37,1009.67,100,1010.2,100,1009.68,100
352,0.35,0.18,0.17,0.0,09:33:00,1009.71,200,1010.18,100,1009.71,135
387,0.42000000000000004,0.22,0.2,18.319999999999997,09:33:18,1009.71,200,1010.0,100,1009.8095,220
417,0.39,0.2,0.19,28.08,09:33:28,1009.69,200,1009.99,100,1009.85,100
427,0.41000000000000003,0.17,0.24,32.2,09:33:32,1009.5,400,1009.88,100,1009.5,255
433,0.26,0.07,0.19,34.010000000000005,09:33:34,1009.06,200,1009.69,200,1009.01,100
446,0.25,0.07,0.18,38.27000000000001,09:33:38,1009.34,100,1009.69,200,1009.44,200
470,0.41000000000000003,0.19,0.22,46.550000000000004,09:33:46,1009.37,200,1009.69,200,1009.61,100
475,0.32,0.09,0.23,48.410000000000004,09:33:48,1009.33,200,1009.69,400,1009.37,105
508,1.78,1.57,0.21,9.100000000000001,09:34:09,1009.56,100,1009.97,100,1009.6439999999999,120
513,2.17,1.87,0.3,14.470000000000002,09:34:14,1009.64,100,1010.0,300,1009.98,100
516,0.42000000000000004,0.2,0.22,20.060000000000002,09:34:20,1009.67,200,1010.13,100,1010.1,100
546,0.45,0.2,0.25,31.939999999999994,09:34:31,1009.79,300,1010.13,100,1009.905,100
552,0.5800000000000001,0.25,0.33,34.41,09:34:34,1009.75,100,1010.2,100,1010.06,200
555,0.39,0.18,0.21,35.669999999999995,09:34:35,1009.75,100,1010.2,100,1009.75,100
583,0.31,0.13,0.18,45.98999999999999,09:34:45,1009.48,200,1010.1,100,1009.52,100
625,2.72,2.35,0.37,0.0,09:35:00,1009.15,100,1009.68,100,1009.29,100
628,0.45,0.22,0.23,1.64,09:35:01,1009.15,100,1009.67,100,1009.35,100
632,0.29000000000000004,0.07,0.22,3.7,09:35:03,1009.15,200,1009.65,100,1009.41,200
636,0.43,0.22,0.21,5.609999999999999,09:35:05,1009.15,100,1009.65,100,1009.27,100
668,0.26,0.07,0.19,17.689999999999998,09:35:17,1009.25,100,1009.95,100,1009.59,100
690,0.33,0.08,0.25,26.010000000000005,09:35:26,1009.32,200,1010.19,100,1009.365,100
707,0.25,0.07,0.18,31.70000000000001,09:35:31,1009.32,200,1009.95,100,1009.645,100
714,0.44,0.26,0.18,33.94000000000001,09:35:33,1009.32,300,1009.85,100,1009.9,100
721,0.25,0.07,0.18,35.91000000000001,09:35:35,1009.32,200,1009.82,100,1009.45,100
741,0.23,0.07,0.16,41.83000000000002,09:35:41,1009.03,100,1009.62,100,1009.24,100
759,0.38,0.21,0.17,0.0,09:36:00,1009.12,100,1009.62,100,1009.345,100
772,0.24000000000000002,0.07,0.17,9.8,09:36:09,1009.25,100,1009.62,100,1009.4475,100
780,0.43,0.19,0.24,18.330000000000002,09:36:18,1009.03,100,1009.55,100,1009.32,100
785,0.42,0.21,0.21,20.21,09:36:20,1009.03,100,1009.58,100,1009.11,100
795,0.33,0.1,0.23,24.060000000000006,09:36:24,1009.03,100,1009.51,100,1009.324,284
810,0.4,0.12,0.28,30.350000000000005,09:36:30,1009.03,100,1009.62,100,1009.12,100
814,0.5800000000000001,0.19,0.39,32.25,09:36:32,1009.01,200,1009.6,100,1009.14,100
822,0.30000000000000004,0.07,0.23,35.88999999999999,09:36:35,1009.01,200,1009.6,100,1009.19,100
870,0.35000000000000003,0.08,0.27,55.94,09:36:55,1009.02,100,1009.55,100,1009.5599,400
875,0.42000000000000004,0.08,0.34,0.0,09:37:00,1009.02,100,1009.52,100,1009.073,200
897,1.12,0.75,0.37,12.099999999999998,09:37:12,1009.02,300,1009.5,100,1009.18,100
902,0.39,0.14,0.25,18.529999999999998,09:37:18,1008.83,200,1009.36,100,1009.04,200
909,0.6000000000000001,0.26,0.34,21.729999999999997,09:37:21,1008.83,200,1009.36,100,1009.095,100
954,0.47,0.21,0.26,41.829999999999984,09:37:41,1009.32,500,1009.74,100,1009.36,100
970,0.46,0.2,0.26,47.84999999999998,09:37:47,1009.53,300,1010.21,100,1009.74,133
1011,0.56,0.27,0.29,0.0,09:38:00,1009.4,100,1010.08,100,1009.775,100
1033,0.42000000000000004,0.14,0.28,13.78,09:38:13,1009.3,100,1010.08,100,1009.7565,100
1060,0.33,0.08,0.25,27.88,09:38:27,1009.23,100,1009.69,100,1009.475,100
1080,0.46,0.23,0.23,35.99999999999999,09:38:35,1009.31,100,1010.09,100,1009.54,100
1132,0.47,0.23,0.24,0.0,09:39:00,1009.42,100,1010.01,200,1009.77,100
1142,0.37,0.18,0.19,5.859999999999999,09:39:05,1009.44,100,1010.08,100,1009.755,100
1172,0.31,0.07,0.24,22.020000000000003,09:39:22,1009.46,100,1010.08,200,1009.97,100
1193,0.44999999999999996,0.15,0.3,30.120000000000005,09:39:30,1009.0,100,1009.37,300,1009.2,100
1238,0.38,0.19,0.19,48.01000000000002,09:39:48,1008.35,100,1008.91,100,1009.08,100
1245,0.42000000000000004,0.22,0.2,50.06000000000002,09:39:50,1008.35,100,1009.0,100,1008.9099,276
1260,0.26,0.07,0.19,55.46000000000001,09:39:55,1008.35,100,1009.0,100,1008.7114,100
1269,2.0100000000000002,1.81,0.2,0.0,09:40:00,1008.35,100,1008.88,200,1008.405,100
1277,0.46,0.2,0.26,3.14,09:40:03,1008.61,200,1009.0,200,1008.805,200
1285,0.43,0.19,0.24,9.18,09:40:09,1008.61,200,1009.0,200,1008.7816,200
1295,0.29000000000000004,0.07,0.22,16.339999999999996,09:40:16,1008.61,200,1009.0,200,1008.98,100
1319,0.49,0.28,0.21,25.04,09:40:25,1008.61,200,1009.3,100,1008.95,100
1325,0.33,0.08,0.25,26.989999999999995,09:40:26,1008.61,200,1009.28,100,1008.995,300
1346,0.45,0.19,0.26,34.87,09:40:34,1008.85,100,1009.27,100,1009.265,100
1396,0.29000000000000004,0.09,0.2,0.0,09:41:00,1008.47,100,1009.12,100,1008.54,100
1417,0.42000000000000004,0.22,0.2,7.86,09:41:07,1008.56,100,1009.12,100,1008.55,100
1476,0.26,0.08,0.18,33.94999999999999,09:41:33,1008.7,200,1009.0,300,1008.99,100
1493,0.38,0.21,0.17,40.08999999999999,09:41:40,1009.0,100,1009.35,100,1009.0,100
1555,0.30000000000000004,0.07,0.23,0.0,09:42:00,1009.02,100,1009.73,100,1009.565,100
1560,2.34,2.03,0.31,4.73,09:42:04,1009.02,100,1009.58,100,1009.57,100
1566,0.41000000000000003,0.09,0.32,9.52,09:42:09,1009.05,100,1009.73,100,1009.66,100
1586,0.48,0.19,0.29,18.919999999999995,09:42:18,1009.43,100,1010.14,100,1010.0677,300
1648,0.5700000000000001,0.27,0.3,45.24999999999999,09:42:45,1009.44,100,1010.01,100,1009.49,100
1658,0.76,0.29,0.47,49.35999999999999,09:42:49,1009.16,100,1009.75,100,1009.17,100
1663,0.45999999999999996,0.21,0.25,0.0,09:43:00,1009.16,100,1009.84,100,1009.25,100
1703,1.58,1.25,0.33,20.92,09:43:20,1009.28,100,1009.79,100,1009.56,100
1715,0.32,0.08,0.24,25.499999999999996,09:43:25,1009.79,200,1010.26,400,1009.87,100
1757,0.29000000000000004,0.07,0.22,41.56,09:43:41,1009.85,200,1010.26,400,1010.015,100
1778,0.48,0.21,0.27,49.730000000000004,09:43:49,1009.51,100,1010.12,100,1009.885,100
1783,0.29,0.08,0.21,51.56,09:43:51,1009.51,100,1010.12,100,1009.815,100
1815,0.33,0.07,0.26,0.0,09:44:00,1009.86,100,1010.26,400,1009.92,100
1827,0.29000000000000004,0.07,0.22,3.87,09:44:03,1009.56,100,1010.26,400,1010.0376,100
1837,1.29,1.03,0.26,12.77,09:44:12,1009.56,100,1010.26,400,1009.91,100
1877,0.65,0.27,0.38,29.979999999999993,09:44:29,1009.59,200,1010.19,200,1009.76,100
1910,0.34,0.14,0.2,42.040000000000006,09:44:42,1009.79,100,1010.5,100,1010.1625,100
1933,0.41000000000000003,0.18,0.23,49.81000000000001,09:44:49,1010.04,100,1010.5,100,1010.165,100
1966,0.42000000000000004,0.19,0.23,0.0,09:45:00,1009.98,100,1010.5,100,1010.2615,300
1969,5.109999999999999,4.93,0.18,5.6899999999999995,09:45:05,1009.99,100,1010.5,100,1010.24,100
1970,1.2,0.89,0.31,6.89,09:45:06,1009.99,100,1010.5,100,1010.02,100
1972,1.42,1.15,0.27,8.91,09:45:08,1009.81,100,1010.38,100,1010.085,100
2001,0.5800000000000001,0.27,0.31,22.380000000000003,09:45:22,1009.77,100,1010.37,100,1010.23,100
2025,0.35000000000000003,0.08,0.27,32.1,09:45:32,1010.09,100,1010.5,100,1010.11,100
2036,0.5,0.21,0.29,36.330000000000005,09:45:36,1010.13,200,1010.88,100,1010.5,196
2041,0.5700000000000001,0.25,0.32,38.27,09:45:38,1010.13,100,1010.7,100,1010.54,100
2046,0.41000000000000003,0.15,0.26,39.95,09:45:39,1010.14,200,1010.7,100,1010.66,100
2052,0.39,0.15,0.24,42.260000000000005,09:45:42,1010.14,200,1010.7,100,1010.67,100
2071,0.53,0.25,0.28,49.99,09:45:49,1010.35,100,1010.88,100,1010.82,100
2110,0.37,0.1,0.27,1.01,09:46:01,1010.46,100,1010.82,100,1010.53,100
2118,2.44,2.1,0.34,10.229999999999999,09:46:10,1010.41,100,1010.98,100,1010.9407,100
2120,0.46,0.14,0.32,11.129999999999999,09:46:11,1010.41,100,1010.98,100,1010.98,100
2140,0.30000000000000004,0.07,0.23,18.919999999999998,09:46:18,1010.58,100,1010.98,100,1010.58,100
2158,0.32999999999999996,0.09,0.24,24.929999999999996,09:46:24,1010.58,100,1010.98,100,1010.63,100
2209,0.53,0.27,0.26,42.79,09:46:42,1010.25,100,1010.84,300,1010.57,200
2210,0.26,0.08,0.18,43.05,09:46:43,1010.32,100,1010.84,300,1010.4,100
2233,0.25,0.07,0.18,2.02,09:47:02,1010.42,100,1010.84,300,1010.6060000000001,100
2259,0.29,0.08,0.21,16.1,09:47:16,1010.42,100,1010.84,100,1010.83,137
2263,1.56,1.22,0.34,18.969999999999995,09:47:18,1010.53,100,1010.97,100,1010.84,100
2279,0.5,0.21,0.29,24.439999999999994,09:47:24,1010.77,200,1011.13,100,1010.81,100
2289,0.31,0.08,0.23,27.989999999999995,09:47:27,1010.78,100,1011.08,1400,1010.795,100
2295,0.44999999999999996,0.09,0.36,30.199999999999992,09:47:30,1010.78,100,1011.08,1400,1010.93,165
2300,0.54,0.2,0.34,32.56999999999999,09:47:32,1010.62,100,1011.08,1400,1010.92,100
2304,0.44,0.18,0.26,34.249999999999986,09:47:34,1010.63,100,1011.08,1400,1010.68,100
2309,0.32999999999999996,0.09,0.24,36.40999999999999,09:47:36,1010.63,100,1011.08,1400,1010.801,300
2363,0.47,0.17,0.3,56.53999999999998,09:47:56,1010.76,100,1011.08,1400,1010.9584,100
2398,0.35000000000000003,0.07,0.28,9.81,09:48:09,1010.75,100,1011.08,1400,1010.76,100
2403,0.31,0.07,0.24,11.770000000000001,09:48:11,1010.75,100,1011.08,1400,1011.08,300
2409,0.31,0.08,0.23,15.780000000000003,09:48:15,1010.75,100,1011.08,1400,1010.915,100
2414,3.29,3.03,0.26,20.97,09:48:20,1010.79,100,1011.35,1400,1011.07,100
2417,0.29000000000000004,0.07,0.22,21.859999999999996,09:48:21,1010.8,200,1011.35,1400,1011.32,100
2423,0.37,0.14,0.23,23.729999999999997,09:48:23,1010.81,200,1011.35,1400,1010.94,100
2429,0.25,0.07,0.18,25.839999999999996,09:48:25,1010.84,100,1011.35,1400,1011.28,100
2436,0.25,0.08,0.17,27.939999999999994,09:48:27,1010.84,100,1011.35,1400,1011.05,100
2440,0.24000000000000002,0.07,0.17,29.699999999999992,09:48:29,1010.92,100,1011.31,100,1011.04,100
2447,0.42000000000000004,0.23,0.19,31.899999999999995,09:48:31,1010.85,200,1011.29,100,1011.01,100
2453,0.43000000000000005,0.23,0.2,34.01,09:48:34,1010.85,200,1011.24,2600,1010.9,100
2458,0.34,0.17,0.17,35.73,09:48:35,1010.56,100,1011.08,2600,1010.75,800
2496,0.41000000000000003,0.21,0.2,49.73,09:48:49,1010.74,100,1011.33,1300,1011.11,100
2544,0.45,0.18,0.27,6.37,09:49:06,1010.5,200,1010.99,100,1010.85,100
2547,0.38,0.18,0.2,7.88,09:49:07,1010.5,200,1010.99,100,1010.9402,100
2577,0.4,0.07,0.33,26.000000000000004,09:49:26,1010.52,100,1011.0,100,1010.705,100
2594,0.37,0.07,0.3,33.77000000000001,09:49:33,1010.51,100,1011.0,100,1010.755,100
2633,0.32,0.08,0.24,47.81000000000003,09:49:47,1010.52,100,1011.0,100,1010.7605,200
2670,3.5799999999999996,3.28,0.3,4.6499999999999995,09:50:04,1010.71,100,1011.08,2600,1010.895,100
2762,0.37,0.1,0.27,48.02000000000001,09:50:48,1010.72,200,1011.05,100,1011.0,100
2785,0.33,0.13,0.2,0.0,09:51:00,1010.42,100,1011.04,100,1010.71,100
2801,3.3499999999999996,3.01,0.34,10.719999999999999,09:51:10,1010.59,200,1011.04,100,1010.7396,107
2842,0.29000000000000004,0.07,0.22,27.830000000000002,09:51:27,1010.69,100,1011.04,100,1010.69,100
2886,0.44,0.21,0.23,44.009999999999984,09:51:44,1010.59,300,1011.04,100,1010.8125,100
2891,0.29,0.08,0.21,45.679999999999986,09:51:45,1010.59,300,1011.04,100,1010.8225,100
2911,0.32,0.08,0.24,53.869999999999976,09:51:53,1010.59,300,1011.04,100,1010.97,100
2916,0.41000000000000003,0.2,0.21,0.0,09:52:00,1010.59,300,1011.04,100,1010.8330000000001,300
2922,0.41000000000000003,0.18,0.23,2.12,09:52:02,1010.68,100,1011.22,2500,1011.0625,200
2941,3.5,3.25,0.25,14.770000000000001,09:52:14,1010.82,100,1011.51,2500,1011.34,100
2944,0.42000000000000004,0.2,0.22,16.040000000000003,09:52:16,1010.84,100,1011.5,100,1011.185,100
2953,0.25,0.07,0.18,19.970000000000002,09:52:19,1010.84,100,1011.46,100,1011.155,100
2959,0.41000000000000003,0.22,0.19,22.080000000000002,09:52:22,1010.68,100,1011.45,2500,1011.145,100
2998,0.28,0.09,0.19,34.19,09:52:34,1010.76,200,1011.24,1300,1011.0175,100
3004,0.26,0.07,0.19,36.12,09:52:36,1010.96,100,1011.53,100,1011.35,100
3009,0.43000000000000005,0.15,0.28,38.26,09:52:38,1011.07,100,1011.52,100,1011.47,100
3014,0.5,0.18,0.32,40.24,09:52:40,1011.07,100,1011.52,100,1011.51,100
3018,0.36,0.07,0.29,42.25,09:52:42,1011.07,100,1011.52,100,1011.475,250
3106,0.75,0.54,0.21,16.43,09:53:16,1010.94,100,1011.34,100,1011.29,100
3111,0.29000000000000004,0.09,0.2,18.02,09:53:18,1011.12,100,1011.59,100,1011.375,100
3121,0.37,0.19,0.18,21.860000000000003,09:53:21,1011.14,200,1011.52,100,1011.365,100
3227,0.39,0.22,0.17,0.0,09:54:00,1010.9,100,1011.36,100,1011.165,100
3237,2.25,2.07,0.18,5.18,09:54:05,1010.98,100,1011.33,200,1011.33,100
3239,0.31,0.12,0.19,7.7299999999999995,09:54:07,1011.03,100,1011.34,100,1011.3,100
3240,2.9800000000000004,2.74,0.24,10.71,09:54:10,1011.02,100,1011.45,100,1011.24,100
3301,0.41000000000000003,0.21,0.2,36.14000000000001,09:54:36,1011.15,100,1011.48,200,1011.49,100
3306,0.26,0.08,0.18,37.92,09:54:37,1011.21,100,1011.54,100,1011.48,200
3336,0.38,0.21,0.17,47.87000000000002,09:54:47,1011.31,100,1011.58,100,1011.54,100
3349,0.39,0.2,0.19,51.83000000000003,09:54:51,1011.33,100,1011.62,100,1011.6,100
3354,0.44999999999999996,0.21,0.24,53.90000000000003,09:54:53,1011.53,100,1011.99,100,1011.65,100
3373,0.43,0.25,0.18,0.0,09:55:00,1011.56,100,1011.88,100,1011.8,100
3387,1.64,1.43,0.21,6.239999999999999,09:55:06,1011.56,100,1011.88,200,1011.735,100
3398,0.33999999999999997,0.13,0.21,13.689999999999996,09:55:13,1011.61,200,1011.81,100,1011.7760000000001,100
3410,0.32,0.08,0.24,20.019999999999996,09:55:20,1011.63,100,1011.97,100,1011.7944,1000
3418,0.4,0.07,0.33,23.759999999999994,09:55:23,1011.64,100,1011.97,100,1011.93,100
3439,0.28,0.08,0.2,31.749999999999996,09:55:31,1011.56,100,1011.95,100,1011.71,100
3479,0.27,0.07,0.2,47.58000000000002,09:55:47,1011.36,200,1011.77,200,1011.565,100
3568,0.55,0.21,0.34,17.91,09:56:17,1011.15,200,1011.5,100,1011.5,100
3576,0.37,0.07,0.3,21.52,09:56:21,1011.12,200,1011.49,100,1011.303,300
3628,0.32,0.07,0.25,39.55,09:56:39,1011.15,100,1011.45,200,1011.44,100
3652,0.27,0.07,0.2,0.0,09:57:00,1011.17,100,1011.4,100,1011.25,100
3657,0.38,0.09,0.29,1.9299999999999997,09:57:01,1011.27,100,1011.96,100,1011.42,600
3677,1.35,1.06,0.29,17.03,09:57:17,1011.01,100,1011.54,100,1011.16,100
3679,3.34,3.09,0.25,20.67,09:57:20,1010.73,100,1011.09,200,1010.96,100
3683,0.33999999999999997,0.09,0.25,22.07,09:57:22,1010.82,100,1011.16,100,1011.12,100
3700,0.33,0.14,0.19,27.92,09:57:27,1010.84,100,1011.26,100,1010.865,100
3760,0.26,0.07,0.19,48.0,09:57:48,1010.54,100,1010.87,200,1010.6838,300
3809,0.25,0.07,0.18,5.27,09:58:05,1010.59,100,1011.0,100,1010.715,200
3858,0.35,0.16,0.19,32.07000000000001,09:58:32,1010.28,100,1010.82,100,1010.56,100
3990,0.25,0.07,0.18,20.370000000000008,09:59:20,1010.14,100,1011.24,200,1010.505,100
4094,0.32,0.07,0.25,0.0,10:00:00,1010.11,100,1011.0,100,1010.61,200
4179,0.56,0.25,0.31,44.36999999999998,10:00:44,1010.41,100,1011.26,200,1010.74,100
4187,0.71,0.23,0.48,48.979999999999976,10:00:48,1010.79,100,1011.26,200,1011.02,100
4190,0.54,0.08,0.46,50.549999999999976,10:00:50,1010.79,100,1011.26,300,1011.025,100
4193,0.6799999999999999,0.2,0.48,52.25999999999998,10:00:52,1010.31,100,1011.25,100,1010.59,100
4399,0.25,0.07,0.18,2.19,10:02:02,1010.55,100,1011.07,100,1010.87,130
4478,0.34,0.08,0.26,30.050000000000008,10:02:30,1010.55,100,1010.99,100,1010.64,100
4511,0.28,0.08,0.2,2.1100000000000003,10:03:02,1010.55,100,1010.98,100,1010.551,100
4664,0.33,0.08,0.25,1.95,10:04:01,1010.87,100,1011.26,200,1011.06,100
4672,3.85,3.52,0.33,11.33,10:04:11,1010.91,100,1011.26,200,1011.1,100
4673,0.38,0.14,0.24,11.71,10:04:11,1011.0,100,1011.26,200,1011.105,165
4680,0.36,0.14,0.22,15.79,10:04:15,1011.06,100,1011.26,200,1011.1109,204
4685,0.29000000000000004,0.09,0.2,19.779999999999998,10:04:19,1011.11,100,1011.3,100,1011.2075,100
4691,0.26,0.07,0.19,21.74,10:04:21,1011.13,100,1011.59,100,1011.205,200
4707,0.39,0.11,0.28,27.98,10:04:27,1011.14,200,1011.84,100,1011.505,100
4717,0.56,0.26,0.3,31.930000000000003,10:04:31,1011.15,100,1011.79,100,1011.53,100
4748,0.44,0.21,0.23,43.81999999999999,10:04:43,1011.35,100,1011.79,100,1011.59,185
4754,0.51,0.23,0.28,45.98,10:04:45,1011.37,100,1011.79,100,1011.64,100
4765,0.43,0.12,0.31,49.98,10:04:49,1011.41,100,1011.79,100,1011.79,100
4782,0.74,0.2,0.54,58.309999999999995,10:04:58,1011.4,100,1012.0,400,1011.7,148
4785,0.46,0.08,0.38,0.0,10:05:00,1011.51,100,1012.0,400,1011.745,100
4789,0.62,0.18,0.44,2.2,10:05:02,1011.51,100,1011.79,100,1012.0,200
4793,0.42000000000000004,0.09,0.33,4.1000000000000005,10:05:04,1011.52,100,1011.97,100,1011.73,100
4812,0.49,0.2,0.29,14.160000000000002,10:05:14,1011.7,100,1012.08,100,1011.82,100
4818,0.37,0.17,0.2,16.070000000000004,10:05:16,1011.77,100,1012.25,100,1012.03,100
4819,2.35,1.95,0.4,18.420000000000005,10:05:18,1011.83,100,1012.25,100,1011.91,100
4822,2.16,1.81,0.35,21.390000000000004,10:05:21,1011.83,100,1012.25,100,1012.0221,225
4823,0.3,0.09,0.21,21.690000000000005,10:05:21,1011.85,100,1012.25,100,1012.0832,300
4828,0.48,0.23,0.25,23.830000000000005,10:05:23,1011.84,100,1012.21,100,1012.19,100
4839,0.4,0.18,0.22,27.869999999999997,10:05:27,1012.08,100,1012.48,100,1012.28,100
4850,0.3,0.08,0.22,31.759999999999998,10:05:31,1012.12,100,1012.47,100,1012.34,165
4857,0.4,0.22,0.18,34.0,10:05:34,1012.08,200,1012.27,100,1012.23,100
4862,0.39,0.21,0.18,35.669999999999995,10:05:35,1012.1,100,1012.55,100,1012.25,100
4875,0.24000000000000002,0.07,0.17,39.71999999999999,10:05:39,1012.26,300,1012.52,100,1012.39,100
4882,0.33,0.07,0.26,42.00999999999999,10:05:42,1012.27,100,1012.5,100,1012.5,200
4886,0.39,0.09,0.3,43.929999999999986,10:05:43,1012.34,100,1012.61,100,1012.6,100
4891,0.39,0.14,0.25,45.87999999999998,10:05:45,1012.34,100,1012.61,100,1012.475,100
4907,0.42000000000000004,0.22,0.2,51.92999999999997,10:05:51,1012.31,100,1012.61,100,1012.31,100
4912,0.42,0.24,0.18,54.039999999999964,10:05:54,1012.31,100,1012.61,100,1012.38,100
4922,0.39,0.22,0.17,57.71999999999997,10:05:57,1012.31,100,1012.6,100,1012.355,100
4934,0.28,0.08,0.2,0.0,10:06:00,1012.39,100,1012.84,300,1012.61,100
4935,0.26,0.07,0.19,0.26,10:06:00,1012.69,100,1012.84,100,1012.78,100
4939,1.7,1.53,0.17,5.970000000000001,10:06:05,1012.67,300,1013.23,100,1012.83,100
4940,0.23,0.07,0.16,6.200000000000001,10:06:06,1012.67,300,1013.23,100,1012.75,200
4949,0.38,0.21,0.17,9.920000000000003,10:06:09,1012.75,300,1013.23,100,1012.8,100
4952,2.39,2.14,0.25,16.930000000000003,10:06:16,1012.75,300,1012.99,100,1012.87,100
4956,0.25,0.08,0.17,20.050000000000004,10:06:20,1012.58,400,1012.94,100,1012.67,100
5015,0.38,0.14,0.24,40.110000000000014,10:06:40,1012.54,200,1013.29,300,1012.8722,100
5020,0.45,0.25,0.2,42.06000000000002,10:06:42,1012.68,100,1013.29,300,1012.92,200
5026,0.28,0.08,0.2,44.10000000000003,10:06:44,1012.54,100,1013.29,300,1012.68,100
5070,0.37,0.18,0.19,0.0,10:07:00,1012.56,100,1012.99,100,1012.7,100
5076,0.4,0.2,0.2,2.2,10:07:02,1012.56,100,1012.99,100,1012.59,100
5083,0.45999999999999996,0.25,0.21,4.62,10:07:04,1012.56,100,1012.99,100,1012.5601,500
5090,3.37,3.18,0.19,11.420000000000002,10:07:11,1012.04,100,1012.45,100,1012.54,100
5099,0.33999999999999997,0.18,0.16,19.340000000000003,10:07:19,1011.92,100,1012.59,100,1012.1275,100
5125,0.38,0.18,0.2,27.59000000000001,10:07:27,1011.92,100,1012.32,100,1012.1375,100
5126,0.37,0.19,0.18,27.96000000000001,10:07:27,1011.92,100,1012.29,200,1012.1128,120
5136,0.36,0.18,0.18,31.880000000000006,10:07:31,1011.93,100,1012.28,100,1012.289,100
5141,0.39,0.17,0.22,33.60000000000001,10:07:33,1011.99,100,1012.71,100,1012.57,100
5152,0.33999999999999997,0.16,0.18,37.680000000000014,10:07:37,1012.26,100,1012.71,100,1012.485,100
5163,0.31,0.13,0.18,41.74,10:07:41,1012.27,100,1012.9,100,1012.58,100
5168,0.37,0.18,0.19,43.660000000000004,10:07:43,1012.28,100,1012.9,200,1012.585,100
5181,0.27,0.08,0.19,47.73000000000002,10:07:47,1012.31,100,1012.77,100,1012.545,100
5233,0.33999999999999997,0.18,0.16,0.0,10:08:00,1012.4,100,1013.0,200,1012.7099,100
5239,0.37,0.21,0.16,2.14,10:08:02,1012.4,100,1013.0,200,1012.73,300
5245,3.9699999999999998,3.65,0.32,7.699999999999999,10:08:07,1012.48,100,1013.0,200,1012.48,100
5256,0.38,0.21,0.17,14.16,10:08:14,1012.48,300,1012.88,200,1012.704,170
5278,0.36000000000000004,0.08,0.28,22.21,10:08:22,1012.17,100,1012.73,100,1012.185,100
5283,0.36,0.13,0.23,24.02,10:08:24,1012.17,100,1012.73,100,1012.1701,200
5306,0.44999999999999996,0.24,0.21,32.38999999999999,10:08:32,1012.17,100,1012.79,100,1012.79,250
5326,0.33,0.08,0.25,40.04,10:08:40,1012.36,100,1012.72,100,1012.21,100
5349,0.30000000000000004,0.07,0.23,48.03,10:08:48,1012.17,200,1012.88,100,1012.36,100
5372,0.28,0.07,0.21,0.0,10:09:00,1012.36,100,1012.79,100,1012.46,100
5379,0.32,0.09,0.23,6.410000000000001,10:09:06,1012.17,200,1012.91,100,1012.47,100
5383,0.8999999999999999,0.59,0.31,12.070000000000002,10:09:12,1012.36,100,1013.0,100,1012.365,100
5386,2.83,2.65,0.18,15.490000000000002,10:09:15,1012.36,100,1013.0,100,1012.42,100
5387,0.41000000000000003,0.24,0.17,15.900000000000002,10:09:15,1012.38,100,1012.99,100,1012.63,100
5388,2.6500000000000004,2.43,0.22,18.550000000000004,10:09:18,1012.38,100,1012.99,100,1012.43,100
5401,0.36,0.07,0.29,23.740000000000006,10:09:23,1012.38,100,1012.9,100,1012.9,500
5408,0.28,0.08,0.2,26.000000000000007,10:09:26,1012.38,100,1012.91,100,1012.5984,100
5559,1.82,1.57,0.25,0.0,10:13:00,1011.31,200,1011.98,100,1011.87,100
5560,2.4,2.01,0.39,2.4,10:13:02,1011.31,200,1011.97,100,1011.8112,100
5676,0.35,0.19,0.16,49.460000000000015,10:13:49,1011.39,200,1011.86,100,1011.63,100
5709,0.34,0.17,0.17,0.0,10:14:00,1011.39,200,1011.92,200,1011.92,100
5717,1.59,1.33,0.26,7.57,10:14:07,1011.63,100,1012.04,100,1011.72,100
5731,0.23,0.07,0.16,17.91,10:14:17,1011.62,200,1011.92,100,1011.6983,120
5760,0.26,0.09,0.17,27.970000000000006,10:14:27,1011.62,100,1011.92,100,1011.77,200
5791,0.24000000000000002,0.07,0.17,37.550000000000026,10:14:37,1011.71,100,1011.92,200,1011.885,100
5824,0.4,0.21,0.19,47.99000000000002,10:14:47,1011.38,100,1011.91,100,1011.55,200
5837,0.30000000000000004,0.07,0.23,51.990000000000016,10:14:51,1011.09,100,1011.74,100,1011.4585,300
5862,0.26,0.08,0.18,0.0,10:15:00,1011.1,200,1011.64,100,1011.4243,200
5865,3.1599999999999997,2.82,0.34,5.529999999999999,10:15:05,1011.1,200,1011.76,100,1011.58,100
5866,0.30000000000000004,0.07,0.23,5.829999999999999,10:15:05,1011.1,200,1011.74,100,1011.68,100
6012,2.58,2.37,0.21,0.0,10:16:00,1011.71,200,1012.1,100,1011.905,100
6088,0.4,0.18,0.22,30.520000000000003,10:16:30,1011.71,300,1012.17,100,1012.1,100
6111,0.36,0.17,0.19,38.27,10:16:38,1011.97,100,1012.33,200,1011.9701,146
6128,0.25,0.07,0.18,44.41000000000001,10:16:44,1011.97,100,1012.24,100,1012.24,100
6151,0.29000000000000004,0.07,0.22,0.0,10:17:00,1011.97,100,1012.27,100,1012.04,100
6159,2.81,2.47,0.34,9.3,10:17:09,1011.9,100,1012.04,100,1012.05,100
6168,0.3,0.08,0.22,13.750000000000002,10:17:13,1011.76,300,1012.04,100,1011.9,100
6188,0.43,0.19,0.24,24.470000000000006,10:17:24,1011.75,100,1012.16,200,1012.0165,550
6213,0.43,0.24,0.19,33.82000000000001,10:17:33,1012.01,200,1012.68,100,1012.14,100
6218,0.31,0.08,0.23,35.70000000000002,10:17:35,1012.01,200,1012.43,100,1012.385,100
6242,0.28,0.08,0.2,43.730000000000025,10:17:43,1012.03,100,1012.34,200,1012.33,100
6291,4.31,3.94,0.37,0.0,10:18:00,1012.11,200,1012.67,100,1012.6024,300
6318,52.14,51.78,0.36,0.0,10:19:00,1011.9,700,1012.25,100,1012.16,100
6334,0.3,0.08,0.22,6.3,10:19:06,1011.9,800,1012.42,100,1011.98,100
6367,0.4,0.14,0.26,18.249999999999993,10:19:18,1011.95,100,1012.51,300,1012.29,100
6379,0.42000000000000004,0.19,0.23,22.569999999999993,10:19:22,1011.94,400,1012.48,100,1012.2073,100
6400,0.33,0.07,0.26,30.29,10:19:30,1011.94,400,1012.46,100,1012.1515,100
6422,0.46,0.2,0.26,38.32,10:19:38,1011.98,100,1012.45,100,1012.2453,100
6440,4.45,4.13,0.32,7.15,10:20:07,1012.23,100,1012.72,100,1012.695,100
6454,0.43000000000000005,0.17,0.26,13.840000000000002,10:20:13,1012.48,300,1012.99,200,1012.88,145
6531,0.43000000000000005,0.15,0.28,43.820000000000036,10:20:43,1012.67,200,1012.97,100,1012.82,100
6536,34.309999999999995,34.08,0.23,0.0,10:21:00,1012.76,100,1012.98,100,1012.8091,100
6542,0.32,0.08,0.24,2.07,10:21:02,1012.83,100,1013.4,200,1012.8301,427
6547,0.34,0.07,0.27,4.069999999999999,10:21:04,1012.83,500,1013.39,200,1013.065,100
6551,0.47000000000000003,0.08,0.39,5.989999999999998,10:21:05,1012.83,700,1013.39,100,1013.11,100
6555,0.43,0.11,0.32,8.11,10:21:08,1012.83,800,1013.29,100,1013.115,100
6559,0.6000000000000001,0.07,0.53,10.14,10:21:10,1012.83,800,1013.64,100,1013.16,100
6563,0.71,0.23,0.48,12.68,10:21:12,1012.83,400,1013.65,100,1013.2810000000001,300
6566,0.43,0.07,0.36,14.299999999999999,10:21:14,1012.83,400,1013.6,100,1013.6,100
6585,0.31,0.07,0.24,23.889999999999997,10:21:23,1012.84,600,1013.6,100,1013.5999,500
6593,0.58,0.17,0.41,28.019999999999996,10:21:28,1012.84,200,1013.6,100,1013.22,100
6597,0.64,0.09,0.55,30.489999999999995,10:21:30,1012.84,200,1013.5,100,1013.5,100
6643,0.5700000000000001,0.24,0.33,0.0,10:22:00,1013.29,400,1013.59,100,1013.29,200
6647,0.49,0.18,0.31,1.83,10:22:01,1013.29,400,1013.65,200,1013.59,100
6651,0.45,0.18,0.27,3.8100000000000005,10:22:03,1013.29,300,1013.68,100,1013.47,100
6671,0.5599999999999999,0.08,0.48,14.33,10:22:14,1013.29,400,1013.61,100,1013.38,100
6674,0.7,0.24,0.46,16.4,10:22:16,1013.29,400,1013.6,200,1013.4547,100
6677,0.47000000000000003,0.08,0.39,17.999999999999996,10:22:17,1013.02,100,1013.35,100,1013.15,100
6681,0.56,0.24,0.32,20.039999999999996,10:22:20,1012.82,200,1013.22,100,1013.01,100
6751,0.44999999999999996,0.24,0.21,12.080000000000002,10:23:12,1012.6,200,1012.94,100,1012.804,300
6779,0.42,0.12,0.3,22.200000000000006,10:23:22,1012.61,100,1012.99,600,1012.795,168
6798,0.42000000000000004,0.19,0.23,30.38000000000001,10:23:30,1013.02,100,1013.36,100,1013.14,100
6839,0.31,0.07,0.24,44.27000000000004,10:23:44,1013.11,500,1013.47,100,1013.45,100
6844,0.28,0.07,0.21,0.0,10:24:00,1013.11,600,1013.47,100,1013.41,100
6849,0.46,0.23,0.23,2.15,10:24:02,1013.11,500,1013.47,100,1013.21,100
6859,1.61,1.32,0.29,11.329999999999998,10:24:11,1013.13,200,1013.47,100,1013.2796,118
6888,0.34,0.08,0.26,28.23,10:24:28,1013.13,300,1013.47,100,1013.4699,100
6925,0.33999999999999997,0.09,0.25,44.13999999999999,10:24:44,1013.13,500,1013.47,100,1013.4,100
6944,0.45,0.14,0.31,52.31000000000001,10:24:52,1013.13,500,1013.57,100,1013.39,100
6952,0.38,0.08,0.3,56.070000000000014,10:24:56,1013.13,600,1013.57,100,1013.57,100
7001,0.4,0.08,0.32,0.0,10:25:00,1013.21,500,1013.74,200,1013.65,100
7021,0.38,0.08,0.3,10.05,10:25:10,1013.24,400,1013.72,100,1013.73,100
7030,0.44,0.21,0.23,13.889999999999999,10:25:13,1013.44,100,1013.65,100,1013.4401,159
7044,0.4,0.17,0.23,20.04,10:25:20,1013.44,300,1013.71,100,1013.58,100
7062,0.69,0.27,0.42,27.930000000000003,10:25:27,1013.33,200,1013.7,100,1013.44,100
7065,0.55,0.21,0.34,29.240000000000006,10:25:29,1013.33,200,1013.7,100,1013.53,100
7085,0.53,0.22,0.31,0.0,10:26:00,1013.46,100,1013.66,100,1013.635,100
7089,0.4,0.08,0.32,3.69,10:26:03,1013.47,100,1013.7,100,1013.66,100
7093,0.55,0.23,0.32,9.100000000000001,10:26:09,1013.58,200,1013.84,200,1013.61,100
7103,0.54,0.21,0.33,15.780000000000001,10:26:15,1013.66,200,1013.99,100,1013.89,100
7108,0.39,0.11,0.28,17.970000000000002,10:26:17,1013.66,200,1013.96,300,1013.8292,300
7116,0.32,0.07,0.25,21.67000000000001,10:26:21,1013.67,400,1013.96,200,1013.86,100
7142,0.32,0.07,0.25,31.61000000000001,10:26:31,1013.67,300,1014.15,100,1013.95,100
7146,0.44,0.07,0.37,33.730000000000004,10:26:33,1013.88,100,1014.16,100,1014.16,100
7151,0.61,0.19,0.42,36.33,10:26:36,1013.86,200,1014.13,100,1014.09,100
7155,0.4,0.09,0.31,38.11,10:26:38,1013.86,200,1014.13,100,1014.04,148
7159,0.66,0.27,0.39,40.349999999999994,10:26:40,1013.86,200,1014.13,100,1013.92,100
7162,0.44,0.08,0.36,41.85999999999999,10:26:41,1013.86,200,1014.13,200,1014.03,100
7174,0.48,0.18,0.3,47.75,10:26:47,1013.86,300,1014.17,100,1014.06,100
7179,0.4,0.15,0.25,49.699999999999996,10:26:49,1014.06,100,1014.28,1200,1014.17,100
7185,37.42,37.15,0.27,0.0,10:27:00,1013.68,100,1013.97,200,1013.955,100
7199,0.24000000000000002,0.07,0.17,4.91,10:27:04,1013.73,100,1014.18,100,1013.98,100
7211,0.41000000000000003,0.16,0.25,8.900000000000002,10:27:08,1013.68,200,1014.17,100,1013.825,100
7217,0.4,0.16,0.24,11.020000000000003,10:27:11,1013.85,100,1014.16,100,1013.82,100
7222,0.4,0.2,0.2,12.930000000000003,10:27:12,1013.68,200,1014.16,100,1013.68,100
7237,0.47000000000000003,0.2,0.27,19.17,10:27:19,1013.68,200,1014.16,100,1013.96,200
7257,0.45999999999999996,0.24,0.22,0.0,10:28:00,1014.0,100,1014.45,100,1014.24,100
7280,0.42000000000000004,0.23,0.19,12.01,10:28:12,1013.87,200,1014.43,100,1014.07,100
7293,0.25,0.08,0.17,19.83,10:28:19,1013.87,200,1014.43,100,1014.2,100
7336,0.34,0.07,0.27,33.97000000000001,10:28:33,1013.89,100,1014.38,200,1014.38,100
7342,0.30000000000000004,0.07,0.23,35.84,10:28:35,1013.9,100,1014.37,200,1013.99,100
7406,0.4,0.18,0.22,58.22,10:28:58,1013.87,400,1014.24,100,1014.055,100
7429,0.44999999999999996,0.24,0.21,0.0,10:29:00,1013.87,400,1014.19,100,1014.0,100
7434,0.39,0.21,0.18,1.71,10:29:01,1013.88,100,1014.17,100,1014.0393,100
7439,3.2600000000000002,2.93,0.33,6.57,10:29:06,1013.66,100,1014.07,100,1014.0699,1142
7454,0.28,0.07,0.21,11.64,10:29:11,1013.87,200,1014.49,100,1014.18,100
7548,0.4,0.21,0.19,43.300000000000026,10:29:43,1014.05,100,1014.36,100,1014.2488,200
7561,0.38,0.17,0.21,47.810000000000024,10:29:47,1014.06,100,1014.47,200,1014.29,100
7566,0.52,0.19,0.33,49.840000000000025,10:29:49,1014.05,100,1014.47,100,1014.3,100
7600,1.82,1.57,0.25,0.0,10:30:00,1014.05,200,1014.4,100,1014.3839999999999,100
7605,0.3,0.08,0.22,3.01,10:30:03,1014.05,200,1014.4,100,1014.4,100
7649,0.37,0.14,0.23,19.230000000000004,10:30:19,1014.05,200,1014.4,100,1014.31,100
7674,0.34,0.08,0.26,29.100000000000005,10:30:29,1013.62,200,1014.3,100,1013.9898,165
7689,0.48,0.22,0.26,35.00000000000001,10:30:35,1013.62,200,1014.08,100,1013.873,100
7690,0.47,0.21,0.26,35.470000000000006,10:30:35,1013.62,200,1014.08,100,1013.8503,150
7734,1.0,0.79,0.21,4.21,10:31:04,1013.58,100,1014.11,100,1013.8901,250
7795,0.29,0.08,0.21,26.059999999999988,10:31:26,1013.67,100,1014.01,100,1013.67,100
7804,0.4,0.23,0.17,0.0,10:33:00,1013.48,100,1013.89,100,1013.72,100
7807,3.0,2.76,0.24,3.56,10:33:03,1013.48,200,1013.87,100,1013.77,100
7816,0.38,0.21,0.17,6.750000000000002,10:33:06,1013.48,200,1013.85,100,1013.675,100
7851,0.41000000000000003,0.23,0.18,18.940000000000012,10:33:18,1013.83,100,1014.19,100,1014.05,169
7874,0.38,0.19,0.19,26.790000000000017,10:33:26,1013.82,300,1014.36,200,1013.995,100
7899,0.24000000000000002,0.07,0.17,34.80000000000002,10:33:34,1013.82,200,1014.36,200,1013.91,100
7924,0.44,0.19,0.25,42.920000000000016,10:33:42,1013.84,100,1014.36,200,1014.32,100
7929,0.31,0.07,0.24,45.02000000000002,10:33:45,1013.86,200,1014.36,200,1014.01,100
7991,0.26,0.07,0.19,7.68,10:34:07,1014.04,200,1014.49,100,1014.301,100
7998,0.29000000000000004,0.07,0.22,9.809999999999999,10:34:09,1014.04,200,1014.46,100,1014.23,100
8009,0.52,0.24,0.28,14.219999999999997,10:34:14,1014.04,200,1014.43,100,1014.26,100
8052,0.31,0.09,0.22,32.08999999999999,10:34:32,1014.26,200,1014.49,100,1014.46,100
8057,0.34,0.08,0.26,33.98999999999999,10:34:33,1014.38,200,1014.61,100,1014.525,100
8060,0.59,0.08,0.51,35.97999999999999,10:34:35,1014.46,100,1014.63,100,1014.61,100
8067,0.6000000000000001,0.07,0.53,0.0,10:35:00,1014.38,200,1014.75,100,1014.605,200
8078,0.64,0.21,0.43,8.04,10:35:08,1014.38,200,1014.75,100,1014.6,100
8081,0.75,0.19,0.56,9.999999999999998,10:35:09,1014.38,200,1014.71,100,1014.5615,200
8086,0.61,0.09,0.52,13.989999999999997,10:35:13,1014.56,200,1014.78,100,1014.63,100
8095,0.5900000000000001,0.28,0.31,19.819999999999997,10:35:19,1014.41,200,1014.77,100,1014.51,100
8111,0.62,0.08,0.54,29.849999999999998,10:35:29,1014.42,100,1014.74,100,1014.565,100
8138,1.0,0.28,0.72,57.04999999999999,10:35:57,1014.42,300,1014.71,100,1014.515,200
8145,0.6100000000000001,0.07,0.54,0.0,10:36:00,1014.42,300,1014.69,100,1014.55,100
8151,0.61,0.18,0.43,3.8299999999999996,10:36:03,1014.42,300,1014.69,100,1014.49,100
8167,0.5700000000000001,0.07,0.5,17.79,10:36:17,1014.42,200,1014.66,100,1014.445,100
8183,0.5900000000000001,0.14,0.45,28.19,10:36:28,1014.43,100,1014.74,200,1014.585,100
8186,0.5800000000000001,0.27,0.31,29.83,10:36:29,1014.43,100,1014.76,100,1014.74,100
8190,0.62,0.15,0.47,32.26,10:36:32,1014.43,100,1014.76,100,1014.73,100
8196,0.5700000000000001,0.07,0.5,35.82999999999999,10:36:35,1014.43,300,1014.9,100,1014.75,100
8230,0.64,0.2,0.44,0.0,10:37:00,1014.05,100,1014.5,100,1014.39,100
8248,0.59,0.09,0.5,14.950000000000001,10:37:14,1014.05,100,1014.35,100,1014.205,100
8250,0.64,0.21,0.43,16.17,10:37:16,1014.05,100,1014.35,100,1014.185,300
8273,0.44,0.12,0.32,29.510000000000012,10:37:29,1014.2,100,1014.5,100,1014.35,100
8322,0.57,0.08,0.49,0.0,10:38:00,1014.2,100,1014.68,100,1014.36,100
8325,0.5800000000000001,0.07,0.51,1.79,10:38:01,1014.19,100,1014.59,100,1014.41,100
8332,0.6000000000000001,0.2,0.4,6.01,10:38:06,1014.15,100,1014.59,100,1014.59,200
8363,0.59,0.09,0.5,29.959999999999997,10:38:29,1014.18,200,1014.55,100,1014.3649,100
8370,0.64,0.21,0.43,33.8,10:38:33,1013.93,100,1014.36,100,1014.1585,100
8377,0.61,0.17,0.44,38.0,10:38:38,1013.92,100,1014.31,200,1013.93,200
8485,0.64,0.14,0.5,0.0,10:40:00,1013.99,100,1014.55,100,1014.19,100
8500,0.8,0.17,0.63,16.539999999999996,10:40:16,1013.99,200,1014.22,100,1014.038,400
8506,0.8,0.07,0.73,22.119999999999997,10:40:22,1013.99,100,1014.24,100,1014.08,100
8598,0.59,0.21,0.38,2.38,10:41:02,1013.72,100,1014.19,100,1013.85,100
8635,0.5900000000000001,0.14,0.45,24.160000000000007,10:41:24,1013.72,100,1014.09,100,1013.88,100
8639,0.5800000000000001,0.07,0.51,26.360000000000007,10:41:26,1013.72,100,1014.09,100,1013.9,100
8667,0.56,0.07,0.49,0.0,10:42:00,1013.97,100,1014.38,100,1014.225,100
8702,0.6,0.25,0.35,26.34,10:42:26,1014.09,100,1014.4,100,1014.21,100
8789,0.8099999999999999,0.21,0.6,14.610000000000001,10:43:14,1013.7,200,1013.95,200,1013.845,100
8791,0.6399999999999999,0.07,0.57,16.05,10:43:16,1013.54,200,1013.93,100,1013.76,100
8891,0.59,0.23,0.36,37.950000000000024,10:44:37,1013.31,100,1013.63,100,1013.54,100
8895,0.5800000000000001,0.07,0.51,40.12000000000002,10:44:40,1012.83,100,1013.45,100,1013.25,100
8902,0.45,0.14,0.31,43.96000000000002,10:44:43,1013.29,100,1013.98,100,1013.46,100
8905,0.63,0.27,0.36,45.730000000000025,10:44:45,1013.29,100,1013.98,100,1013.3380000000001,100
8927,0.6499999999999999,0.24,0.41,0.0,10:45:00,1013.42,300,1013.93,100,1013.52,100
8975,0.74,0.09,0.65,35.75,10:45:35,1013.52,100,1013.79,100,1013.8,100
9012,0.61,0.24,0.37,0.0,10:46:00,1013.67,400,1013.97,100,1013.6995,150
9117,1.5699999999999998,1.0,0.57,5.42,10:47:05,1013.19,100,1013.88,100,1013.5116,100
9166,0.5900000000000001,0.07,0.52,34.44,10:47:34,1013.25,100,1013.5,100,1013.36,100
9239,0.5700000000000001,0.24,0.33,0.0,10:48:00,1013.45,200,1013.74,200,1013.48,100
9257,0.44,0.07,0.37,10.2,10:48:10,1013.25,100,1013.52,100,1013.37,100
9271,0.57,0.09,0.48,17.97,10:48:17,1013.1,200,1013.44,100,1013.17,100
9279,0.43999999999999995,0.09,0.35,0.0,10:49:00,1012.81,100,1013.25,100,1013.1,100
9285,0.45,0.13,0.32,3.6400000000000006,10:49:03,1013.2,100,1013.74,200,1013.07,100
9288,0.45,0.07,0.38,5.44,10:49:05,1013.2,100,1013.69,100,1013.4425,100
9322,0.56,0.19,0.37,27.590000000000003,10:49:27,1013.1,100,1013.75,100,1013.3860000000001,100
9347,0.61,0.15,0.46,44.39000000000001,10:49:44,1013.16,100,1013.71,100,1013.3939999999999,300
9350,0.62,0.17,0.45,46.440000000000005,10:49:46,1013.2,100,1013.69,100,1013.4088,300
9398,0.5900000000000001,0.07,0.52,0.0,10:50:00,1013.12,100,1013.61,100,1013.23,100
9413,0.5900000000000001,0.07,0.52,8.010000000000002,10:50:08,1012.89,100,1013.45,100,1013.06,100
9452,0.62,0.21,0.41,29.97000000000001,10:50:29,1013.0,100,1013.29,100,1013.2015,100
9459,0.5800000000000001,0.14,0.44,0.0,10:51:00,1012.89,100,1013.28,100,1013.09,100
9485,0.8300000000000001,0.19,0.64,24.800000000000004,10:51:24,1012.48,200,1013.17,100,1012.825,165
9487,0.6000000000000001,0.07,0.53,26.000000000000007,10:51:26,1012.48,200,1013.09,100,1012.875,100
9497,0.5800000000000001,0.07,0.51,32.17000000000001,10:51:32,1012.5,100,1012.76,100,1012.51,100
9532,0.6,0.18,0.42,54.17000000000003,10:51:54,1012.5,100,1013.04,100,1012.77,300
9554,3.45,2.83,0.62,0.0,10:52:00,1012.5,100,1013.0,100,1012.6694,150
9555,0.76,0.12,0.64,0.76,10:52:00,1012.5,100,1012.81,100,1012.755,100
9602,0.64,0.19,0.45,33.199999999999996,10:52:33,1011.99,100,1012.68,100,1012.27,200
9609,0.59,0.08,0.51,37.37000000000001,10:52:37,1011.99,100,1012.52,100,1011.99,100
9625,0.58,0.21,0.37,0.0,10:53:00,1011.9,700,1012.26,100,1012.062,250
9635,0.62,0.2,0.42,5.61,10:53:05,1011.85,200,1012.23,100,1012.035,100
9638,1.1400000000000001,0.54,0.6,8.15,10:53:08,1011.86,100,1012.22,100,1011.95,100
9679,0.5700000000000001,0.07,0.5,35.97999999999999,10:53:35,1011.72,200,1012.23,100,1011.9753,200
9683,0.57,0.09,0.48,37.98999999999999,10:53:37,1011.72,200,1012.26,100,1012.135,100
9714,0.56,0.2,0.36,55.81999999999999,10:53:55,1012.13,100,1012.57,100,1012.37,100
9756,118.97,118.36,0.61,0.0,10:56:00,1012.49,100,1012.94,100,1012.6196,100
9760,0.76,0.27,0.49,2.62,10:56:02,1012.49,200,1012.94,100,1012.939,100
9769,0.79,0.23,0.56,8.86,10:56:08,1012.21,100,1012.82,100,1012.2,100
9774,0.63,0.19,0.44,12.29,10:56:12,1012.21,100,1012.82,100,1012.4975,100
9879,0.59,0.15,0.44,34.59,10:57:34,1012.69,100,1012.94,300,1012.74,100
9889,0.62,0.23,0.39,40.18000000000001,10:57:40,1012.26,100,1012.85,100,1012.44,122
9948,0.6,0.17,0.43,29.580000000000005,10:58:29,1012.28,100,1012.81,100,1012.5275,300
10012,0.58,0.29,0.29,0.0,10:59:00,1012.41,200,1012.72,100,1012.72,100
10034,0.5900000000000001,0.27,0.32,16.16,10:59:16,1012.06,100,1012.51,100,1012.22,100
10038,0.5800000000000001,0.07,0.51,18.340000000000003,10:59:18,1011.71,100,1012.43,200,1012.06,100
10068,0.61,0.19,0.42,34.36000000000001,10:59:34,1011.99,100,1012.67,100,1012.15,100
10074,0.63,0.22,0.41,37.95000000000002,10:59:37,1011.75,1000,1012.67,100,1012.45,100
10081,0.5700000000000001,0.07,0.5,42.12000000000002,10:59:42,1012.3,300,1012.67,100,1012.3,100
10099,1.19,0.57,0.62,9.19,11:00:09,1011.92,300,1012.68,100,1011.96,142
10101,2.83,2.32,0.51,13.209999999999999,11:00:13,1011.96,200,1012.68,100,1012.02,100
10134,0.44,0.08,0.36,32.199999999999996,11:00:32,1012.09,200,1012.81,100,1012.32,100
10162,0.6100000000000001,0.07,0.54,48.41000000000001,11:00:48,1012.09,300,1012.81,100,1012.11,100
10207,0.5900000000000001,0.27,0.32,24.600000000000005,11:01:24,1012.33,100,1012.67,100,1012.35,100
10232,0.57,0.08,0.49,38.410000000000004,11:01:38,1012.35,1000,1012.99,200,1012.3401,100
10318,0.77,0.23,0.54,42.48000000000002,11:04:42,1011.68,100,1012.52,100,1012.2875,100
10338,0.8200000000000001,0.07,0.75,0.0,11:05:00,1011.87,100,1012.35,100,1012.0957,750
10342,0.5800000000000001,0.07,0.51,3.76,11:05:03,1011.75,100,1012.22,100,1012.01,100
10367,0.43,0.13,0.3,21.580000000000002,11:05:21,1011.75,100,1012.21,200,1012.13,100
10377,0.45,0.08,0.37,27.200000000000003,11:05:27,1011.74,100,1012.21,100,1011.81,100
10385,0.57,0.08,0.49,31.57,11:05:31,1011.74,100,1012.21,200,1011.74,100
10430,1.37,0.8,0.57,14.79,11:06:14,1011.52,100,1012.11,100,1011.9524,100
10473,0.44,0.13,0.31,40.0,11:06:40,1011.53,100,1012.0,100,1011.5033,100
10477,0.43,0.12,0.31,42.01,11:06:42,1011.53,300,1012.0,100,1011.56,100
10485,0.5800000000000001,0.18,0.4,46.379999999999995,11:06:46,1011.56,300,1012.0,100,1011.765,700
10499,0.56,0.07,0.49,53.98,11:06:53,1011.72,200,1012.15,100,1011.83,100
10564,0.62,0.17,0.45,32.040000000000006,11:07:32,1011.87,100,1012.39,100,1012.18,100
10583,0.59,0.23,0.36,42.02,11:07:42,1011.54,100,1012.06,100,1011.76,200
10699,4.99,4.47,0.52,10.350000000000001,11:09:10,1011.56,200,1011.95,100,1011.52,115
10721,0.5900000000000001,0.19,0.4,22.39,11:09:22,1011.5,300,1011.71,100,1011.57,100
10756,0.63,0.21,0.42,42.37000000000001,11:09:42,1011.27,200,1011.65,100,1011.3545,150
10778,0.43,0.07,0.36,54.39000000000001,11:09:54,1011.27,100,1011.52,100,1011.39,100
10781,0.62,0.24,0.38,56.190000000000005,11:09:56,1011.27,100,1011.5,100,1011.4,100
10827,0.57,0.09,0.48,29.81,11:10:29,1011.27,100,1011.52,100,1011.45,100
10843,0.64,0.2,0.44,40.23000000000001,11:10:40,1011.27,100,1011.52,100,1011.3868,100
10852,0.75,0.09,0.66,45.97000000000002,11:10:45,1011.25,100,1011.53,100,1011.27,100
10904,0.6,0.22,0.38,3.22,11:11:03,1011.3,100,1011.48,100,1011.37,100
10908,0.45,0.13,0.32,5.250000000000001,11:11:05,1011.3,100,1011.51,100,1011.38,100
10916,0.61,0.18,0.43,9.65,11:11:09,1011.39,100,1011.61,100,1011.43,100
10954,0.45,0.08,0.37,32.09,11:11:32,1011.4,100,1011.61,100,1011.5658,162
10981,0.5900000000000001,0.07,0.52,8.94,11:12:08,1011.35,100,1011.7,200,1011.5297,250
10984,2.54,2.04,0.5,15.329999999999998,11:12:15,1011.36,100,1011.7,200,1011.62,100
11017,0.61,0.08,0.53,36.209999999999994,11:12:36,1011.35,300,1011.7,200,1011.697,100
11044,0.6200000000000001,0.07,0.55,2.0500000000000003,11:13:02,1011.35,300,1011.7,200,1011.698,100
11073,0.78,0.17,0.61,26.04000000000001,11:13:26,1011.34,100,1011.64,100,1011.485,100
11086,0.79,0.36,0.43,35.64000000000001,11:13:35,1011.36,100,1011.7,300,1011.685,100
11090,0.61,0.15,0.46,38.04000000000001,11:13:38,1011.36,100,1011.7,300,1011.665,100
11165,0.6,0.23,0.37,24.819999999999997,11:14:24,1011.37,100,1011.76,100,1011.67,100
11275,0.59,0.18,0.41,5.77,11:17:05,1011.32,300,1011.7,200,1011.6742,100
11343,1.26,0.8,0.46,6.619999999999999,11:18:06,1011.7,300,1012.08,100,1012.07,100
11358,0.64,0.08,0.56,20.22,11:18:20,1011.7,300,1012.08,100,1011.85,200
11367,0.61,0.14,0.47,26.169999999999998,11:18:26,1011.7,300,1012.08,100,1011.9545,500
11370,0.6100000000000001,0.07,0.54,27.98,11:18:27,1011.7,200,1012.08,100,1011.89,100
11400,0.63,0.14,0.49,47.960000000000015,11:18:47,1011.7,300,1012.14,200,1012.12,100
11433,0.77,0.07,0.7,0.0,11:19:00,1011.7,400,1012.13,100,1012.1299,100
11473,0.6100000000000001,0.07,0.54,25.640000000000004,11:19:25,1011.7,200,1011.98,100,1011.88,100
11504,0.6,0.09,0.51,7.59,11:20:07,1011.34,200,1011.84,200,1011.6223,100
11515,0.61,0.13,0.48,21.599999999999994,11:20:21,1011.37,200,1011.7,300,1011.69,100
11533,0.76,0.23,0.53,34.15,11:20:34,1011.7,100,1011.95,100,1011.935,100
11608,0.6300000000000001,0.07,0.56,0.0,11:21:00,1011.41,100,1011.95,100,1011.7416,100
11651,0.76,0.17,0.59,0.0,11:22:00,1011.41,100,1011.73,100,1011.5094,100
11664,2.0300000000000002,1.57,0.46,10.45,11:22:10,1011.26,100,1011.5,300,1011.4999,209
11666,0.62,0.18,0.44,12.049999999999999,11:22:12,1011.26,100,1011.5,300,1011.41,100
11672,1.4,1.0,0.4,18.879999999999995,11:22:18,1011.04,100,1011.44,100,1011.13,100
11704,0.44999999999999996,0.15,0.3,37.879999999999995,11:22:37,1011.04,200,1011.5,300,1011.2989,200
11714,0.61,0.11,0.5,43.62,11:22:43,1011.15,100,1011.7,100,1011.66,100
11765,0.6,0.08,0.52,0.0,11:23:00,1011.33,100,1011.62,200,1011.331,100
11775,0.6,0.1,0.5,6.379999999999999,11:23:06,1011.2,200,1011.6,100,1011.61,100
11889,0.5900000000000001,0.07,0.52,35.410000000000004,11:24:35,1011.54,100,1011.85,300,1011.7489999999999,135
11965,0.6499999999999999,0.07,0.58,28.43,11:25:28,1011.8,100,1012.18,100,1011.9839999999999,250
11992,2.45,1.84,0.61,0.0,11:26:00,1011.96,200,1012.17,100,1012.0665,300
12010,0.6,0.19,0.41,15.209999999999999,11:26:15,1011.96,400,1012.16,100,1012.0016,100
12035,30.98,30.48,0.5,0.0,11:27:00,1011.41,100,1011.57,100,1011.4759,100
12036,0.5599999999999999,0.21,0.35,0.5599999999999999,11:27:00,1011.06,100,1011.53,100,1011.295,100
12038,0.77,0.34,0.43,1.76,11:27:01,1011.21,100,1011.53,100,1011.21,100
12088,0.5900000000000001,0.07,0.52,0.0,11:29:00,1011.08,100,1011.4,200,1011.22,120
12200,9.42,8.89,0.53,0.0,11:31:00,1011.03,400,1011.38,100,1011.2,250
12205,0.6000000000000001,0.07,0.53,6.17,11:31:06,1011.05,100,1011.39,100,1011.36,100
12282,0.44,0.07,0.37,0.0,11:32:00,1011.35,100,1011.59,100,1011.395,100
12307,0.43,0.12,0.31,19.619999999999997,11:32:19,1011.18,100,1011.53,100,1011.0778,121
12451,0.43999999999999995,0.09,0.35,8.180000000000001,11:33:08,1010.85,100,1011.15,100,1011.17,100
12459,0.61,0.08,0.53,12.790000000000001,11:33:12,1010.85,100,1011.08,100,1010.8501,100
12469,0.6000000000000001,0.07,0.53,0.6000000000000001,11:34:00,1010.85,100,1011.07,100,1010.88,100
12535,0.61,0.08,0.53,49.78,11:34:49,1011.02,100,1011.29,100,1011.175,100
12547,0.6000000000000001,0.07,0.53,57.760000000000005,11:34:57,1010.98,100,1011.34,100,1011.31,100
12566,79.02,78.7,0.32,0.0,11:36:00,1010.89,100,1011.34,300,1011.03,100
12705,0.5700000000000001,0.12,0.45,0.0,11:38:00,1010.63,100,1011.01,300,1010.7642,100
12723,3.8,3.23,0.57,20.630000000000003,11:38:20,1010.84,100,1011.29,200,1010.91,100
12744,0.64,0.18,0.46,34.06,11:38:34,1010.87,100,1011.29,200,1010.89,100
12769,0.59,0.08,0.51,49.83000000000002,11:38:49,1010.92,200,1011.29,200,1011.2714,127
12780,118.2,117.59,0.61,0.0,11:40:00,1011.23,200,1011.48,100,1011.19,100
12917,0.37,0.2,0.17,21.91,11:42:21,1011.51,100,1011.76,200,1011.75,100
12955,0.29000000000000004,0.07,0.22,35.84999999999999,11:42:35,1011.8,200,1012.05,200,1011.9739999999999,100
12962,0.28,0.08,0.2,37.84999999999999,11:42:37,1011.8,100,1012.05,200,1011.78,100
13259,0.32,0.14,0.18,36.959999999999994,11:45:36,1011.78,100,1012.09,200,1012.015,100
13293,0.28,0.12,0.16,2.87,11:46:02,1011.78,200,1012.09,200,1011.955,100
13308,2.19,1.99,0.2,17.17,11:46:17,1011.78,200,1012.09,100,1011.94,100
13578,0.37,0.2,0.17,38.07999999999998,11:47:38,1011.81,100,1012.18,200,1012.1245,100
13678,0.41000000000000003,0.22,0.19,16.219999999999995,11:48:16,1011.96,100,1012.28,100,1012.105,100
13701,0.26,0.08,0.18,23.970000000000002,11:48:23,1012.0,100,1012.28,100,1012.1397,200
13745,0.28,0.1,0.18,0.0,11:49:00,1011.97,200,1012.28,100,1012.125,100
13875,0.35,0.16,0.19,53.90999999999999,11:49:53,1011.78,200,1011.96,100,1011.865,100
13887,0.24000000000000002,0.07,0.17,1.87,11:50:01,1011.79,100,1011.96,100,1011.875,100
13909,0.23,0.07,0.16,15.870000000000001,11:50:15,1011.8,100,1011.97,100,1011.97,100
13932,0.41000000000000003,0.25,0.16,26.049999999999997,11:50:26,1011.79,100,1011.97,200,1011.8889999999999,100
14220,0.31,0.07,0.24,6.55,11:52:06,1011.82,100,1012.06,100,1011.9248,200
14417,0.28,0.08,0.2,27.830000000000002,11:53:27,1011.68,100,1012.02,100,1011.855,100
14592,0.38,0.19,0.19,18.029999999999998,11:54:18,1011.77,100,1012.0,100,1011.8788,100
14638,0.24000000000000002,0.07,0.17,32.009999999999984,11:54:32,1011.79,500,1012.0,100,1011.895,200
14737,0.31,0.07,0.24,33.87000000000002,11:55:33,1011.79,500,1012.0,200,1011.8975,100
14770,0.28,0.07,0.21,46.010000000000026,11:55:46,1011.86,200,1012.09,100,1011.975,100
14799,0.25,0.07,0.18,0.0,11:56:00,1011.86,200,1012.09,100,1011.86,100
15109,5.33,5.14,0.19,5.76,11:58:05,1011.67,100,1011.88,200,1011.775,100
15210,0.29,0.08,0.21,44.16,11:58:44,1011.51,100,1011.69,200,1011.585,100
15255,0.45000000000000007,0.17,0.28,0.0,11:59:00,1011.21,100,1011.48,100,1011.4799,300
15273,2.24,2.0,0.24,12.840000000000002,11:59:12,1011.21,200,1011.48,200,1011.3625,100
15398,0.38,0.14,0.24,0.0,12:00:00,1011.32,100,1011.6,100,1011.455,100
15611,0.33999999999999997,0.18,0.16,17.189999999999994,12:01:17,1011.21,100,1011.6,300,1011.405,100
15857,0.24000000000000002,0.07,0.17,44.01999999999997,12:02:44,1011.42,100,1011.8,100,1011.525,100
16185,0.37,0.2,0.17,0.0,12:05:00,1011.66,100,1011.85,100,1011.8025,100
16319,0.26,0.08,0.18,53.959999999999994,12:05:53,1011.74,100,1011.85,100,1011.845,100
16326,0.4,0.21,0.19,56.28999999999999,12:05:56,1011.75,100,1011.85,100,1011.7832,250
16525,3.04,2.87,0.17,21.47,12:07:21,1011.41,100,1011.63,100,1011.6299,273
16526,0.23,0.07,0.16,21.7,12:07:21,1011.44,100,1011.63,100,1011.535,100
16573,0.27,0.08,0.19,37.62000000000002,12:07:37,1011.45,100,1011.73,100,1011.7299,100
16615,0.28,0.07,0.21,51.58000000000003,12:07:51,1011.41,100,1011.73,100,1011.4119999999999,200
16775,0.48,0.15,0.33,36.07000000000001,12:08:36,1011.4,100,1011.74,100,1011.4101,380
17017,0.43,0.22,0.21,28.049999999999994,12:10:28,1011.3,100,1011.63,100,1011.465,100
17115,0.35,0.18,0.17,58.00999999999998,12:10:58,1011.35,100,1011.58,100,1011.46,100
17169,1.31,1.1,0.21,20.63,12:11:20,1011.0,100,1011.39,100,1011.388,731
17421,0.26,0.08,0.18,43.35000000000002,12:12:43,1010.58,100,1010.85,200,1010.65,100
17463,2.44,2.15,0.29,9.06,12:13:09,1010.58,100,1010.87,100,1010.62,100
17615,0.39,0.21,0.18,5.999999999999998,12:14:05,1010.72,100,1010.87,300,1010.7953,200
17628,0.33,0.17,0.16,14.13,12:14:14,1010.73,100,1010.87,300,1010.8,100
17630,0.24,0.08,0.16,16.06,12:14:16,1010.45,100,1010.74,200,1010.7035,1000
17641,0.35000000000000003,0.07,0.28,20.26,12:14:20,1010.45,100,1010.73,100,1010.47,100
17764,0.39,0.2,0.19,11.8,12:15:11,1010.7,100,1010.95,100,1010.8089,300
18020,0.27,0.07,0.2,49.750000000000014,12:16:49,1010.71,100,1010.91,100,1010.79,100
18042,0.25,0.07,0.18,56.78000000000002,12:16:56,1010.71,100,1010.91,100,1010.7978,100
18094,0.23,0.07,0.16,3.38,12:17:03,1010.6,100,1010.91,100,1010.8494,200
18112,0.52,0.21,0.31,9.690000000000001,12:17:09,1010.85,100,1011.12,100,1011.015,100
18190,0.35,0.19,0.16,33.34,12:17:33,1010.79,100,1011.12,100,1011.1199,1000
18377,0.26,0.09,0.17,51.840000000000025,12:18:51,1010.53,100,1010.71,100,1010.625,100
18593,0.37,0.18,0.19,20.140000000000008,12:20:20,1010.72,100,1010.94,200,1010.8432,100
18849,0.33999999999999997,0.1,0.24,0.0,12:22:00,1010.9,200,1011.13,100,1011.1243,100
18978,0.27,0.07,0.2,51.83,12:22:51,1010.57,100,1010.98,100,1010.86,100
19117,0.48,0.27,0.21,44.10000000000001,12:23:44,1010.85,100,1011.09,100,1010.9679,100
19357,0.27,0.07,0.2,11.67,12:25:11,1010.86,100,1011.14,100,1010.8862,100
19410,0.4,0.19,0.21,31.81,12:25:31,1010.92,100,1011.15,200,1011.035,100
19433,0.27,0.07,0.2,2.16,12:26:02,1011.07,100,1011.5,400,1011.4969,300
19509,0.27,0.07,0.2,38.02000000000001,12:26:38,1011.21,100,1011.6,100,1011.4580000000001,100
19613,0.23,0.07,0.16,8.080000000000002,12:27:08,1011.7,200,1012.05,100,1011.898,300
19694,0.24000000000000002,0.07,0.17,33.93000000000001,12:27:33,1011.88,100,1012.27,100,1012.0326,300
19989,0.33999999999999997,0.13,0.21,38.18000000000001,12:29:38,1012.14,100,1012.49,200,1012.305,100
20051,0.4,0.18,0.22,0.0,12:30:00,1012.36,100,1012.66,100,1012.5056,300
20058,1.21,0.99,0.22,3.95,12:30:03,1012.36,100,1012.62,100,1012.62,100
20081,2.5500000000000003,2.39,0.16,17.880000000000003,12:30:17,1012.36,300,1012.71,100,1012.55,100
20106,0.41000000000000003,0.21,0.2,26.260000000000005,12:30:26,1012.36,300,1012.72,100,1012.5688,100
20184,0.29,0.08,0.21,54.09000000000001,12:30:54,1012.5,200,1012.68,100,1012.5897,100
20241,0.41000000000000003,0.23,0.18,25.979999999999986,12:31:25,1012.67,100,1012.96,100,1012.81,100
20311,0.23,0.07,0.16,47.92999999999998,12:31:47,1012.78,100,1012.98,100,1012.9655,100
20347,0.6100000000000001,0.28,0.33,0.0,12:32:00,1012.78,100,1012.98,100,1012.97,100
20368,0.35,0.18,0.17,18.759999999999998,12:32:18,1012.82,100,1012.98,200,1012.908,200
20592,0.28,0.09,0.19,34.54,12:33:34,1013.15,200,1013.5,100,1013.26,100
20655,0.4,0.2,0.2,0.0,12:34:00,1013.18,200,1013.5,100,1013.34,100
20656,1.94,1.58,0.36,1.94,12:34:01,1013.21,100,1013.49,100,1013.3194,300
20723,0.38,0.21,0.17,28.099999999999998,12:34:28,1013.25,100,1013.5,100,1013.4117,300
20819,0.25,0.08,0.17,7.879999999999999,12:35:07,1013.4,100,1013.72,100,1013.55,100
21042,0.39,0.23,0.16,2.18,12:36:02,1012.91,100,1013.41,100,1013.4099,100
21077,0.34,0.17,0.17,12.290000000000004,12:36:12,1012.64,100,1013.33,100,1013.12,100
21225,0.45999999999999996,0.21,0.25,22.29,12:37:22,1012.79,100,1013.26,100,1013.0777,114
21331,0.27,0.08,0.19,20.029999999999994,12:38:20,1012.87,200,1013.24,200,1013.03,100
21403,0.24000000000000002,0.07,0.17,46.11000000000001,12:38:46,1012.81,100,1013.23,100,1012.89,100
21470,0.24,0.08,0.16,18.990000000000002,12:39:18,1012.97,200,1013.21,200,1013.1055,100
21576,0.33,0.17,0.16,0.0,12:40:00,1012.77,300,1013.2,200,1012.93,100
21625,0.27,0.08,0.19,15.929999999999994,12:40:15,1012.95,200,1013.2,200,1012.95,100
21648,0.36,0.18,0.18,2.14,12:41:02,1012.77,100,1013.2,100,1013.04,100
21672,0.4,0.23,0.17,20.180000000000003,12:41:20,1012.78,700,1013.19,200,1012.96,134
21818,0.55,0.23,0.32,0.0,12:44:00,1012.99,100,1013.53,100,1013.19,100
21837,0.26,0.08,0.18,5.710000000000002,12:44:05,1012.99,100,1013.53,100,1013.2539999999999,250
21926,0.4,0.21,0.19,22.35,12:45:22,1013.14,100,1013.53,200,1013.33,100
21972,0.30000000000000004,0.1,0.2,37.87999999999999,12:45:37,1013.16,100,1013.53,200,1013.3397,100
22015,0.43,0.21,0.22,52.37,12:45:52,1013.23,100,1013.53,400,1013.2201,100
22024,0.43,0.21,0.22,0.0,12:46:00,1013.23,100,1013.52,200,1013.2301,200
22044,1.4899999999999998,1.14,0.35,16.839999999999996,12:46:16,1013.31,100,1013.53,100,1013.42,100
22116,0.29,0.08,0.21,43.93,12:46:43,1013.25,100,1013.5,200,1013.32,100
22122,0.29,0.08,0.21,45.83,12:46:45,1013.32,100,1013.5,200,1013.375,100
22175,0.43000000000000005,0.26,0.17,4.38,12:47:04,1013.27,100,1013.5,100,1013.385,100
22428,0.24000000000000002,0.07,0.17,33.93000000000001,12:48:33,1013.3,100,1013.71,400,1013.495,100
22491,0.44000000000000006,0.27,0.17,0.0,12:49:00,1013.31,100,1013.61,100,1013.31,256
22509,2.99,2.72,0.27,17.98,12:49:17,1013.33,100,1013.71,500,1013.35,100
22598,0.34,0.17,0.17,49.890000000000015,12:49:49,1013.28,100,1013.6,100,1013.445,155
22626,2.1,1.8,0.3,0.0,12:50:00,1013.3,100,1013.61,100,1013.4615,175
22635,0.42000000000000004,0.26,0.16,6.54,12:50:06,1013.3,100,1013.61,100,1013.378,100
22642,3.65,3.29,0.36,15.429999999999998,12:50:15,1013.3,100,1013.61,100,1013.3,134
22664,0.28,0.07,0.21,22.380000000000006,12:50:22,1013.36,100,1013.61,100,1013.485,100
22736,0.39,0.22,0.17,46.35000000000003,12:50:46,1013.11,100,1013.4,100,1013.28,100
22749,0.25,0.08,0.17,50.35000000000003,12:50:50,1013.12,100,1013.45,200,1013.215,200
22756,0.3,0.12,0.18,52.53000000000002,12:50:52,1013.12,100,1013.45,100,1013.1254,100
22768,0.41000000000000003,0.21,0.2,0.0,12:51:00,1013.21,100,1013.55,100,1013.3548,100
23181,0.38,0.22,0.16,9.720000000000002,12:53:09,1012.69,100,1013.11,100,1012.9164,200
23283,0.27,0.07,0.2,0.0,12:54:00,1012.76,100,1012.93,100,1012.91,100
23290,0.41000000000000003,0.21,0.2,2.14,12:54:02,1012.67,400,1012.81,100,1012.76,100
23305,0.39,0.17,0.22,7.8999999999999995,12:54:07,1012.68,800,1012.92,100,1012.6801,750
23309,0.6200000000000001,0.28,0.34,9.55,12:54:09,1012.68,800,1012.92,100,1012.6836,100
23376,0.44999999999999996,0.21,0.24,31.989999999999988,12:54:31,1012.73,100,1013.02,100,1013.02,100
23387,0.32,0.07,0.25,36.01999999999999,12:54:36,1012.73,100,1013.11,200,1013.0,100
23430,0.29000000000000004,0.07,0.22,5.129999999999999,12:55:05,1012.81,200,1013.11,100,1012.9796,100
23658,0.24000000000000002,0.07,0.17,0.0,12:56:00,1013.01,100,1013.27,100,1013.145,200
23708,0.25,0.07,0.18,0.0,12:57:00,1013.04,100,1013.31,100,1013.175,200
23722,0.37,0.08,0.29,13.87,12:57:13,1013.06,100,1013.32,100,1013.2469,245
23731,0.41000000000000003,0.23,0.18,18.029999999999998,12:57:18,1013.08,200,1013.32,100,1013.2,100
23790,0.36,0.2,0.16,37.83999999999999,12:57:37,1013.24,300,1013.71,300,1013.475,100
23885,0.35,0.18,0.17,1.7799999999999998,12:58:01,1013.48,300,1013.63,100,1013.56,100
23895,0.95,0.71,0.24,6.410000000000001,12:58:06,1013.58,100,1013.71,300,1013.69,200
23910,0.31000000000000005,0.14,0.17,11.760000000000002,12:58:11,1013.58,300,1013.71,300,1013.645,250
23938,0.4,0.23,0.17,19.96,12:58:19,1013.65,100,1013.94,300,1013.78,100
24018,88.57,0.08,88.49,134.10999999999996,13:00:14,1013.66,300,1013.83,100,1013.79,100
24019,0.42000000000000004,0.22,0.2,0.0,12:59:00,1013.51,100,1013.84,200,1013.6734,100
24095,0.38,0.18,0.2,0.0,13:00:00,1013.57,100,1013.84,200,1013.705,100
24204,0.37,0.21,0.16,37.62999999999998,13:01:37,1013.87,100,1014.06,100,1014.0599,200
24216,0.38,0.2,0.18,41.71999999999998,13:01:41,1013.88,100,1014.14,100,1013.9780000000001,100
24295,2.88,2.71,0.17,0.0,13:02:00,1013.91,400,1014.14,200,1014.0319999999999,300
24309,0.23,0.07,0.16,7.470000000000001,13:02:07,1013.89,100,1014.14,200,1014.005,100
24316,0.28,0.12,0.16,9.62,13:02:09,1013.5,100,1014.14,200,1013.87,100
24336,0.24,0.08,0.16,15.46,13:02:15,1013.71,100,1014.14,300,1013.564,100
24655,0.29000000000000004,0.13,0.16,0.0,13:04:00,1013.69,100,1013.93,100,1013.8155,100
24849,0.44000000000000006,0.28,0.16,0.0,13:05:00,1013.54,100,1013.91,100,1013.64,100
24929,0.3,0.08,0.22,2.01,13:09:02,1013.47,200,1013.75,100,1013.596,250
24947,0.28,0.08,0.2,16.12,13:09:16,1013.47,200,1013.74,200,1013.605,175
25045,0.41000000000000003,0.18,0.23,50.07000000000001,13:09:50,1013.31,100,1013.74,400,1013.555,100
25080,0.35000000000000003,0.07,0.28,4.079999999999999,13:10:04,1013.05,100,1013.36,200,1013.1996,100
25087,2.47,2.25,0.22,13.98,13:10:13,1013.02,100,1013.36,300,1013.2922,1000
25098,0.31,0.07,0.24,20.15,13:10:20,1013.17,100,1013.41,100,1013.2853,100
25148,0.25,0.07,0.18,36.85999999999999,13:10:36,1013.21,100,1013.41,100,1013.3388,100
25177,0.4,0.2,0.2,46.18,13:10:46,1013.21,100,1013.44,100,1013.43,100
25463,0.43,0.07,0.36,0.0,13:13:00,1012.64,100,1013.44,400,1012.9819,300
25471,0.42,0.07,0.35,6.8,13:13:06,1012.64,100,1013.03,100,1012.99,100
25495,0.62,0.22,0.4,24.18,13:13:24,1012.7,100,1013.27,100,1012.9555,250
25638,0.62,0.19,0.43,0.0,13:15:00,1012.71,100,1012.82,200,1012.71,100
25641,0.74,0.11,0.63,2.34,13:15:02,1012.48,100,1012.82,200,1012.53,100
25662,0.6000000000000001,0.2,0.4,19.94,13:15:19,1012.48,100,1012.81,100,1012.49,100
25672,0.6200000000000001,0.07,0.55,26.560000000000002,13:15:26,1012.36,200,1012.71,100,1012.5225,100
25674,0.79,0.07,0.72,28.16,13:15:28,1012.36,200,1012.71,100,1012.5325,100
25776,0.59,0.22,0.37,37.98000000000002,13:16:37,1012.53,200,1012.74,100,1012.64,100
25829,0.56,0.27,0.29,11.779999999999998,13:17:11,1012.58,200,1012.82,100,1012.682,250
25853,0.6000000000000001,0.2,0.4,23.77000000000001,13:17:23,1012.6,200,1012.81,100,1012.7193,100
25881,0.43,0.07,0.36,39.37000000000002,13:17:39,1012.45,100,1012.79,100,1012.6075,100
25905,0.59,0.08,0.51,0.0,13:18:00,1012.36,100,1012.81,200,1012.4028,100
26022,0.59,0.18,0.41,11.139999999999997,13:19:11,1012.26,100,1012.52,100,1012.4119999999999,250
26039,0.44,0.13,0.31,20.979999999999993,13:19:20,1012.24,100,1012.79,100,1012.4553,100
26069,0.6,0.09,0.51,37.38,13:19:37,1012.28,100,1012.79,100,1012.4988,145
26122,0.6000000000000001,0.07,0.53,22.98,13:20:22,1012.36,200,1012.71,200,1012.558,300
26511,2.37,1.09,1.28,18.56,13:25:18,1012.09,300,1012.32,100,1012.205,100
26536,1.19,0.23,0.96,47.6,13:25:47,1012.09,200,1012.3,100,1012.145,100
26538,1.17,0.22,0.95,49.970000000000006,13:25:49,1011.82,100,1012.2,100,1012.09,169
26603,1.22,0.09,1.13,0.0,13:27:00,1011.5,100,1011.75,100,1011.6111,200
26709,1.01,0.07,0.94,9.41,13:29:09,1011.6,100,1012.15,200,1011.8365,132
27012,1.1800000000000002,0.1,1.08,0.0,13:36:00,1011.75,200,1011.99,300,1011.8691,200
27025,1.1900000000000002,0.07,1.12,15.81,13:36:15,1011.75,200,1012.04,200,1011.8939,200
27159,1.2,0.15,1.05,0.0,13:39:00,1011.29,100,1011.6,400,1011.4636,200
27228,1.2,0.07,1.13,12.989999999999998,13:41:12,1011.48,200,1011.71,300,1011.595,100
27254,1.3800000000000001,0.08,1.3,0.0,13:42:00,1011.83,200,1012.56,200,1011.8602,300
27267,1.03,0.08,0.95,18.0,13:42:18,1011.84,100,1012.11,100,1012.075,100
27271,1.42,0.19,1.23,23.61,13:42:23,1011.84,100,1012.11,100,1012.08,100
27342,0.97,0.29,0.68,30.009999999999998,13:43:30,1011.7,300,1012.11,300,1011.9255,100
27431,1.21,0.18,1.03,0.0,13:45:00,1011.77,200,1012.1,100,1011.9185,300
27439,1.01,0.07,0.94,9.61,13:45:09,1011.77,200,1012.1,100,1011.7701,100
27528,1.02,0.18,0.84,28.6,13:47:28,1011.76,100,1011.98,200,1011.8649,100
27582,0.81,0.07,0.74,39.400000000000006,13:48:39,1011.29,100,1011.69,100,1011.4642,300
27591,0.97,0.08,0.89,47.37,13:48:47,1011.29,100,1011.68,200,1011.5045,100
27651,1.0,0.19,0.81,15.790000000000003,13:49:15,1011.29,100,1011.68,100,1011.3328,130
27735,1.21,0.07,1.14,11.010000000000002,13:51:11,1011.29,100,1011.56,300,1011.3753,100
27825,0.99,0.2,0.79,0.0,13:53:00,1011.17,100,1011.44,100,1011.2719999999999,150
27918,1.1800000000000002,0.07,1.11,49.78,13:54:49,1011.01,100,1011.15,100,1011.15,100
27984,1.0,0.07,0.93,16.189999999999998,13:56:16,1010.94,100,1011.09,100,1010.99,100
27999,0.98,0.08,0.9,30.179999999999993,13:56:30,1010.76,100,1011.11,200,1011.1089999999999,100
28081,0.99,0.17,0.82,0.0,13:58:00,1010.69,100,1010.86,100,1010.775,100
28091,3.21,2.0,1.21,18.81,13:58:18,1010.68,200,1010.86,200,1010.7,100
28092,1.2,0.07,1.13,20.009999999999998,13:58:20,1010.68,100,1010.87,100,1010.765,100
28127,1.02,0.07,0.95,2.21,13:59:02,1010.37,100,1010.7,200,1010.535,100
28130,1.4,0.2,1.2,6.800000000000001,13:59:06,1010.35,200,1010.52,100,1010.4398,100
28131,1.2,0.07,1.13,8.0,13:59:08,1010.12,200,1010.4,100,1010.28,100
28139,1.1900000000000002,0.07,1.12,18.000000000000004,13:59:18,1010.15,100,1010.75,100,1010.44,100
28152,1.1800000000000002,0.07,1.11,33.77000000000001,13:59:33,1010.16,100,1010.56,200,1010.43,100
28185,1.0,0.07,0.93,0.0,14:00:00,1010.16,100,1010.56,100,1010.32,100
28188,0.81,0.07,0.74,2.79,14:00:02,1010.16,100,1010.56,100,1010.25,100
28211,0.81,0.17,0.64,27.000000000000004,14:00:27,1010.16,100,1010.55,100,1010.38,100
28230,1.19,0.21,0.98,0.0,14:01:00,1010.17,100,1010.55,100,1010.48,100
28231,3.0199999999999996,2.05,0.97,3.0199999999999996,14:01:03,1010.17,100,1010.55,100,1010.51,100
28233,2.21,1.4,0.81,6.209999999999999,14:01:06,1010.16,100,1010.45,100,1010.17,100
28234,0.81,0.07,0.74,7.02,14:01:07,1010.16,100,1010.45,100,1010.305,100
28247,1.0,0.07,0.93,19.770000000000003,14:01:19,1010.12,100,1010.45,300,1010.12,100
28262,1.37,0.4,0.97,37.37,14:01:37,1010.12,200,1010.33,100,1010.2175,100
28263,1.0,0.14,0.86,38.37,14:01:38,1010.12,200,1010.31,100,1010.29,100
28268,1.2,0.23,0.97,44.17000000000001,14:01:44,1010.21,100,1010.37,100,1010.245,100
28270,1.01,0.07,0.94,46.370000000000005,14:01:46,1010.21,200,1010.45,100,1010.45,100
28293,1.02,0.19,0.83,25.409999999999997,14:02:25,1010.01,200,1010.48,100,1010.22,100
28302,0.98,0.24,0.74,33.57999999999999,14:02:33,1010.03,100,1010.47,100,1010.365,100
28316,0.99,0.07,0.92,48.16999999999998,14:02:48,1010.03,100,1010.13,100,1010.14,191
28318,1.02,0.18,0.84,50.20999999999999,14:02:50,1010.03,100,1010.24,100,1010.13,100
28334,1.1800000000000002,0.07,1.11,8.79,14:03:08,1009.57,100,1010.15,300,1009.6709,100
28344,1.21,0.19,1.02,21.03,14:03:21,1009.57,100,1010.07,100,1010.069,500
28383,3.59,2.54,1.05,0.0,14:04:00,1009.63,100,1010.03,200,1009.63,100
28415,0.8200000000000001,0.07,0.75,32.44999999999999,14:04:32,1009.75,100,1009.97,200,1009.88,100
28422,0.8200000000000001,0.07,0.75,39.039999999999985,14:04:39,1009.57,100,1009.92,200,1009.747,100
28444,1.1800000000000002,0.08,1.1,25.59,14:05:25,1009.46,100,1009.7,100,1009.6999,113
28480,2.6,1.79,0.81,0.0,14:06:00,1009.54,200,1009.88,100,1009.79,100
28592,1.2,0.07,1.13,30.0,14:08:30,1009.77,100,1009.99,100,1009.872,300
28661,1.21,0.08,1.13,36.8,14:09:36,1009.65,100,1009.98,100,1009.735,325
28710,1.0,0.08,0.92,0.0,14:10:00,1009.79,100,1010.12,100,1010.01,100
28742,0.82,0.08,0.74,24.61,14:11:24,1009.87,200,1010.11,100,1009.946,182
28755,0.81,0.07,0.74,36.56,14:11:36,1009.93,100,1010.11,100,1010.1099,144
28761,0.81,0.14,0.67,41.95,14:11:41,1009.98,100,1010.16,100,1010.05,100
28810,0.81,0.07,0.74,42.01,14:12:42,1010.01,200,1010.15,200,1010.0101,317
28897,0.82,0.09,0.73,0.0,14:14:00,1009.78,200,1010.09,100,1009.94,100
28963,0.81,0.07,0.74,20.599999999999998,14:15:20,1009.71,100,1009.97,100,1009.72,100
28997,1.19,0.12,1.07,52.79999999999999,14:15:52,1009.51,300,1009.82,300,1009.5101,149
29035,1.2,0.19,1.01,15.200000000000001,14:16:15,1009.64,100,1009.82,200,1009.64,200
29055,0.81,0.14,0.67,0.0,14:17:00,1009.65,700,1009.89,200,1009.695,100
29110,1.22,0.38,0.84,8.77,14:18:08,1009.49,600,1009.89,500,1009.53,100
29207,0.97,0.14,0.83,49.41,14:19:49,1009.4,400,1009.72,100,1009.4119999999999,100
29278,0.45,0.07,0.38,35.27000000000001,14:20:35,1009.1,100,1009.39,200,1009.3,100
29282,0.62,0.21,0.41,37.670000000000016,14:20:37,1009.1,100,1009.44,100,1009.39,100
29285,0.5800000000000001,0.14,0.44,0.0,14:21:00,1009.1,100,1009.44,100,1009.23,100
29295,0.5700000000000001,0.07,0.5,5.760000000000001,14:21:05,1009.1,200,1009.44,100,1009.22,100
29368,0.62,0.14,0.48,56.19000000000003,14:21:56,1009.11,600,1009.3,100,1009.1884,700
29432,0.6,0.24,0.36,14.189999999999998,14:22:14,1008.9,100,1009.03,100,1008.91,100
29444,0.5900000000000001,0.25,0.34,20.36,14:22:20,1008.8,100,1009.03,100,1009.0299,600
29452,0.45,0.08,0.37,24.39,14:22:24,1008.91,100,1009.03,200,1009.03,100
29504,0.43000000000000005,0.09,0.34,3.4300000000000006,14:23:03,1008.8,100,1009.13,100,1008.87,100
29508,0.43,0.08,0.35,5.65,14:23:05,1008.8,100,1009.16,100,1008.8,100
29560,0.43,0.07,0.36,33.46,14:23:33,1008.71,100,1009.1,100,1008.725,150
29565,0.57,0.08,0.49,36.06,14:23:36,1008.71,100,1009.1,100,1008.85,100
29597,2.65,2.05,0.6,16.199999999999996,14:24:16,1008.71,200,1009.1,300,1008.985,100
29609,0.43,0.08,0.35,24.22,14:24:24,1008.71,200,1008.94,100,1008.71,100
29619,0.8,0.35,0.45,30.22,14:24:30,1008.73,100,1009.0,100,1008.92,100
29671,0.76,0.18,0.58,0.0,14:25:00,1008.91,200,1009.1,200,1009.1,152
29734,0.78,0.31,0.47,49.03000000000002,14:25:49,1008.71,100,1009.02,100,1008.79,100
29739,0.77,0.18,0.59,52.19000000000003,14:25:52,1008.71,100,1009.03,200,1008.83,100
29754,0.5900000000000001,0.07,0.52,0.0,14:26:00,1008.71,100,1009.03,200,1008.75,100
29790,0.61,0.18,0.43,29.95999999999999,14:26:29,1008.61,100,1009.01,100,1008.89,100
29816,0.43,0.07,0.36,43.769999999999996,14:26:43,1008.61,100,1009.01,200,1008.7,100
29860,0.61,0.25,0.36,6.4,14:27:06,1008.61,100,1008.97,200,1008.72,100
29881,0.6,0.18,0.42,18.41,14:27:18,1008.55,200,1008.97,300,1008.9699,1000
29926,0.64,0.18,0.46,0.0,14:28:00,1008.66,100,1008.97,300,1008.94,100
29967,0.66,0.2,0.46,34.42,14:28:34,1008.69,100,1008.87,100,1008.78,100
29997,0.59,0.08,0.51,53.80000000000003,14:28:53,1008.61,200,1008.87,200,1008.84,100
30043,0.5900000000000001,0.07,0.52,9.98,14:29:09,1008.62,100,1008.82,100,1008.77,195
30127,0.45,0.07,0.38,21.980000000000004,14:30:21,1008.81,100,1009.46,100,1008.97,100
30140,0.6,0.16,0.44,29.780000000000012,14:30:29,1008.9,100,1008.97,300,1008.9,100
30186,0.62,0.13,0.49,0.0,14:31:00,1008.86,700,1009.07,100,1008.975,100
30196,0.5700000000000001,0.07,0.5,5.93,14:31:05,1008.86,500,1009.07,200,1009.055,100
30216,2.16,1.68,0.48,20.369999999999997,14:31:20,1008.91,300,1009.07,100,1009.06,100
30228,0.44,0.13,0.31,27.419999999999998,14:31:27,1008.92,100,1009.04,100,1008.9675,100
30240,0.44,0.08,0.36,33.830000000000005,14:31:33,1008.84,100,1009.07,100,1009.047,100
30295,0.77,0.14,0.63,6.370000000000001,14:32:06,1008.84,300,1009.0,100,1009.02,100
30367,0.6000000000000001,0.07,0.53,0.0,14:33:00,1008.65,100,1008.98,100,1008.8018,150
30398,0.83,0.22,0.61,30.04,14:33:30,1008.66,100,1008.81,100,1008.685,100
30421,0.9299999999999999,0.2,0.73,48.580000000000005,14:33:48,1008.66,100,1008.91,100,1008.7688,100
30485,104.82,104.3,0.52,0.0,14:36:00,1008.7,100,1008.98,100,1008.9007,120
30565,0.6000000000000001,0.07,0.53,0.0,14:37:00,1008.61,200,1008.89,100,1008.69,100
30600,0.79,0.15,0.64,26.0,14:37:26,1008.61,200,1008.78,100,1008.61,100
30612,1.0,0.2,0.8,0.0,14:38:00,1008.5,1000,1008.72,100,1008.58,100
30623,0.5900000000000001,0.14,0.45,12.790000000000001,14:38:12,1008.51,800,1008.73,100,1008.57,100
30657,0.5900000000000001,0.07,0.52,37.19,14:38:37,1007.87,100,1008.54,100,1008.5,100
30670,0.64,0.09,0.55,45.80000000000002,14:38:45,1008.06,100,1008.41,100,1008.29,100
30706,2.99,2.35,0.64,0.0,14:39:00,1008.08,100,1008.41,100,1008.37,100
30707,0.77,0.23,0.54,0.77,14:39:00,1008.08,100,1008.41,100,1008.38,100
30708,0.6399999999999999,0.07,0.57,1.41,14:39:01,1008.09,100,1008.41,100,1008.09,100
30726,0.6,0.24,0.36,13.17,14:39:13,1008.39,100,1008.62,100,1008.39,163
30796,2.2,1.6,0.6,0.0,14:40:00,1008.2,100,1008.61,200,1008.2,100
30836,0.61,0.09,0.52,31.22,14:40:31,1008.09,100,1008.4,100,1008.23,100
30853,0.6499999999999999,0.07,0.58,43.22,14:40:43,1007.82,100,1008.44,100,1008.16,100
30862,0.58,0.08,0.5,0.0,14:41:00,1007.84,100,1008.38,200,1007.8829,200
30869,0.45,0.07,0.38,5.840000000000001,14:41:05,1007.85,100,1008.04,100,1007.99,100
30872,0.61,0.22,0.39,7.850000000000001,14:41:07,1007.82,200,1008.08,100,1008.08,100
30890,0.8300000000000001,0.28,0.55,24.629999999999995,14:41:24,1007.8,100,1008.3,400,1007.97,100
30911,0.6300000000000001,0.07,0.56,39.79,14:41:39,1007.8,100,1008.29,100,1007.945,100
30949,0.5900000000000001,0.07,0.52,0.0,14:42:00,1007.75,100,1008.06,100,1008.04,100
30954,0.74,0.24,0.5,4.59,14:42:04,1007.91,100,1008.3,200,1008.13,100
30962,0.6100000000000001,0.07,0.54,10.030000000000001,14:42:10,1008.08,200,1008.3,200,1008.275,100
31025,0.6000000000000001,0.07,0.53,0.0,14:43:00,1007.58,100,1008.0,100,1007.855,100
31027,0.46,0.08,0.38,1.06,14:43:01,1007.58,100,1007.97,100,1007.65,100
31088,0.63,0.19,0.44,41.80000000000002,14:43:41,1007.2,100,1007.51,200,1007.47,100
31091,0.5900000000000001,0.07,0.52,43.61000000000002,14:43:43,1007.3,100,1007.5,100,1007.33,100
31100,0.8,0.35,0.45,49.630000000000024,14:43:49,1007.34,100,1007.72,100,1007.48,100
31114,4.02,3.52,0.5,5.619999999999999,14:44:05,1007.46,200,1007.72,100,1007.71,100
31121,0.6000000000000001,0.07,0.53,10.029999999999998,14:44:10,1007.48,200,1007.72,200,1007.668,156
31142,0.64,0.17,0.47,24.220000000000002,14:44:24,1007.64,100,1007.82,500,1007.72,100
31152,0.61,0.08,0.53,31.370000000000008,14:44:31,1007.67,200,1007.82,500,1007.815,100
31164,0.82,0.13,0.69,40.39000000000001,14:44:40,1007.99,200,1008.18,100,1007.82,100
31175,0.6100000000000001,0.07,0.54,48.39000000000001,14:44:48,1008.14,100,1008.44,100,1008.24,100
31181,0.75,0.08,0.67,52.57000000000001,14:44:52,1008.16,100,1008.43,100,1008.27,100
31198,1.04,0.4,0.64,5.83,14:45:05,1007.82,100,1008.2,100,1008.02,100
31254,0.7899999999999999,0.08,0.71,50.02000000000002,14:45:50,1007.51,100,1008.03,100,1007.7,100
31280,0.62,0.27,0.35,0.0,14:46:00,1007.56,100,1007.93,100,1007.8927,100
31315,0.77,0.17,0.6,24.709999999999994,14:46:24,1007.67,100,1007.89,200,1007.76,100
31327,0.5800000000000001,0.07,0.51,32.919999999999995,14:46:32,1007.82,100,1008.07,300,1007.92,100
31339,0.62,0.08,0.54,41.139999999999986,14:46:41,1007.57,100,1008.0,100,1007.77,100
31386,0.5700000000000001,0.13,0.44,25.13,14:47:25,1007.55,100,1008.0,200,1007.75,100
31463,0.44,0.08,0.36,0.0,14:48:00,1007.66,100,1007.99,100,1007.66,100
31508,0.56,0.18,0.38,23.950000000000003,14:48:23,1007.43,100,1007.84,100,1007.64,100
31527,2.4,1.88,0.52,0.0,14:49:00,1007.5,100,1007.84,100,1007.51,250
31541,0.77,0.09,0.68,14.389999999999997,14:49:14,1007.37,100,1007.76,100,1007.6,159
31563,0.5800000000000001,0.07,0.51,28.209999999999994,14:49:28,1007.39,100,1007.73,100,1007.43,100
31589,0.43,0.07,0.36,42.029999999999994,14:49:42,1007.39,100,1007.73,100,1007.725,100
31607,0.6000000000000001,0.28,0.32,1.03,14:50:01,1007.5,300,1007.74,100,1007.68,100
31622,2.1799999999999997,1.39,0.79,20.590000000000003,14:50:20,1007.52,100,1008.06,300,1007.86,100
31643,0.79,0.2,0.59,36.2,14:50:36,1007.58,100,1007.92,100,1007.78,100
31663,0.79,0.12,0.67,51.970000000000006,14:50:51,1007.58,100,1007.92,100,1007.61,100
31666,0.79,0.24,0.55,54.370000000000005,14:50:54,1007.58,100,1007.92,100,1007.7992,156
31683,0.6100000000000001,0.07,0.54,0.0,14:51:00,1007.59,100,1007.92,100,1007.8,100
31694,2.81,2.15,0.66,14.57,14:51:14,1007.63,200,1008.06,400,1007.95,100
31718,0.6,0.24,0.36,32.0,14:51:32,1007.39,100,1007.86,200,1007.63,174
31776,3.17,2.64,0.53,0.0,14:52:00,1007.49,100,1008.0,100,1007.81,100
31841,0.43,0.08,0.35,37.41000000000001,14:52:37,1007.51,200,1007.93,100,1007.93,200
31871,0.43999999999999995,0.09,0.35,0.0,14:53:00,1007.78,200,1007.97,100,1007.8741,300
31906,0.78,0.07,0.71,22.719999999999995,14:53:22,1007.74,100,1008.12,100,1007.96,100
31923,0.6100000000000001,0.07,0.54,33.95,14:53:33,1007.75,100,1008.12,100,1008.11,100
32002,0.6499999999999999,0.07,0.58,12.37,14:54:12,1007.95,100,1008.12,200,1008.095,100
32037,0.7999999999999999,0.09,0.71,0.0,14:55:00,1008.05,100,1008.12,200,1008.05,100
32056,47.769999999999996,47.23,0.54,0.0,14:56:00,1008.62,100,1009.0,100,1008.96,100
32106,0.5900000000000001,0.07,0.52,33.22000000000001,14:56:33,1008.77,100,1009.39,100,1008.9464,976
32122,0.6100000000000001,0.07,0.54,0.0,14:57:00,1008.79,100,1009.39,100,1009.1128,100
32151,0.6000000000000001,0.07,0.53,23.050000000000004,14:57:23,1008.99,300,1009.25,200,1009.248,100
32252,0.5900000000000001,0.07,0.52,29.119999999999997,14:58:29,1009.07,200,1009.5,1100,1009.33,100
32259,0.75,0.07,0.68,33.51,14:58:33,1009.13,100,1009.5,1100,1009.225,100
32262,0.6000000000000001,0.14,0.46,35.339999999999996,14:58:35,1009.13,100,1009.5,1100,1009.3391,167
32265,0.79,0.34,0.45,37.339999999999996,14:58:37,1009.13,200,1009.5,1100,1009.2912,300
32313,0.8,0.27,0.53,10.38,14:59:10,1009.15,200,1009.42,200,1009.415,100
32319,0.45,0.08,0.37,14.02,14:59:14,1009.15,200,1009.41,100,1009.21,100
32366,0.5800000000000001,0.07,0.51,40.37000000000002,14:59:40,1009.2,100,1009.45,100,1009.445,100
32380,0.57,0.21,0.36,0.0,15:00:00,1009.26,100,1009.5,1100,1009.46,100
32514,0.8,0.18,0.62,22.970000000000002,15:01:22,1009.76,100,1010.38,100,1009.78,100
32520,0.62,0.14,0.48,27.19,15:01:27,1009.85,100,1010.21,200,1010.2282,300
32540,0.78,0.14,0.64,41.160000000000004,15:01:41,1009.49,100,1009.85,100,1009.73,100
32564,1.5899999999999999,1.01,0.58,12.21,15:02:12,1009.11,100,1009.77,100,1009.6593,100
32599,0.82,0.09,0.73,41.779999999999994,15:02:41,1009.16,100,1009.83,100,1009.47,100
32673,0.6300000000000001,0.07,0.56,32.239999999999995,15:03:32,1009.11,100,1009.39,100,1009.2319,100
32676,0.62,0.12,0.5,34.23,15:03:34,1009.11,100,1009.39,100,1009.2495,100
32690,0.94,0.07,0.87,0.0,15:04:00,1009.13,100,1009.44,100,1009.43,100
32706,0.76,0.07,0.69,13.599999999999998,15:04:13,1009.13,100,1009.45,100,1009.16,100
32723,0.45,0.07,0.38,27.469999999999995,15:04:27,1009.18,100,1009.63,100,1009.48,100
32804,0.56,0.07,0.49,7.5600000000000005,15:05:07,1009.19,100,1009.64,100,1009.3589999999999,100
32921,0.81,0.07,0.74,0.0,15:07:00,1009.44,100,1009.69,200,1009.685,100
32961,0.79,0.14,0.65,38.18000000000001,15:07:38,1009.41,100,1009.62,100,1009.5162,200
33005,0.84,0.22,0.62,0.84,15:08:00,1009.42,100,1009.62,100,1009.6028,100
33013,0.81,0.07,0.74,8.440000000000001,15:08:08,1009.41,200,1009.78,100,1009.6512,750
33037,0.9299999999999999,0.24,0.69,26.82,15:08:26,1009.54,100,1009.78,200,1009.58,100
33086,2.01,1.64,0.37,5.22,15:09:05,1009.33,100,1009.75,100,1009.34,100
33267,0.44,0.07,0.37,0.0,15:11:00,1009.08,200,1009.42,100,1009.31,100
33288,0.5900000000000001,0.27,0.32,12.399999999999999,15:11:12,1009.29,100,1009.5,100,1009.4999,108
33322,0.6300000000000001,0.07,0.56,0.0,15:12:00,1009.0,100,1009.39,100,1009.2094,300
33486,0.6,0.21,0.39,18.279999999999998,15:13:18,1009.17,100,1009.26,100,1009.2216,300
33606,1.02,0.47,0.55,1.8,15:15:01,1009.03,100,1009.29,200,1009.13,186
33619,0.6,0.13,0.47,15.989999999999998,15:15:15,1009.02,200,1009.29,200,1009.025,200
33711,0.59,0.08,0.51,11.4,15:16:11,1008.81,100,1009.01,200,1008.9110000000001,150
33784,0.63,0.19,0.44,0.0,15:17:00,1008.85,100,1009.04,100,1008.945,100
33819,0.62,0.14,0.48,28.220000000000013,15:17:28,1008.86,100,1008.95,100,1008.86,100
33877,0.43,0.14,0.29,0.0,15:18:00,1008.5,100,1008.91,100,1008.74,100
33884,0.43,0.07,0.36,3.9900000000000007,15:18:03,1008.5,100,1008.82,100,1008.6,100
33903,0.76,0.34,0.42,15.999999999999998,15:18:15,1008.5,200,1008.72,100,1008.66,100
33910,0.5900000000000001,0.07,0.52,20.200000000000003,15:18:20,1008.5,200,1008.75,200,1008.6114,100
33954,3.53,2.8,0.73,0.0,15:19:00,1008.53,200,1008.75,100,1008.63,121
33962,0.5900000000000001,0.14,0.45,8.24,15:19:08,1008.54,200,1008.75,100,1008.65,100
33977,0.7799999999999999,0.21,0.57,18.45,15:19:18,1008.55,400,1008.75,100,1008.64,100
34014,0.5700000000000001,0.07,0.5,42.02000000000003,15:19:42,1008.21,300,1008.51,200,1008.53,100
34018,0.61,0.26,0.35,44.22000000000003,15:19:44,1008.21,300,1008.5,100,1008.45,100
34032,0.76,0.29,0.47,0.0,15:20:00,1008.23,100,1008.75,100,1008.56,100
34118,0.6000000000000001,0.07,0.53,0.0,15:21:00,1008.3,400,1008.52,100,1008.4,100
34119,0.61,0.18,0.43,0.61,15:21:00,1008.34,100,1008.64,100,1008.52,100
34185,0.75,0.4,0.35,46.64000000000002,15:21:46,1008.46,100,1008.8,100,1008.47,100
34238,0.59,0.21,0.38,29.179999999999996,15:22:29,1008.43,100,1008.88,100,1008.46,100
34339,0.9299999999999999,0.41,0.52,33.00000000000001,15:23:33,1008.32,100,1008.64,100,1008.43,100
34352,0.47000000000000003,0.13,0.34,41.06,15:23:41,1008.21,100,1008.59,100,1008.44,100
34367,0.6,0.08,0.52,1.98,15:24:01,1008.21,100,1008.56,100,1008.34,100
34432,0.61,0.18,0.43,52.03,15:24:52,1008.02,100,1008.46,100,1008.19,100
34439,0.76,0.08,0.68,56.59,15:24:56,1008.0,200,1008.26,100,1008.03,100
34452,0.82,0.24,0.58,2.1999999999999997,15:25:02,1008.0,200,1008.2,100,1008.18,100
34538,0.79,0.35,0.44,0.0,15:26:00,1007.84,100,1008.08,100,1008.06,100
34544,0.59,0.21,0.38,3.38,15:26:03,1007.84,100,1008.19,100,1008.1,100
34614,0.66,0.21,0.45,53.370000000000005,15:26:53,1007.59,100,1008.03,100,1007.8539999999999,100
34722,0.58,0.08,0.5,9.799999999999999,15:28:09,1007.5,100,1007.83,100,1007.795,100
34732,3.39,2.77,0.62,18.81,15:28:18,1007.37,300,1007.83,100,1007.37,100
34753,0.61,0.18,0.43,31.64000000000001,15:28:31,1007.43,100,1007.83,100,1007.625,100
34763,0.62,0.16,0.46,38.18000000000001,15:28:38,1007.19,100,1007.77,300,1007.8199,600
34834,0.8200000000000001,0.19,0.63,28.800000000000004,15:29:28,1007.68,100,1007.98,100,1007.5,100
34854,0.99,0.15,0.84,46.82000000000002,15:29:46,1007.5,100,1008.0,100,1007.505,100
34871,2.96,2.24,0.72,0.0,15:30:00,1007.51,100,1007.88,100,1007.695,100
34875,3.85,2.77,1.08,9.45,15:30:09,1007.51,100,1007.86,100,1007.685,150
34881,0.81,0.18,0.63,15.23,15:30:15,1007.54,100,1007.84,100,1007.632,100
34899,0.6,0.08,0.52,28.599999999999998,15:30:28,1007.57,100,1007.67,100,1007.58,100
34902,0.62,0.08,0.54,30.42,15:30:30,1007.54,100,1007.9,100,1007.59,100
34905,0.6,0.09,0.51,32.39,15:30:32,1007.54,100,1007.9,300,1007.865,100
34916,0.6399999999999999,0.07,0.57,40.22,15:30:40,1007.6,100,1007.84,100,1007.62,100
34945,1.59,1.09,0.5,7.98,15:31:07,1007.51,200,1007.75,100,1007.55,100
34947,4.39,3.79,0.6,12.989999999999998,15:31:12,1007.51,100,1007.75,100,1007.56,100
34966,0.65,0.23,0.42,25.789999999999996,15:31:25,1007.52,200,1007.76,200,1007.52,100
35037,0.43,0.08,0.35,0.0,15:32:00,1007.88,200,1008.0,100,1007.89,100
35053,0.59,0.21,0.38,10.16,15:32:10,1007.96,300,1008.0,200,1008.0,100
35095,0.43,0.07,0.36,36.16000000000001,15:32:36,1007.84,200,1008.24,400,1008.14,100
35099,0.5800000000000001,0.14,0.44,38.330000000000005,15:32:38,1007.84,200,1008.24,500,1007.98,100
35121,3.0,2.47,0.53,5.35,15:33:05,1007.84,200,1008.14,100,1007.995,100
35203,0.61,0.14,0.47,0.0,15:34:00,1007.93,100,1008.17,100,1008.165,100
35263,0.58,0.23,0.35,42.17000000000001,15:34:42,1008.09,100,1008.33,200,1008.205,100
35315,0.43,0.07,0.36,2.24,15:35:02,1008.25,100,1008.5,500,1008.3531,100
35333,0.44,0.07,0.37,12.059999999999999,15:35:12,1008.14,100,1008.5,600,1008.33,100
35337,0.56,0.07,0.49,14.219999999999999,15:35:14,1008.15,100,1008.5,600,1008.445,100
35482,0.45,0.12,0.33,0.0,15:37:00,1008.02,100,1008.33,100,1008.175,100
35497,0.61,0.18,0.43,17.769999999999996,15:37:17,1008.17,100,1008.48,100,1008.48,100
35568,3.61,3.03,0.58,0.0,15:38:00,1008.34,200,1008.48,100,1008.41,100
35582,0.6200000000000001,0.07,0.55,8.6,15:38:08,1008.37,100,1008.73,100,1008.51,100
35586,0.5900000000000001,0.07,0.52,11.379999999999999,15:38:11,1008.37,200,1008.73,200,1008.6999,500
35650,2.39,1.95,0.44,0.0,15:39:00,1008.48,400,1008.81,100,1008.81,100
35654,3.38,2.83,0.55,6.41,15:39:06,1008.62,100,1009.21,100,1008.8888,400
35655,0.42,0.07,0.35,6.83,15:39:06,1008.62,200,1009.21,100,1008.73,100
35662,0.57,0.08,0.49,12.01,15:39:12,1008.62,200,1009.21,100,1008.8775,100
35677,0.5700000000000001,0.07,0.5,20.029999999999998,15:39:20,1008.62,200,1009.21,100,1008.68,100
35699,0.56,0.07,0.49,32.19,15:39:32,1008.63,300,1009.23,100,1008.6301,1000
35709,0.63,0.25,0.38,37.82,15:39:37,1008.63,300,1009.23,200,1008.6379,100
35716,0.6000000000000001,0.14,0.46,42.03999999999999,15:39:42,1008.7,200,1009.14,100,1008.9859,500
35723,0.5900000000000001,0.27,0.32,46.07,15:39:46,1008.7,200,1009.05,100,1008.8575,100
35842,0.44,0.07,0.37,11.810000000000002,15:41:11,1008.17,100,1008.55,100,1008.32,100
35864,0.63,0.27,0.36,24.220000000000006,15:41:24,1008.2,100,1008.55,100,1008.3775,100
35900,0.78,0.07,0.71,2.38,15:42:02,1007.92,300,1008.38,100,1008.22,100
35926,0.94,0.19,0.75,30.359999999999996,15:42:30,1007.75,100,1008.0,200,1007.87,100
35939,0.8,0.27,0.53,39.93999999999999,15:42:39,1007.75,100,1007.96,100,1007.79,100
35977,0.61,0.17,0.44,0.0,15:43:00,1007.58,200,1007.8,100,1007.73,100
35992,2.94,2.4,0.54,10.370000000000001,15:43:10,1007.75,100,1008.07,100,1008.07,100
36040,0.6,0.17,0.43,38.169999999999995,15:43:38,1007.76,300,1008.1,100,1007.94,100
36074,0.43000000000000005,0.1,0.33,4.81,15:44:04,1007.94,100,1008.14,100,1008.12,100
36089,0.62,0.2,0.42,17.799999999999997,15:44:17,1007.9,200,1008.04,100,1007.91,100
36125,0.6599999999999999,0.08,0.58,40.000000000000014,15:44:40,1007.94,100,1008.15,300,1008.045,100
36128,0.82,0.24,0.58,42.40000000000001,15:44:42,1007.94,100,1008.15,300,1008.0601,100
36182,0.62,0.23,0.39,22.389999999999997,15:45:22,1008.08,100,1008.24,100,1008.1202,100
36245,0.65,0.13,0.52,59.63,15:45:59,1007.97,100,1008.14,100,1008.01,100
36258,2.02,1.5,0.52,0.0,15:46:00,1008.08,200,1008.2,100,1008.17,100
36262,0.7799999999999999,0.21,0.57,3.19,15:46:03,1007.97,100,1008.2,100,1008.125,100
36280,0.62,0.14,0.48,15.590000000000002,15:46:15,1008.01,300,1008.28,100,1008.21,100
36292,0.77,0.22,0.55,23.390000000000008,15:46:23,1008.07,100,1008.28,100,1008.1557,100
36306,0.74,0.18,0.56,33.550000000000004,15:46:33,1008.15,200,1008.35,100,1008.15,100
36311,0.8200000000000001,0.17,0.65,37.78,15:46:37,1008.15,300,1008.46,400,1008.26,100
36426,5.03,4.49,0.54,9.600000000000001,15:48:09,1007.9,100,1008.14,200,1007.985,100
36456,0.63,0.23,0.4,31.98999999999999,15:48:31,1007.59,100,1008.06,100,1007.84,131
36462,0.59,0.11,0.48,35.60999999999999,15:48:35,1007.85,100,1008.1,100,1007.825,100
36484,0.58,0.08,0.5,51.95999999999999,15:48:51,1007.83,200,1008.1,100,1007.965,100
36591,0.6,0.18,0.42,4.0,15:50:04,1007.28,100,1007.8,100,1007.5199,110
36603,2.18,1.54,0.64,16.770000000000003,15:50:16,1007.26,100,1007.53,100,1007.28,100
36609,0.8,0.07,0.73,22.570000000000007,15:50:22,1007.26,100,1007.52,200,1007.26,100
36611,0.8,0.4,0.4,24.01000000000001,15:50:24,1007.26,100,1007.51,100,1007.29,100
36624,0.61,0.23,0.38,32.19000000000001,15:50:32,1007.06,200,1007.25,100,1007.1,100
36632,0.81,0.17,0.64,38.180000000000014,15:50:38,1007.24,200,1007.5,400,1007.49,125
36640,0.85,0.13,0.72,44.42000000000002,15:50:44,1007.11,100,1007.5,600,1007.11,100
36650,0.77,0.18,0.59,53.990000000000016,15:50:53,1007.2,100,1007.5,500,1007.2134,302
36661,0.94,0.24,0.7,1.76,15:51:01,1007.2,100,1007.4,200,1007.31,100
36669,0.6100000000000001,0.07,0.54,9.559999999999999,15:51:09,1007.21,200,1007.46,100,1007.3,100
36674,2.0100000000000002,1.35,0.66,14.569999999999999,15:51:14,1007.21,200,1007.45,100,1007.22,100
36697,0.77,0.07,0.7,31.949999999999992,15:51:31,1007.46,100,1007.61,200,1007.5260000000001,300
36699,0.8,0.24,0.56,33.76999999999999,15:51:33,1007.45,300,1007.54,100,1007.46,100
36701,0.64,0.09,0.55,35.35999999999999,15:51:35,1007.45,300,1007.59,100,1007.54,100
36743,4.81,4.34,0.47,11.36,15:52:11,1007.54,500,1007.75,100,1007.6576,150
36753,0.77,0.25,0.52,21.729999999999997,15:52:21,1007.11,100,1007.64,100,1007.38,100
36756,0.85,0.22,0.63,24.189999999999998,15:52:24,1007.06,100,1007.4,100,1007.13,100
36785,0.5900000000000001,0.2,0.39,43.80000000000002,15:52:43,1007.06,200,1007.3,400,1007.06,100
36796,0.5900000000000001,0.07,0.52,51.58000000000003,15:52:51,1007.1,100,1007.3,400,1007.2999,107
36819,0.76,0.08,0.68,0.0,15:53:00,1007.09,100,1007.17,200,1007.135,100
36825,2.2199999999999998,1.75,0.47,6.43,15:53:06,1007.09,100,1007.17,300,1007.14,200
36829,0.62,0.08,0.54,12.02,15:53:12,1007.17,100,1007.35,200,1007.2,100
36832,0.7899999999999999,0.08,0.71,14.229999999999999,15:53:14,1007.23,200,1007.45,100,1007.44,100
36847,0.6399999999999999,0.07,0.57,24.250000000000004,15:53:24,1007.43,100,1007.57,100,1007.4311,100
36850,0.78,0.25,0.53,26.630000000000006,15:53:26,1007.52,100,1007.67,100,1007.57,100
36852,0.6399999999999999,0.07,0.57,28.020000000000007,15:53:28,1007.56,100,1007.77,100,1007.655,100
36857,0.77,0.07,0.7,32.00000000000001,15:53:32,1007.35,200,1007.67,100,1007.5147,100
36865,0.74,0.07,0.67,37.97,15:53:37,1007.17,100,1007.53,100,1007.42,100
36881,0.7799999999999999,0.21,0.57,48.37000000000001,15:53:48,1007.17,200,1007.53,200,1007.5299,100
36895,0.63,0.08,0.55,0.0,15:54:00,1007.17,400,1007.53,300,1007.3617,255
36911,0.6,0.24,0.36,12.229999999999999,15:54:12,1007.36,200,1007.63,200,1007.53,100
36939,0.79,0.15,0.64,28.81,15:54:28,1007.45,300,1007.68,200,1007.565,100
36956,0.95,0.07,0.88,41.0,15:54:41,1007.19,100,1007.48,200,1007.16,100
36961,0.78,0.2,0.58,44.64,15:54:44,1007.19,100,1007.48,400,1007.45,100
36966,0.78,0.24,0.54,48.63,15:54:48,1007.2,100,1007.48,300,1007.4799,113
37069,0.6,0.17,0.43,15.209999999999999,15:56:15,1007.51,200,1007.79,200,1007.7787,107
37112,0.63,0.22,0.41,40.66000000000002,15:56:40,1007.86,400,1008.17,100,1008.015,100
37142,0.78,0.17,0.61,4.17,15:57:04,1007.75,100,1007.89,300,1007.83,100
37157,1.01,0.37,0.64,19.06,15:57:19,1007.43,100,1007.68,100,1007.5611,475
37170,0.8600000000000001,0.18,0.68,29.860000000000003,15:57:29,1007.47,200,1007.63,200,1007.67,100
37179,1.03,0.35,0.68,4.23,15:59:04,1007.69,100,1007.84,300,1007.8099,104
37185,2.19,1.61,0.58,9.8,15:59:09,1007.62,200,1007.81,100,1007.715,100
37196,0.78,0.19,0.59,18.560000000000002,15:59:18,1007.57,100,1007.8,100,1007.69,100
37216,0.7999999999999999,0.22,0.58,32.17,15:59:32,1007.57,100,1007.9,100,1007.74,100
37243,0.6,0.13,0.47,50.38000000000002,15:59:50,1007.4,200,1007.88,200,1007.4,100
