,Total Delay,Request Delay,Saving Delay,Arrival Time,Time,Bid,Bid Size,Ask,Ask Size,Last Price,Last Size
0,0.6499999999999999,0.3,0.35,0.6499999999999999,09:30:00,80.05,200,80.51,100,80.12,100
69,0.42,0.21,0.21,0.0,09:31:00,80.07,100,80.51,100,80.07,100
71,0.37,0.18,0.19,2.74,09:31:02,80.07,200,80.51,100,80.29,100
138,0.38,0.07,0.31,30.110000000000007,09:31:30,80.08,200,80.51,200,80.105,100
156,0.48,0.21,0.27,38.17,09:31:38,80.08,100,80.51,200,80.295,100
202,2.2199999999999998,2.03,0.19,0.0,09:32:00,80.08,200,80.5,200,80.08,100
241,0.26,0.09,0.17,13.4,09:32:13,80.09,400,80.48,100,80.115,100
246,0.36,0.18,0.18,15.240000000000002,09:32:15,80.09,400,80.48,100,80.285,100
350,3.75,3.46,0.29,0.0,09:33:00,80.1,100,80.35,200,80.1,100
375,0.32,0.15,0.17,14.729999999999997,09:33:14,80.05,200,80.22,100,80.19,100
417,0.39,0.2,0.19,28.689999999999998,09:33:28,80.02,100,80.18,100,80.03,100
503,0.44,0.22,0.22,0.0,09:34:00,80.0,500,80.16,200,80.01,100
522,0.33,0.07,0.26,16.43,09:34:16,80.0,400,80.16,200,80.0,100
617,3.8,3.55,0.25,4.29,09:35:04,79.96,200,80.11,100,80.035,100
622,3.44,3.13,0.31,9.25,09:35:09,79.96,200,80.1,100,79.96,100
647,0.43000000000000005,0.16,0.27,24.23,09:35:24,80.08,300,80.27,100,80.2,100
653,0.44,0.22,0.22,26.300000000000004,09:35:26,80.08,500,80.35,100,80.27,100
657,0.54,0.28,0.26,28.21,09:35:28,80.08,800,80.35,100,80.215,100
701,0.26,0.08,0.18,44.260000000000005,09:35:44,80.22,200,80.38,200,80.3,137
785,0.42,0.21,0.21,7.850000000000001,09:36:07,80.25,100,80.35,300,80.26,100
816,0.5,0.19,0.31,21.009999999999994,09:36:21,80.27,200,80.43,200,80.35,100
822,0.30000000000000004,0.07,0.23,23.529999999999994,09:36:23,80.28,1100,80.46,100,80.28,100
846,0.75,0.21,0.54,33.97,09:36:33,80.3,500,80.47,100,80.385,100
944,0.43,0.08,0.35,0.0,09:37:00,80.33,100,80.47,100,80.4,100
959,0.48,0.21,0.27,5.709999999999999,09:37:05,80.34,300,80.48,100,80.405,100
965,0.42,0.18,0.24,7.7799999999999985,09:37:07,80.34,400,80.48,100,80.3918,148
1137,0.31,0.08,0.23,0.0,09:39:00,80.35,400,80.46,100,80.45,100
1142,0.37,0.18,0.19,1.8000000000000003,09:39:01,80.35,400,80.46,100,80.46,100
1207,0.38,0.07,0.31,32.21,09:39:32,80.37,100,80.49,100,80.48,100
1216,0.49,0.22,0.27,36.27000000000002,09:39:36,80.37,200,80.48,100,80.375,100
1543,0.42000000000000004,0.22,0.2,0.0,09:42:00,80.48,100,80.57,100,80.5,100
1566,0.41000000000000003,0.09,0.32,18.380000000000003,09:42:18,80.49,100,80.61,100,80.6,100
1577,0.48,0.17,0.31,24.02,09:42:24,80.52,200,80.65,100,80.61,100
1586,0.48,0.19,0.29,27.779999999999994,09:42:27,80.53,100,80.62,100,80.53,100
1595,0.7,0.24,0.46,31.999999999999993,09:42:31,80.52,100,80.65,100,80.525,200
1606,0.48,0.22,0.26,36.20999999999999,09:42:36,80.48,400,80.54,100,80.52,100
1804,0.33999999999999997,0.15,0.19,0.0,09:44:00,80.48,200,80.62,100,80.55,100
1832,0.35,0.1,0.25,13.97,09:44:13,80.49,200,80.62,100,80.59,100
1969,5.109999999999999,4.93,0.18,9.59,09:45:09,80.36,700,80.46,100,80.36,100
1970,1.2,0.89,0.31,10.79,09:45:10,80.36,300,80.46,100,80.365,100
2110,0.37,0.1,0.27,0.0,09:46:00,80.5,200,80.56,100,80.56,100
2328,0.3,0.09,0.21,23.099999999999998,09:47:23,80.5,300,80.64,200,80.54,100
2453,0.43000000000000005,0.23,0.2,0.0,09:48:00,80.49,200,80.6,200,80.545,500
2605,0.43,0.18,0.25,23.550000000000008,09:49:23,80.45,100,80.55,100,80.47,100
2654,0.33,0.08,0.25,0.0,09:50:00,80.42,100,80.5,200,80.44,100
2703,0.34,0.14,0.2,26.99,09:50:26,80.38,100,80.48,100,80.42,100
3075,0.6,0.23,0.37,0.0,09:53:00,80.34,300,80.37,100,80.37,100
3085,0.29000000000000004,0.09,0.2,3.8600000000000003,09:53:03,80.3,100,80.35,100,80.355,100
3088,0.42,0.18,0.24,7.75,09:53:07,80.25,200,80.35,200,80.31,100
3201,0.36,0.2,0.16,49.74999999999996,09:53:49,80.28,300,80.38,100,80.34,100
3254,0.35,0.18,0.17,21.920000000000005,09:54:21,80.32,400,80.41,300,80.41,136
3657,0.38,0.09,0.29,0.0,09:57:00,80.33,200,80.37,100,80.38,200
3667,3.57,3.32,0.25,6.92,09:57:06,80.34,100,80.45,100,80.3687,190
3673,3.0,2.75,0.25,12.82,09:57:12,80.34,100,80.45,100,80.43,100
3784,0.37,0.19,0.18,54.12999999999999,09:57:54,80.36,200,80.43,100,80.395,100
4353,0.35,0.18,0.17,0.0,10:02:00,80.32,300,80.4,200,80.3776,141
4373,5.0600000000000005,4.79,0.27,12.71,10:02:12,80.3,200,80.39,100,80.32,100
4381,0.76,0.5,0.26,20.900000000000002,10:02:20,80.3,400,80.38,100,80.335,100
4456,0.42000000000000004,0.23,0.19,45.97000000000003,10:02:45,80.31,100,80.36,100,80.33,100
4462,0.56,0.25,0.31,48.28000000000003,10:02:48,80.27,500,80.34,100,80.315,100
5026,0.28,0.08,0.2,24.04999999999999,10:06:24,80.29,200,80.37,100,80.3575,100
5462,168.17,168.0,0.17,0.0,10:12:00,80.47,100,80.54,100,80.49,100
5463,0.26,0.1,0.16,0.26,10:12:00,80.47,200,80.53,100,80.505,25000
5477,0.24000000000000002,0.07,0.17,4.23,10:12:04,80.5,100,80.57,100,80.57,100
5498,0.33,0.08,0.25,10.53,10:12:10,80.55,100,80.61,100,80.62,100
5513,0.44,0.19,0.25,16.490000000000002,10:12:16,80.59,100,80.67,100,80.63,500
5523,0.45,0.22,0.23,20.400000000000006,10:12:20,80.61,100,80.66,100,80.65,100
5534,0.44,0.24,0.2,24.31000000000001,10:12:24,80.66,100,80.73,100,80.69,100
5557,0.35000000000000003,0.07,0.28,0.0,10:13:00,80.67,300,80.74,200,80.73,100
5561,1.9400000000000002,1.6,0.34,6.830000000000001,10:13:06,80.69,200,80.74,200,80.74,100
5608,0.47,0.23,0.24,28.04,10:13:28,80.69,100,80.72,100,80.71,100
5640,0.30000000000000004,0.07,0.23,39.85000000000002,10:13:39,80.71,100,80.77,200,80.72,100
5651,0.42000000000000004,0.19,0.23,43.89000000000002,10:13:43,80.73,100,80.82,200,80.79,100
5664,0.38,0.21,0.17,47.99000000000002,10:13:47,80.79,200,80.88,100,80.82,100
5676,0.35,0.19,0.16,51.95000000000003,10:13:51,80.85,200,80.93,300,80.93,400
5683,0.27,0.1,0.17,53.88000000000004,10:13:53,80.85,300,80.93,400,80.92,100
5737,0.44000000000000006,0.27,0.17,0.0,10:14:00,80.82,100,80.87,200,80.85,100
5805,0.24000000000000002,0.07,0.17,21.819999999999997,10:14:21,80.8,300,80.86,100,80.86,600
5868,0.68,0.22,0.46,1.48,10:15:01,80.9,100,80.95,100,80.9,100
6037,0.26,0.07,0.19,0.0,10:16:00,80.91,300,80.94,100,80.935,100
6099,0.33,0.08,0.25,20.16999999999999,10:16:20,80.87,100,80.93,400,80.89,100
6133,0.33,0.08,0.25,31.889999999999986,10:16:31,80.82,100,80.9,100,80.87,100
6334,0.3,0.08,0.22,6.3,10:19:06,80.77,200,80.84,100,80.805,100
6411,0.36000000000000004,0.08,0.28,34.42,10:19:34,80.78,200,80.84,200,80.81,100
6536,34.309999999999995,34.08,0.23,0.0,10:21:00,80.88,400,80.95,100,80.915,100
6735,0.52,0.17,0.35,0.0,10:23:00,80.85,100,80.9,400,80.85300000000001,100
6737,4.74,4.41,0.33,5.3500000000000005,10:23:05,80.85,100,80.89,300,80.8508,100
6738,0.53,0.24,0.29,5.880000000000001,10:23:05,80.81,100,80.87,200,80.83,100
6957,0.61,0.25,0.36,38.56000000000001,10:24:38,80.85,100,80.9,100,80.88,100
7185,37.42,37.15,0.27,0.0,10:27:00,80.87,100,80.9,100,80.885,100
7211,0.41000000000000003,0.16,0.25,8.900000000000002,10:27:08,80.86,100,80.93,100,80.91,100
7318,0.31,0.12,0.19,23.68,10:28:23,80.79,100,80.84,300,80.8,100
7330,0.30000000000000004,0.1,0.2,27.710000000000004,10:28:27,80.78,200,80.84,200,80.84,100
7394,0.26,0.07,0.19,50.13000000000001,10:28:50,80.68,300,80.73,200,80.7,100
7571,0.55,0.24,0.31,0.0,10:30:00,80.58,200,80.68,300,80.58,100
7756,0.32,0.11,0.21,25.720000000000006,10:31:25,80.59,300,80.66,500,80.625,100
7851,0.41000000000000003,0.23,0.18,0.0,10:33:00,80.59,400,80.65,800,80.6237,200
8115,0.5900000000000001,0.19,0.4,16.29,10:35:16,80.63,100,80.68,100,80.64,100
8224,0.5800000000000001,0.07,0.51,46.24,10:36:46,80.6,200,80.64,300,80.6068,200
8353,0.6000000000000001,0.07,0.53,21.8,10:38:21,80.64,400,80.72,100,80.68,100
8409,1.01,0.13,0.88,56.63999999999999,10:38:56,80.64,300,80.71,100,80.675,100
8428,2.44,1.92,0.52,16.200000000000003,10:39:16,80.59,300,80.64,100,80.615,100
8446,0.95,0.22,0.73,30.16,10:39:30,80.53,200,80.64,400,80.575,100
8464,0.6300000000000001,0.07,0.56,42.190000000000005,10:39:42,80.53,300,80.63,200,80.535,100
8737,0.63,0.2,0.43,50.46000000000001,10:42:50,80.68,200,80.75,200,80.715,100
8772,1.19,0.7,0.49,13.629999999999999,10:43:13,80.65,100,80.7,500,80.6683,150
9065,0.5900000000000001,0.07,0.52,0.0,10:46:00,80.72,100,80.78,300,80.78,100
9113,4.0,3.48,0.52,0.0,10:47:00,80.67,200,80.77,500,80.77,100
9430,0.5800000000000001,0.26,0.32,0.0,10:50:00,80.65,100,80.76,200,80.76,100
9456,0.44,0.07,0.37,14.409999999999998,10:50:14,80.64,200,80.74,400,80.66,100
10034,0.5900000000000001,0.27,0.32,0.0,10:59:00,80.7,100,80.76,200,80.735,100
10057,0.5700000000000001,0.07,0.5,12.17,10:59:12,80.7,100,80.76,200,80.75,100
10256,135.06,134.46,0.6,0.0,11:03:00,80.75,100,80.82,200,80.7962,172
11062,0.78,0.15,0.63,2.62,11:13:02,80.83,200,80.9,400,80.865,100
11251,0.5800000000000001,0.18,0.4,0.0,11:17:00,80.91,100,80.96,100,80.96,100
11272,0.61,0.18,0.43,12.38,11:17:12,80.91,400,80.99,200,80.99,102
11290,0.61,0.24,0.37,22.419999999999998,11:17:22,80.95,100,80.99,100,80.98,100
11352,0.6000000000000001,0.07,0.53,0.0,11:18:00,80.95,200,80.99,400,80.97,100
11400,0.63,0.14,0.49,31.96,11:18:31,81.01,100,81.04,100,81.01,100
11407,0.59,0.18,0.41,36.15000000000001,11:18:36,81.0,100,81.03,100,81.03,100
11413,0.76,0.09,0.67,0.0,11:19:00,81.0,200,81.08,100,81.08,100
11419,0.63,0.08,0.55,4.03,11:19:04,81.0,300,81.05,100,81.006,1000
11420,1.38,0.88,0.5,5.41,11:19:05,81.02,200,81.08,100,81.05,100
11476,0.95,0.35,0.6,45.99999999999999,11:19:45,81.0,100,81.06,200,81.06,100
11490,0.64,0.11,0.53,55.82,11:19:55,81.03,100,81.1,200,81.1,100
11807,0.6499999999999999,0.08,0.57,44.37000000000001,11:23:44,80.92,200,80.97,400,80.945,100
11927,0.81,0.14,0.67,0.0,11:25:00,80.93,100,80.97,400,80.95,200
11977,0.94,0.35,0.59,35.62,11:25:35,80.94,100,80.97,400,80.955,100
11998,0.59,0.08,0.51,0.0,11:26:00,80.94,100,80.97,400,80.94,100
12036,0.5599999999999999,0.21,0.35,0.0,11:27:00,80.86,100,80.89,800,80.875,100
12720,2.18,1.72,0.46,11.83,11:38:11,80.86,100,80.94,300,80.8973,150
13142,84.78,84.59,0.19,0.0,11:44:00,80.72,200,80.79,400,80.752,127
13973,0.25,0.08,0.17,27.12,11:50:27,80.73,200,80.79,300,80.7865,170
14505,0.39,0.21,0.18,0.0,11:54:00,80.78,200,80.82,400,80.7933,120
14632,0.42,0.24,0.18,48.300000000000026,11:54:48,80.73,100,80.77,100,80.755,156
15439,0.43000000000000005,0.2,0.23,0.0,12:00:00,80.74,100,80.81,500,80.775,100
16630,0.39,0.22,0.17,55.08000000000004,12:07:55,80.79,100,80.82,100,80.7982,180
21253,0.38,0.15,0.23,0.0,12:37:00,80.74,100,80.78,300,80.7667,167
22473,0.31000000000000005,0.14,0.17,55.80000000000002,12:48:55,80.8,100,80.84,100,80.812,2150
24940,3.35,3.17,0.18,0.0,13:09:00,80.89,100,80.92,200,80.905,100
25367,0.30000000000000004,0.07,0.23,5.279999999999999,13:12:05,80.86,200,80.93,300,80.895,100
25856,0.44,0.08,0.36,15.84,13:17:15,80.85,100,80.89,100,80.8896,180
25969,0.58,0.08,0.5,42.24000000000003,13:18:42,80.85,100,80.89,100,80.876,1000
26727,1.21,0.07,1.14,40.57,13:29:40,80.94,200,80.97,100,80.969,330
26976,1.0,0.08,0.92,0.0,13:35:00,80.95,300,80.98,300,80.965,100
27215,0.9800000000000001,0.17,0.81,4.4,13:41:04,80.88,100,80.9,100,80.8935,100
27421,1.4,0.24,1.16,26.210000000000004,13:45:26,80.91,100,80.94,200,80.9397,600
27733,1.2000000000000002,0.09,1.11,21.61,13:51:21,80.93,200,80.94,100,80.9368,105
27754,1.1900000000000002,0.07,1.12,47.010000000000005,13:51:47,80.93,300,80.94,300,80.9399,200
27930,2.6,1.74,0.86,0.0,13:55:00,80.91,200,80.94,400,80.925,100
28028,0.98,0.34,0.64,0.0,13:57:00,81.0,200,81.01,100,81.0,119
28164,1.1900000000000002,0.08,1.11,41.37,13:59:41,80.98,100,81.0,100,80.98899999999999,100
28247,1.0,0.07,0.93,9.590000000000002,14:01:09,81.03,100,81.05,100,81.04,100
28329,3.18,2.1,1.08,0.0,14:03:00,81.01,400,81.03,200,81.02,100
28366,1.41,0.21,1.2,47.03,14:03:47,81.02,100,81.05,200,81.047,200
28540,1.2,0.23,0.97,0.0,14:07:00,81.03,200,81.04,300,81.035,100
28761,0.81,0.14,0.67,0.0,14:11:00,80.97,200,81.0,300,80.975,1000
28821,0.81,0.07,0.74,46.18999999999998,14:12:46,81.01,100,81.04,200,81.025,100
29951,0.74,0.14,0.6,5.38,14:28:05,80.85,200,80.9,200,80.8967,1600
30290,0.6000000000000001,0.14,0.46,0.0,14:32:00,80.86,200,80.88,100,80.8692,148
30490,0.6,0.24,0.36,0.0,14:36:00,80.82,100,80.85,300,80.835,100
31619,1.02,0.44,0.58,0.0,14:50:00,80.82,100,80.83,100,80.825,100
31773,0.44,0.08,0.36,7.85,14:52:07,80.81,100,80.83,300,80.8101,150
31854,0.61,0.15,0.46,0.0,14:53:00,80.8,100,80.83,400,80.815,100
31934,0.5700000000000001,0.17,0.4,0.0,14:54:00,80.83,100,80.85,300,80.8199,100
32491,0.7799999999999999,0.08,0.7,0.0,15:01:00,80.91,400,80.94,300,80.9246,100
33774,0.6200000000000001,0.07,0.55,0.0,15:17:00,80.73,500,80.74,300,80.745,100
34599,0.79,0.2,0.59,42.13,15:26:42,80.79,100,80.8,100,80.795,100
35576,0.43999999999999995,0.09,0.35,0.0,15:38:00,80.85,400,80.86,700,80.8518,124
35589,0.6200000000000001,0.07,0.55,8.59,15:38:08,80.85,400,80.86,600,80.855,100
35772,0.5800000000000001,0.07,0.51,30.370000000000005,15:40:30,80.84,100,80.85,200,80.845,100
35830,0.5700000000000001,0.07,0.5,17.76,15:41:17,80.84,100,80.85,500,80.8425,500
35973,0.6100000000000001,0.28,0.33,0.0,15:43:00,80.91,300,80.92,200,80.9144,130
36736,0.61,0.08,0.53,1.5899999999999999,15:52:01,80.88,1000,80.89,1000,80.8875,100
