,Total Delay,Request Delay,Saving Delay,Arrival Time,Time,Bid,Bid Size,Ask,Ask Size,Last Price,Last Size
0,0.6499999999999999,0.3,0.35,0.6499999999999999,09:30:00,161.29,200,162.6,100,162.64,100
393,0.35,0.18,0.17,0.0,09:33:00,161.38,200,162.23,100,161.39,100
571,0.32,0.07,0.25,0.0,09:34:00,161.39,200,162.15,100,161.49,100
780,0.43,0.19,0.24,0.0,09:36:00,161.4,200,162.02,100,161.41,100
785,0.42,0.21,0.21,1.8800000000000001,09:36:01,161.35,200,161.98,100,161.4,138
905,0.42000000000000004,0.1,0.32,0.0,09:37:00,161.36,100,161.93,1000,161.645,100
970,0.46,0.2,0.26,28.099999999999998,09:37:28,161.05,200,161.49,100,161.3875,100
1016,4.37,4.13,0.24,0.0,09:38:00,160.62,100,161.41,100,161.015,100
1142,0.37,0.18,0.19,0.0,09:39:00,160.64,200,161.3,100,160.74,100
1319,0.49,0.28,0.21,0.0,09:40:00,160.7,100,161.2,100,160.71,100
1509,0.35,0.15,0.2,0.0,09:41:00,160.38,100,161.15,100,160.84,100
1519,0.38,0.08,0.3,4.1899999999999995,09:41:04,160.36,100,161.12,100,160.6464,150
1610,0.42000000000000004,0.19,0.23,0.0,09:42:00,160.38,200,161.03,200,160.705,100
1815,0.33,0.07,0.26,0.0,09:44:00,160.39,200,160.85,100,160.82,100
1831,0.59,0.35,0.24,9.55,09:44:09,160.4,100,160.83,100,160.49,100
1916,0.46,0.27,0.19,44.06000000000002,09:44:44,160.31,300,160.75,100,160.4,100
1962,0.38,0.08,0.3,0.0,09:45:00,160.33,100,160.72,100,160.7,100
1969,5.109999999999999,4.93,0.18,7.34,09:45:07,160.26,100,160.71,100,160.48,100
1970,1.2,0.89,0.31,8.54,09:45:08,160.28,200,160.72,100,160.64,100
1985,0.5700000000000001,0.28,0.29,17.79,09:45:17,160.31,100,160.68,100,160.495,100
2025,0.35000000000000003,0.08,0.27,33.75,09:45:33,160.34,100,160.64,300,160.465,400
2052,0.39,0.15,0.24,43.910000000000004,09:45:43,160.36,100,160.62,200,160.485,100
2093,0.32,0.07,0.25,0.0,09:46:00,160.38,200,160.6,300,160.59,100
2140,0.30000000000000004,0.07,0.23,26.26,09:46:26,160.66,300,160.93,300,160.92,100
2145,0.32,0.14,0.18,27.960000000000004,09:46:27,160.86,200,161.11,100,161.0,100
2250,0.4,0.21,0.19,0.0,09:47:00,160.92,200,161.32,100,161.125,100
2255,0.26,0.08,0.18,1.9800000000000002,09:47:01,160.93,300,161.31,100,161.12,100
2353,0.37,0.07,0.3,44.399999999999984,09:47:44,160.98,300,161.33,100,161.0793,133
2383,0.44,0.26,0.18,0.0,09:48:00,160.98,300,161.32,100,161.16,100
2409,0.31,0.08,0.23,11.980000000000002,09:48:11,160.98,400,161.33,200,161.155,100
2751,5.26,5.09,0.17,52.030000000000015,09:50:52,161.06,300,161.32,100,161.2024,100
2791,0.26,0.07,0.19,0.0,09:51:00,161.09,300,161.32,100,161.205,100
2953,0.25,0.07,0.18,0.0,09:52:00,161.12,300,161.29,100,161.18,100
3075,0.6,0.23,0.37,0.0,09:53:00,161.12,400,161.27,200,161.19,935
3080,0.26,0.07,0.19,1.7,09:53:01,160.94,100,161.04,100,161.04,100
3088,0.42,0.18,0.24,7.75,09:53:07,160.81,100,161.07,100,160.94,100
3121,0.37,0.19,0.18,23.560000000000006,09:53:23,160.85,100,161.18,100,161.05,100
3459,0.33,0.08,0.25,0.0,09:55:00,161.17,200,161.39,100,161.26,100
3489,0.43000000000000005,0.23,0.2,11.819999999999999,09:55:11,161.36,300,161.55,100,161.315,100
3509,0.5,0.26,0.24,0.0,09:56:00,161.32,400,161.59,100,161.43,100
3809,0.25,0.07,0.18,0.0,09:58:00,161.6,300,161.76,100,161.68,100
3880,0.39,0.17,0.22,35.070000000000014,09:58:35,161.46,100,161.72,100,161.6,100
4028,0.4,0.23,0.17,0.0,09:59:00,161.28,100,161.68,100,161.5,200
4125,0.73,0.27,0.46,0.0,10:00:00,160.68,100,161.5,100,161.08,100
4133,0.46,0.18,0.28,3.54,10:00:03,160.7,100,161.47,100,161.09,100
4169,0.32,0.07,0.25,19.61,10:00:19,160.78,100,161.38,100,161.075,300
4202,1.21,0.77,0.44,0.0,10:01:00,160.97,100,161.33,100,161.15,100
4210,0.35000000000000003,0.07,0.28,3.5100000000000002,10:01:03,160.96,100,161.29,100,160.98,100
4235,0.26,0.07,0.19,20.270000000000003,10:01:20,160.96,100,161.25,100,160.97,100
4462,0.56,0.25,0.31,0.0,10:02:00,160.7,100,161.02,100,160.86,100
4602,0.4,0.23,0.17,0.0,10:03:00,160.62,100,161.14,100,161.03,100
4672,3.85,3.52,0.33,0.0,10:04:00,160.63,100,160.91,100,160.655,100
4691,0.26,0.07,0.19,10.409999999999998,10:04:10,160.65,100,160.97,100,160.785,100
4922,0.39,0.22,0.17,0.0,10:05:00,160.55,100,160.81,100,160.73,300
4928,0.37,0.19,0.18,0.0,10:06:00,160.55,100,160.81,100,160.68,100
5173,0.43000000000000005,0.2,0.23,0.0,10:07:00,160.56,100,160.81,100,160.56,100
5201,0.27,0.07,0.2,8.440000000000001,10:07:08,160.56,100,160.81,100,160.75,100
5355,0.32,0.08,0.24,47.78,10:08:47,160.59,100,160.81,100,160.79,100
5534,0.44,0.24,0.2,24.31000000000001,10:12:24,161.05,200,161.22,100,161.17,100
5552,0.32,0.08,0.24,0.0,10:13:00,161.09,200,161.23,100,161.23,100
5843,0.35,0.17,0.18,0.0,10:15:00,161.03,200,161.17,100,161.11,100
6159,2.81,2.47,0.34,2.81,10:17:02,160.88,100,161.03,300,160.96,100
6168,0.3,0.08,0.22,7.259999999999999,10:17:07,160.87,100,160.99,200,160.88,100
6188,0.43,0.19,0.24,17.98,10:17:17,160.79,200,160.98,200,160.95,100
6442,0.36,0.15,0.21,0.0,10:20:00,160.86,100,160.98,100,160.895,100
6638,0.34,0.07,0.27,17.57,10:22:17,160.9,100,161.04,100,160.9544,100
6704,0.64,0.24,0.4,49.79,10:22:49,160.75,100,160.97,100,160.9,100
6738,0.53,0.24,0.29,0.0,10:23:00,160.53,100,160.88,100,160.77,100
6854,0.25,0.07,0.18,0.0,10:24:00,160.66,100,160.9,100,160.8,100
6896,0.52,0.22,0.3,28.059999999999995,10:24:28,160.72,100,160.91,100,160.8055,100
7080,0.33,0.07,0.26,0.0,10:26:00,160.73,200,160.9,100,160.815,100
7222,0.4,0.2,0.2,12.930000000000003,10:27:12,160.77,400,160.9,300,160.835,100
7318,0.31,0.12,0.19,0.0,10:28:00,160.5,500,160.58,400,160.61,100
7324,0.43000000000000005,0.2,0.23,2.16,10:28:02,160.52,100,160.71,100,160.615,100
7342,0.30000000000000004,0.07,0.23,8.06,10:28:08,160.52,400,160.79,100,160.66,100
7359,0.44,0.24,0.2,14.389999999999999,10:28:14,160.55,100,160.65,100,160.6,100
7364,0.28,0.09,0.19,16.169999999999998,10:28:16,160.55,100,160.67,100,160.65,100
7804,0.4,0.23,0.17,0.0,10:32:00,160.56,100,160.67,100,160.63,100
7861,0.32,0.13,0.19,0.0,10:33:00,160.63,100,160.72,100,160.675,100
8124,0.98,0.22,0.76,9.040000000000001,10:35:09,160.41,200,160.55,200,160.505,500
8137,1.21,0.08,1.13,26.200000000000003,10:35:26,160.42,400,160.55,200,160.55,100
8598,0.59,0.21,0.38,0.0,10:41:00,160.46,100,160.66,200,160.585,100
8601,0.5700000000000001,0.07,0.5,1.76,10:41:01,160.46,100,160.62,100,160.54,100
8660,0.5900000000000001,0.26,0.33,0.0,10:42:00,160.47,100,160.59,100,160.58,100
8740,0.57,0.09,0.48,52.23000000000001,10:42:52,160.42,100,160.55,100,160.5,400
8743,0.78,0.23,0.55,54.22000000000001,10:42:54,160.4,100,160.49,100,160.445,1600
8762,0.43999999999999995,0.09,0.35,7.630000000000001,10:43:07,160.3,600,160.47,100,160.385,400
8809,0.6,0.17,0.43,42.03,10:43:42,160.31,300,160.43,200,160.37,100
9239,0.5700000000000001,0.24,0.33,16.209999999999997,10:48:16,160.42,800,160.63,100,160.47,100
9343,0.75,0.14,0.61,41.78000000000001,10:49:41,160.44,800,160.67,300,160.44,100
9389,0.62,0.18,0.44,0.0,10:50:00,160.34,100,160.56,100,160.45,100
9424,0.44,0.07,0.37,19.580000000000005,10:50:19,160.36,300,160.5,400,160.43,100
9456,0.44,0.07,0.37,37.56000000000001,10:50:37,160.34,100,160.46,300,160.405,100
9471,2.39,1.81,0.58,0.0,10:51:00,160.28,100,160.41,300,160.34,100
9513,0.61,0.21,0.4,29.939999999999998,10:51:29,160.28,100,160.39,200,160.335,300
9538,0.6000000000000001,0.07,0.53,45.92,10:51:45,160.29,100,160.38,200,160.33,100
9599,0.8099999999999999,0.21,0.6,0.0,10:52:00,160.33,100,160.4,100,160.38,100
9642,0.62,0.22,0.4,0.0,10:53:00,160.33,100,160.4,100,160.365,100
9672,0.57,0.08,0.49,20.14,10:53:20,160.33,100,160.39,100,160.39,100
9717,0.59,0.17,0.42,0.0,10:54:00,160.28,100,160.38,200,160.35,100
9735,2.1799999999999997,1.65,0.53,12.979999999999999,10:54:12,160.18,300,160.31,200,160.29,100
9756,118.97,118.36,0.61,0.0,10:56:00,160.19,200,160.27,100,160.23,200
9786,0.6000000000000001,0.14,0.46,20.240000000000002,10:56:20,160.19,200,160.27,100,160.1938,100
9819,0.53,0.21,0.32,0.0,10:57:00,160.19,200,160.27,200,160.21,100
9872,0.6,0.23,0.37,38.16000000000001,10:57:38,160.19,300,160.27,100,160.27,100
10038,0.5800000000000001,0.07,0.51,0.0,10:59:00,160.08,100,160.22,100,160.19,100
10113,0.44,0.12,0.32,0.0,11:00:00,160.08,200,160.21,100,160.11,100
10131,0.78,0.2,0.58,10.559999999999999,11:00:10,160.08,200,160.2,100,160.09,100
10179,1.6,0.98,0.62,0.0,11:01:00,160.08,100,160.19,100,160.08,100
10256,135.06,134.46,0.6,0.0,11:03:00,159.9,100,160.03,100,159.98,100
10257,0.76,0.07,0.69,0.0,11:04:00,159.9,100,160.0,100,159.91,100
10273,0.59,0.08,0.51,11.350000000000001,11:04:11,159.78,100,159.96,100,159.85,100
10315,0.64,0.21,0.43,39.77,11:04:39,159.77,100,159.9,200,159.8,100
10352,0.59,0.23,0.36,0.0,11:05:00,159.67,100,159.84,100,159.74,100
10363,0.6000000000000001,0.28,0.32,6.02,11:05:06,159.66,100,159.8,100,159.6966,105
10377,0.45,0.08,0.37,13.659999999999997,11:05:13,159.66,100,159.8,100,159.68,100
10389,0.64,0.22,0.42,20.269999999999996,11:05:20,159.71,100,159.8,200,159.79,100
10434,0.58,0.09,0.49,0.0,11:06:00,159.71,100,159.8,200,159.73,100
10503,0.6,0.22,0.38,37.800000000000004,11:06:37,159.64,400,159.76,100,159.77,100
10514,0.6000000000000001,0.2,0.4,0.0,11:07:00,159.64,400,159.76,100,159.7,100
10549,0.6,0.22,0.38,27.64,11:07:27,159.66,200,159.77,100,159.715,100
10767,0.43,0.07,0.36,0.0,11:09:00,159.55,200,159.7,100,159.67,100
10770,0.57,0.08,0.49,1.7400000000000002,11:09:01,159.55,300,159.68,200,159.56,100
10862,0.61,0.18,0.43,0.0,11:10:00,159.56,400,159.66,100,159.61,100
10974,0.6,0.23,0.37,0.0,11:12:00,159.52,100,159.61,100,159.58,100
10985,0.46,0.07,0.39,14.010000000000002,11:12:14,159.47,100,159.57,100,159.5,100
10988,0.64,0.23,0.41,16.0,11:12:16,159.44,200,159.57,200,159.46,100
11002,0.7699999999999999,0.08,0.69,24.569999999999997,11:12:24,159.44,200,159.54,100,159.4546,200
11030,0.82,0.23,0.59,44.22999999999999,11:12:44,159.44,200,159.52,100,159.52,100
11041,0.74,0.21,0.53,0.0,11:13:00,159.41,100,159.5,100,159.44,100
11050,0.62,0.08,0.54,6.030000000000001,11:13:06,159.35,700,159.5,200,159.41,100
11056,1.21,0.74,0.47,10.629999999999999,11:13:10,159.35,700,159.49,100,159.425,100
11062,0.78,0.15,0.63,17.82,11:13:17,159.38,100,159.54,200,159.49,100
11136,3.83,3.39,0.44,0.0,11:14:00,159.45,100,159.55,100,159.54,100
11201,108.41,107.97,0.44,0.0,11:16:00,159.41,300,159.54,100,159.48,100
11217,0.81,0.18,0.63,10.040000000000001,11:16:10,159.41,300,159.54,100,159.475,150
11223,0.62,0.24,0.38,14.08,11:16:14,159.42,100,159.5,100,159.42,100
11339,1.77,1.34,0.43,5.960000000000001,11:18:05,159.45,100,159.56,100,159.505,200
11343,1.26,0.8,0.46,10.81,11:18:10,159.49,100,159.6,100,159.57,100
11385,0.6,0.11,0.49,42.540000000000006,11:18:42,159.7,300,159.81,100,159.765,300
11419,0.63,0.08,0.55,0.0,11:19:00,159.71,100,159.88,100,159.81,100
11423,0.6499999999999999,0.08,0.57,3.6299999999999994,11:19:03,159.71,100,159.88,100,159.84,100
11427,3.81,3.17,0.64,9.62,11:19:09,159.7,200,159.88,100,159.7944,100
11700,0.57,0.08,0.49,0.0,11:22:00,159.64,100,159.76,100,159.6495,300
11778,0.6,0.17,0.43,11.799999999999999,11:23:11,159.53,200,159.72,100,159.65,100
11834,5.41,4.9,0.51,0.0,11:24:00,159.55,600,159.72,200,159.64,100
11835,0.61,0.21,0.4,0.61,11:24:00,159.55,600,159.72,200,159.635,100
11898,0.6399999999999999,0.07,0.57,43.440000000000005,11:24:43,159.6,200,159.73,100,159.665,500
11937,0.61,0.09,0.52,28.049999999999997,11:25:28,159.67,200,159.79,100,159.75,100
12035,30.98,30.48,0.5,71.99000000000001,11:27:11,159.71,200,159.86,200,159.83,100
12057,0.5700000000000001,0.13,0.44,0.0,11:28:00,159.74,100,159.85,100,159.795,300
12059,0.73,0.08,0.65,1.34,11:28:01,159.94,700,160.22,100,160.065,100
12066,0.64,0.08,0.56,0.0,11:29:00,159.96,200,160.2,100,160.2,100
12148,18.869999999999997,18.13,0.74,0.0,11:30:00,160.04,200,160.2,100,160.18,100
12162,0.61,0.22,0.39,10.179999999999998,11:30:10,160.04,200,160.2,100,160.12,100
12455,0.43,0.07,0.36,2.0100000000000002,11:33:02,160.0,100,160.14,100,160.07,100
12489,0.62,0.18,0.44,0.0,11:34:00,159.9,100,160.07,100,160.0,100
12547,0.6000000000000001,0.07,0.53,0.0,11:35:00,159.9,200,160.05,100,159.975,100
12618,0.6100000000000001,0.07,0.54,0.0,11:37:00,159.9,200,160.02,100,159.9728,1000
12629,0.5800000000000001,0.07,0.51,8.190000000000001,11:37:08,159.91,100,160.02,100,159.965,195
12636,0.64,0.28,0.36,12.41,11:37:12,159.92,100,160.02,100,159.97,100
12719,1.99,1.45,0.54,0.0,11:38:00,159.88,200,160.01,200,159.92,100
12723,3.8,3.23,0.57,8.79,11:38:08,159.88,200,160.01,200,159.961,500
12744,0.64,0.18,0.46,22.219999999999995,11:38:22,159.88,200,159.98,200,159.88,100
12776,0.5800000000000001,0.07,0.51,42.16000000000001,11:38:42,159.78,100,159.91,200,159.87,100
13142,84.78,84.59,0.19,0.0,11:44:00,159.57,600,159.72,300,159.6,100
13244,0.25,0.08,0.17,31.82999999999999,11:45:31,159.59,800,159.72,100,159.6631,600
13451,0.35,0.12,0.23,0.0,11:47:00,159.63,200,159.72,100,159.69,100
13755,3.58,3.4,0.18,0.0,11:49:00,159.56,100,159.69,100,159.63,100
14146,0.27,0.08,0.19,34.15000000000001,11:51:34,159.53,100,159.56,200,159.53,100
14152,0.38,0.18,0.2,36.35000000000002,11:51:36,159.57,200,159.66,200,159.55,100
14158,0.28,0.07,0.21,38.04000000000003,11:51:38,159.57,200,159.66,200,159.5763,200
14509,3.63,3.31,0.32,5.2,11:54:05,159.46,100,159.57,200,159.51,100
15025,0.24000000000000002,0.07,0.17,0.0,11:57:00,159.56,100,159.66,200,159.602,100
15109,5.33,5.14,0.19,0.0,11:58:00,159.6,200,159.73,100,159.66,100
15157,0.25,0.08,0.17,23.210000000000004,11:58:23,159.68,200,160.09,200,159.8583,300
15269,1.92,1.64,0.28,0.0,11:59:00,159.81,200,160.08,100,159.9355,100
15465,0.37,0.14,0.23,3.11,12:00:03,159.67,100,159.91,100,159.7909,200
15658,0.35,0.18,0.17,0.0,12:01:00,159.65,100,159.82,100,159.71,100
16396,0.25,0.07,0.18,0.0,12:06:00,159.57,200,159.68,100,159.625,100
16975,0.26,0.08,0.18,0.0,12:10:00,159.55,100,159.64,100,159.595,100
18371,0.24000000000000002,0.07,0.17,0.0,12:18:00,159.38,100,159.49,100,159.4,100
18573,0.26,0.09,0.17,0.0,12:20:00,159.36,100,159.47,200,159.38,100
18580,1.5,1.25,0.25,5.53,12:20:05,159.35,900,159.47,200,159.36,100
18587,1.26,1.04,0.22,9.15,12:20:09,159.32,100,159.47,200,159.35,100
18683,0.49,0.18,0.31,41.38,12:20:41,159.33,200,159.45,200,159.34,123
18747,0.32,0.12,0.2,0.0,12:21:00,159.32,100,159.42,100,159.43,100
18868,0.9199999999999999,0.72,0.2,0.0,12:22:00,159.33,100,159.42,200,159.375,100
19059,0.53,0.23,0.3,0.0,12:23:00,159.28,100,159.35,100,159.33,100
19065,0.38,0.21,0.17,1.83,12:23:01,159.27,100,159.35,200,159.33100000000002,500
19077,0.24000000000000002,0.07,0.17,5.79,12:23:05,159.24,100,159.34,300,159.27,100
19442,0.28,0.09,0.19,5.970000000000001,12:26:05,159.29,200,159.43,100,159.355,100
20012,0.27,0.07,0.2,0.0,12:29:00,159.52,100,159.68,100,159.62,100
20298,0.37,0.2,0.17,14.21,12:31:14,159.52,200,159.64,200,159.5265,100
20311,0.23,0.07,0.16,18.180000000000003,12:31:18,159.52,200,159.64,100,159.5875,100
20605,0.46,0.27,0.19,42.239999999999995,12:33:42,159.48,100,159.57,100,159.525,100
20860,0.33,0.16,0.17,0.0,12:35:00,159.44,100,159.53,100,159.485,100
20878,0.31000000000000005,0.14,0.17,5.98,12:35:05,159.44,100,159.53,100,159.47,100
21258,0.28,0.08,0.2,0.0,12:37:00,159.4,100,159.48,100,159.445,100
21937,0.35,0.15,0.2,31.960000000000008,12:45:31,159.54,100,159.63,100,159.585,100
22556,0.29000000000000004,0.07,0.22,0.0,12:49:00,159.59,100,159.7,100,159.59,100
23110,0.27,0.08,0.19,0.0,12:53:00,159.67,400,159.78,100,159.725,100
23358,0.28,0.1,0.18,18.009999999999994,12:54:18,159.7,300,159.79,100,159.78,100
23571,0.38,0.21,0.17,14.05,12:56:14,159.74,200,159.85,100,159.82,100
23645,0.30000000000000004,0.13,0.17,39.800000000000004,12:56:39,159.77,100,159.94,100,159.855,100
23895,0.95,0.71,0.24,16.690000000000005,12:58:16,159.73,100,159.87,100,159.76,100
24019,0.42000000000000004,0.22,0.2,0.0,12:59:00,159.78,100,159.91,100,159.835,100
24089,0.31000000000000005,0.14,0.17,20.2,13:00:20,159.79,200,159.89,100,159.89,100
24412,0.38,0.17,0.21,51.909999999999975,13:02:51,159.82,200,159.95,100,159.885,100
24596,0.23,0.07,0.16,2.04,13:04:02,159.82,200,159.94,100,159.8509,2000
25056,0.5,0.24,0.26,39.57,13:09:39,159.68,100,159.81,100,159.745,100
25456,0.58,0.08,0.5,0.0,13:13:00,159.67,200,159.8,100,159.735,100
26199,0.65,0.2,0.45,0.0,13:21:00,159.47,100,159.63,100,159.555,100
26698,5.58,4.42,1.16,0.0,13:29:00,159.63,200,159.73,100,159.688,110
26925,1.22,0.07,1.15,1.22,13:34:01,159.65,100,159.79,200,159.72,100
27024,1.2000000000000002,0.13,1.07,0.0,13:36:00,159.58,100,159.73,300,159.655,100
27080,1.01,0.21,0.8,0.0,13:37:00,159.58,100,159.72,100,159.6279,155
27123,1.41,0.16,1.25,24.819999999999997,13:38:24,159.58,200,159.71,100,159.645,100
27273,1.4000000000000001,0.07,1.33,0.0,13:42:00,159.63,200,159.72,100,159.675,100
27351,1.01,0.1,0.91,49.660000000000004,13:43:49,159.64,400,159.73,200,159.685,100
27591,0.97,0.08,0.89,48.370000000000005,13:48:48,159.69,100,159.77,300,159.7252,114
27822,0.81,0.07,0.74,1.6300000000000001,13:53:01,159.76,200,159.81,100,159.785,100
27980,2.8,1.9,0.9,0.0,13:56:00,159.78,300,159.83,100,159.805,100
28050,0.82,0.08,0.74,12.400000000000002,13:57:12,159.74,100,159.81,100,159.775,100
29174,0.99,0.18,0.81,0.0,14:19:00,159.83,100,159.89,100,159.86,100
29978,0.5900000000000001,0.07,0.52,15.99,14:28:15,159.68,200,159.77,100,159.6921,171
30556,1.03,0.58,0.45,19.59,14:37:19,159.43,100,159.55,100,159.4655,194
30662,0.6,0.22,0.38,3.19,14:38:03,159.39,400,159.52,200,159.39,100
30681,0.5900000000000001,0.07,0.52,16.15,14:38:16,159.39,200,159.52,100,159.455,100
30862,0.58,0.08,0.5,0.0,14:41:00,159.4,100,159.47,100,159.435,100
30917,0.64,0.18,0.46,44.0,14:41:44,159.36,100,159.45,100,159.3601,175
31184,0.8,0.26,0.54,25.580000000000005,14:44:25,159.55,100,159.66,200,159.605,200
31274,0.6000000000000001,0.07,0.53,0.0,14:46:00,159.57,100,159.66,100,159.615,100
31597,0.43,0.07,0.36,18.0,14:49:18,159.45,100,159.58,400,159.515,100
31886,0.61,0.08,0.53,0.0,14:53:00,159.44,100,159.5,200,159.4401,100
31908,0.78,0.1,0.68,14.309999999999999,14:53:14,159.44,100,159.5,200,159.45,100
32030,3.21,2.57,0.64,0.0,14:55:00,159.4,100,159.47,200,159.4376,250
32216,2.0100000000000002,1.57,0.44,13.769999999999998,14:58:13,159.48,100,159.58,200,159.5515,103
32392,2.21,1.71,0.5,0.0,15:00:00,159.51,200,159.58,100,159.545,100
33832,0.42000000000000004,0.09,0.33,8.24,15:17:08,159.55,100,159.63,300,159.6299,400
34728,0.62,0.23,0.39,0.0,15:28:00,159.55,200,159.61,200,159.5776,100
35026,0.6,0.18,0.42,0.0,15:32:00,159.59,300,159.66,200,159.6222,125
35351,0.63,0.19,0.44,0.0,15:35:00,159.57,200,159.63,100,159.5964,164
35427,0.56,0.07,0.49,10.149999999999999,15:36:10,159.54,300,159.62,300,159.5736,100
35887,0.6399999999999999,0.07,0.57,33.89,15:41:33,159.47,100,159.53,100,159.4701,112
36072,0.45,0.08,0.37,0.0,15:44:00,159.41,200,159.48,300,159.4101,105
36229,0.6,0.18,0.42,40.220000000000006,15:45:40,159.19,200,159.38,200,159.325,100
36233,0.5700000000000001,0.07,0.5,42.42,15:45:42,159.2,100,159.38,200,159.29,100
36240,0.6200000000000001,0.07,0.55,46.62,15:45:46,159.22,100,159.36,200,159.22,100
36262,0.7799999999999999,0.21,0.57,0.0,15:46:00,159.24,200,159.35,200,159.31,100
36271,0.6100000000000001,0.07,0.54,6.1899999999999995,15:46:06,159.24,500,159.34,200,159.24,100
36283,0.64,0.18,0.46,14.630000000000003,15:46:14,159.19,200,159.32,300,159.23,100
36306,0.74,0.18,0.56,30.35999999999999,15:46:30,159.23,200,159.31,100,159.255,100
36313,0.77,0.07,0.7,36.15999999999999,15:46:36,159.19,300,159.3,100,159.19,100
36335,0.6,0.08,0.52,0.0,15:47:00,159.2,200,159.29,200,159.2,100
36343,0.5700000000000001,0.23,0.34,7.590000000000002,15:47:07,159.19,100,159.29,200,159.244,250
36422,0.61,0.17,0.44,0.0,15:48:00,159.19,400,159.27,100,159.225,100
36549,0.75,0.26,0.49,39.78000000000001,15:49:39,159.42,200,159.48,100,159.4201,110
36584,0.58,0.17,0.41,0.0,15:50:00,159.27,100,159.46,200,159.37,100
36743,4.81,4.34,0.47,11.36,15:52:11,159.38,300,159.45,100,159.415,100
36817,0.6000000000000001,0.07,0.53,3.8200000000000003,15:53:03,159.45,300,159.48,100,159.465,100
36829,0.62,0.08,0.54,20.23,15:53:20,159.49,200,159.52,100,159.491,100
36892,0.76,0.2,0.56,0.0,15:54:00,159.54,100,159.59,100,159.565,100
37017,0.6,0.08,0.52,33.96,15:55:33,159.51,200,159.56,200,159.535,100
37110,0.79,0.18,0.61,39.44000000000001,15:56:39,159.48,100,159.51,200,159.4801,113
37112,0.63,0.22,0.41,40.66000000000002,15:56:40,159.46,100,159.48,100,159.495,100
37174,0.61,0.08,0.53,0.61,15:59:00,159.61,300,159.66,700,159.6101,111
