,Total Delay,Request Delay,Saving Delay,Arrival Time,Time,Bid,Bid Size,Ask,Ask Size,Last Price,Last Size
0,0.6499999999999999,0.3,0.35,0.6499999999999999,09:30:00,113.32,100,113.5,500,113.34,100
42,0.32,0.07,0.25,16.54,09:30:16,113.02,100,113.39,300,113.2,100
71,0.37,0.18,0.19,0.0,09:31:00,113.04,1900,113.38,300,113.06,127
75,0.89,0.62,0.27,1.85,09:31:01,113.05,100,113.37,200,113.21,15000
352,0.35,0.18,0.17,0.0,09:33:00,113.16,100,113.34,100,113.17,100
393,0.35,0.18,0.17,20.069999999999997,09:33:20,113.03,100,113.31,400,113.03,100
458,0.27,0.09,0.18,42.31,09:33:42,112.96,100,113.3,100,113.01,111
492,0.34,0.14,0.2,0.0,09:34:00,112.89,800,113.21,300,112.91,100
515,1.4000000000000001,1.06,0.34,17.77,09:34:17,112.7,100,112.96,100,112.86,100
527,0.43,0.21,0.22,22.199999999999992,09:34:22,112.72,100,112.96,200,112.73,100
540,0.35,0.13,0.22,27.929999999999996,09:34:27,112.7,100,112.84,200,112.72,100
588,0.29000000000000004,0.07,0.22,46.009999999999984,09:34:46,112.68,100,112.75,200,112.7,100
594,0.38,0.14,0.24,48.26999999999999,09:34:48,112.75,200,113.3,100,113.12,100
600,0.35000000000000003,0.08,0.27,50.37999999999999,09:34:50,112.79,200,113.29,200,113.16,100
614,0.38,0.08,0.3,0.0,09:35:00,112.81,100,113.28,100,113.19,100
674,0.44999999999999996,0.21,0.24,34.75,09:35:34,113.5,200,113.72,100,113.72,200
695,0.6200000000000001,0.28,0.34,42.92,09:35:42,113.5,100,113.68,100,113.6,400
767,1.8299999999999998,1.63,0.2,0.0,09:36:00,113.52,100,113.71,200,113.71,100
800,0.44000000000000006,0.17,0.27,21.78000000000001,09:36:21,113.52,100,113.68,100,113.605,200
818,0.32,0.14,0.18,29.740000000000002,09:36:29,113.55,200,113.89,100,113.885,100
922,0.43,0.08,0.35,0.0,09:37:00,113.61,100,113.77,100,113.77,100
934,0.35000000000000003,0.07,0.28,5.819999999999999,09:37:05,113.54,300,113.76,100,113.64,100
1023,0.39,0.11,0.28,0.0,09:38:00,113.55,200,113.76,400,113.76,100
1071,0.39,0.13,0.26,22.139999999999997,09:38:22,113.56,200,113.73,100,113.6346,180
1084,0.41000000000000003,0.17,0.24,27.840000000000003,09:38:27,113.56,300,113.74,100,113.695,200
1137,0.31,0.08,0.23,0.0,09:39:00,113.73,200,113.84,100,113.82,100
1149,0.26,0.07,0.19,6.41,09:39:06,113.73,200,113.89,100,113.8103,100
1202,0.47,0.18,0.29,29.83,09:39:29,113.6,200,113.76,100,113.69,100
1277,0.46,0.2,0.26,5.9,09:40:05,113.6,200,113.75,100,113.675,100
1308,0.42,0.18,0.24,23.730000000000004,09:40:23,113.52,200,113.7,100,113.53,100
1401,0.29000000000000004,0.1,0.19,0.0,09:41:00,113.45,100,113.6,200,113.5225,100
1440,0.31,0.08,0.23,20.239999999999995,09:41:20,113.47,400,113.6,200,113.58,100
1445,0.36,0.07,0.29,22.139999999999993,09:41:22,113.52,400,113.6,200,113.57,100
1451,0.31,0.08,0.23,24.089999999999993,09:41:24,113.62,300,113.75,100,113.63,100
1463,0.27,0.07,0.2,27.929999999999996,09:41:27,113.63,100,113.91,100,113.75,100
1568,0.38,0.07,0.31,0.0,09:42:00,113.66,200,113.79,200,113.66,100
1577,0.48,0.17,0.31,3.97,09:42:03,113.68,100,113.79,200,113.7467,300
1586,0.48,0.19,0.29,7.73,09:42:07,113.68,100,113.79,200,113.735,100
1662,0.4,0.1,0.3,0.0,09:43:00,113.46,1000,113.66,100,113.565,100
1686,0.31,0.07,0.24,10.150000000000004,09:43:10,113.46,100,113.66,100,113.54799999999999,150
1703,1.58,1.25,0.33,21.380000000000003,09:43:21,113.45,100,113.61,100,113.46,100
1752,0.28,0.07,0.21,40.07000000000001,09:43:40,113.46,100,113.62,100,113.5415,100
1831,0.59,0.35,0.24,0.0,09:44:00,113.23,100,113.52,300,113.48,100
1832,0.35,0.1,0.25,0.35,09:44:00,113.23,100,113.52,300,113.51,100
1841,0.39,0.18,0.21,4.52,09:44:04,113.3,100,113.52,300,113.395,100
1868,0.33999999999999997,0.12,0.22,16.439999999999998,09:44:16,113.31,100,113.53,100,113.33,100
1939,0.3,0.08,0.22,42.24,09:44:42,113.32,1100,113.52,400,113.32,100
2061,0.44,0.2,0.24,39.129999999999995,09:45:39,113.42,100,113.52,500,113.42,100
2067,0.47,0.18,0.29,41.46999999999999,09:45:41,113.37,100,113.45,400,113.39,100
2103,0.44999999999999996,0.21,0.24,0.0,09:46:00,113.36,100,113.45,100,113.38,100
2120,0.46,0.14,0.32,14.379999999999999,09:46:14,113.31,100,113.49,300,113.49,100
2239,0.28,0.07,0.21,0.0,09:47:00,113.19,100,113.39,500,113.31,100
2378,0.44,0.21,0.23,0.0,09:48:00,113.02,200,113.22,100,113.02799999999999,250
2383,0.44,0.26,0.18,1.75,09:48:01,113.05,200,113.22,100,113.07,100
2405,0.63,0.25,0.38,12.280000000000001,09:48:12,113.13,200,113.19,100,113.18,100
2409,0.31,0.08,0.23,13.730000000000002,09:48:13,113.13,300,113.19,100,113.13,100
2417,0.29000000000000004,0.07,0.22,19.81,09:48:19,113.12,200,113.26,100,113.23,100
2533,0.51,0.15,0.36,0.0,09:49:00,113.06,100,113.17,100,113.11,100
2742,0.39,0.21,0.18,0.0,09:50:00,113.08,100,113.24,100,113.09,150
2836,0.44,0.2,0.24,4.09,09:51:04,113.0,100,113.15,200,113.0699,315
2870,0.29000000000000004,0.07,0.22,16.090000000000003,09:51:16,113.02,100,113.27,200,113.1,100
3088,0.42,0.18,0.24,0.0,09:53:00,112.91,100,113.12,100,112.97,100
3234,0.34,0.08,0.26,0.0,09:54:00,113.07,200,113.28,100,113.08,100
3453,0.38,0.08,0.3,37.51,09:55:37,113.2,2400,113.4,200,113.3,100
3526,2.38,2.05,0.33,0.0,09:56:00,113.22,200,113.4,300,113.22,100
3700,0.33,0.14,0.19,7.250000000000001,09:57:07,112.93,100,113.03,200,112.98,188
3766,0.28,0.08,0.2,29.45000000000001,09:57:29,113.1,200,113.37,400,113.235,200
3801,0.41000000000000003,0.22,0.19,0.0,09:58:00,113.14,100,113.37,100,113.2826,400
3812,0.26,0.07,0.19,6.139999999999999,09:58:06,113.14,200,113.37,100,113.255,100
3814,2.37,2.09,0.28,10.189999999999998,09:58:10,113.14,100,113.36,100,113.25,300
3880,0.39,0.17,0.22,40.34,09:58:40,113.19,100,113.4,200,113.36,300
3885,0.30000000000000004,0.07,0.23,42.019999999999996,09:58:42,113.21,200,113.4,100,113.305,100
3918,0.32,0.12,0.2,54.07,09:58:54,113.22,100,113.36,100,113.29,100
3978,0.26,0.08,0.18,2.17,09:59:02,113.04,100,113.18,100,113.05,200
4190,0.54,0.08,0.46,1.57,10:00:01,113.26,300,113.35,100,113.35,100
4199,0.48000000000000004,0.08,0.4,7.300000000000001,10:00:07,113.21,200,113.29,100,113.26,141
4218,0.6799999999999999,0.43,0.25,1.8699999999999999,10:01:01,113.23,100,113.4,100,113.4,100
4404,0.33,0.07,0.26,25.98999999999999,10:02:25,113.13,100,113.18,100,113.14,100
4520,0.36000000000000004,0.08,0.28,0.0,10:03:00,113.14,100,113.25,100,113.15,100
4621,0.36,0.15,0.21,37.67,10:03:37,113.23,200,113.33,100,113.28,100
4769,0.5,0.28,0.22,22.29,10:04:22,113.31,100,113.46,100,113.3791,500
4922,0.39,0.22,0.17,47.84999999999998,10:05:47,113.2,300,113.3,100,113.27,100
5049,0.39,0.18,0.21,51.910000000000025,10:06:51,113.2,200,113.27,300,113.24,100
5388,2.6500000000000004,2.43,0.22,12.46,10:09:12,113.26,100,113.46,100,113.43,100
5462,168.17,168.0,0.17,0.0,10:12:00,113.59,200,113.73,100,113.62,100
5517,0.36,0.07,0.29,18.320000000000004,10:12:18,113.62,200,113.74,300,113.74,100
5529,0.42,0.18,0.24,22.64000000000001,10:12:22,113.64,200,113.74,200,113.7,100
5624,0.45999999999999996,0.21,0.25,36.20000000000002,10:13:36,113.54,100,113.63,100,113.54,100
5722,3.47,3.24,0.23,17.02,10:14:17,113.68,200,113.74,200,113.68,100
5728,0.38,0.22,0.16,19.189999999999998,10:14:19,113.75,100,113.8,100,113.79,100
5731,0.23,0.07,0.16,20.15,10:14:20,113.82,200,113.92,100,113.8,100
5743,0.4,0.21,0.19,24.159999999999997,10:14:24,113.85,100,113.92,100,113.89,100
5759,0.27,0.07,0.2,29.950000000000003,10:14:29,113.84,300,113.91,500,113.85,100
5760,0.26,0.09,0.17,30.210000000000004,10:14:30,113.84,100,113.91,500,113.84,100
5792,0.37,0.2,0.17,40.160000000000025,10:14:40,113.8,100,113.92,100,113.88,123
6026,1.61,1.35,0.26,14.669999999999998,10:16:14,113.67,100,113.74,200,113.67,100
6150,0.39,0.14,0.25,0.0,10:17:00,113.43,200,113.58,200,113.52,100
6160,1.41,1.18,0.23,11.0,10:17:11,113.44,100,113.55,100,113.4997,300
6292,1.16,0.95,0.21,1.16,10:18:01,113.59,100,113.68,400,113.6499,100
6299,1.5899999999999999,1.21,0.38,6.8500000000000005,10:18:06,113.56,200,113.64,100,113.59,100
6307,0.41000000000000003,0.2,0.21,10.260000000000002,10:18:10,113.56,200,113.63,100,113.56,100
6313,0.48,0.25,0.23,12.560000000000004,10:18:12,113.5,200,113.64,100,113.55,100
6329,0.39,0.19,0.2,4.38,10:19:04,113.44,200,113.53,200,113.45,100
6510,0.31,0.1,0.21,33.80000000000001,10:20:33,113.85,100,113.92,100,113.86,100
6536,34.309999999999995,34.08,0.23,0.0,10:21:00,113.86,200,113.94,100,113.94,100
6547,0.34,0.07,0.27,4.069999999999999,10:21:04,113.99,200,114.07,100,114.0,100
6563,0.71,0.23,0.48,12.68,10:21:12,114.1,200,114.18,200,114.17,100
6566,0.43,0.07,0.36,14.299999999999999,10:21:14,114.14,100,114.21,100,114.2,100
6569,0.64,0.28,0.36,16.099999999999998,10:21:16,114.14,300,114.21,100,114.167,1000
6573,0.47,0.1,0.37,18.409999999999993,10:21:18,113.98,100,114.16,200,114.06,100
6580,0.44,0.19,0.25,21.949999999999996,10:21:21,113.98,200,114.16,100,113.98,196
6704,0.64,0.24,0.4,0.0,10:22:00,113.89,100,114.12,100,113.995,900
6751,0.44999999999999996,0.24,0.21,0.0,10:23:00,113.89,100,114.1,300,113.99,100
6827,0.44,0.21,0.23,28.040000000000006,10:23:28,113.9,100,114.07,200,113.985,100
6914,0.43000000000000005,0.2,0.23,31.129999999999992,10:24:31,114.02,200,114.13,100,114.05,100
7053,0.33,0.08,0.25,0.0,10:25:00,113.93,100,114.02,100,113.96,100
7071,0.41000000000000003,0.2,0.21,8.09,10:25:08,113.96,100,114.1,100,114.02,100
7159,0.66,0.27,0.39,0.0,10:26:00,113.94,100,114.03,100,114.03,100
7179,0.4,0.15,0.25,9.350000000000003,10:26:09,113.96,100,114.14,100,114.1,100
7185,37.42,37.15,0.27,0.0,10:27:00,114.15,100,114.24,300,114.1722,395
7211,0.41000000000000003,0.16,0.25,8.900000000000002,10:27:08,114.15,200,114.24,200,114.15,100
7217,0.4,0.16,0.24,11.020000000000003,10:27:11,114.15,100,114.23,100,114.195,100
7228,0.27,0.07,0.2,14.980000000000002,10:27:14,114.1,100,114.22,200,114.16,100
7278,0.42,0.21,0.21,0.0,10:28:00,114.1,100,114.14,200,114.12,100
7285,0.99,0.75,0.24,5.0,10:28:05,114.11,200,114.19,100,114.1156,220
7291,0.38,0.21,0.17,8.190000000000001,10:28:08,114.11,200,114.19,100,114.162,500
7549,0.4,0.22,0.18,51.65000000000003,10:29:51,114.02,100,114.24,100,114.10799999999999,100
7554,0.26,0.08,0.18,53.520000000000024,10:29:53,114.02,200,114.21,200,114.13,100
7600,1.82,1.57,0.25,0.0,10:30:00,114.12,100,114.22,100,114.185,100
7602,1.69,1.39,0.3,1.98,10:30:01,114.12,100,114.22,100,114.19,100
7616,0.67,0.27,0.4,7.650000000000001,10:30:07,114.06,100,114.18,200,114.11,100
7705,0.32,0.09,0.23,0.0,10:31:00,113.98,100,114.03,200,114.01,100
7716,0.36,0.14,0.22,3.69,10:31:03,113.92,100,114.0,400,113.93,194
7782,0.4,0.18,0.22,37.72,10:31:37,113.79,100,113.86,400,113.839,510
7811,0.41000000000000003,0.24,0.17,4.830000000000001,10:33:04,113.93,100,114.0,600,113.97,100
7856,0.27,0.07,0.2,20.61000000000001,10:33:20,114.0,100,114.1,100,114.08,100
7934,0.37,0.15,0.22,0.0,10:34:00,113.86,100,113.99,100,113.87,200
7958,3.92,3.62,0.3,11.71,10:34:11,113.86,100,113.93,300,113.895,100
7959,0.5900000000000001,0.26,0.33,12.3,10:34:12,113.8,200,113.86,200,113.83,100
7973,0.3,0.08,0.22,20.159999999999997,10:34:20,113.83,100,113.92,100,113.91,100
8132,1.57,0.07,1.5,24.820000000000004,10:35:24,113.78,200,113.84,100,113.81,100
8142,0.6,0.08,0.52,0.0,10:36:00,113.85,200,114.0,200,113.925,100
8167,0.5700000000000001,0.07,0.5,19.97,10:36:19,113.8,100,114.0,300,113.8744,500
8224,0.5800000000000001,0.07,0.51,56.229999999999976,10:36:56,113.68,100,113.79,200,113.78,100
8263,0.59,0.16,0.43,0.0,10:37:00,113.72,300,113.76,100,113.73,148
8344,0.62,0.19,0.43,0.0,10:38:00,113.75,100,113.8,200,113.7985,100
8404,0.7899999999999999,0.08,0.71,36.19,10:38:36,113.57,200,113.67,200,113.65,160
8419,1.44,0.86,0.58,0.0,10:39:00,113.59,300,113.66,100,113.602,1000
8475,0.6499999999999999,0.07,0.58,43.55000000000002,10:39:43,113.65,100,113.81,300,113.755,100
8565,0.75,0.32,0.43,0.0,10:41:00,113.6,100,113.67,300,113.61,100
8660,0.5900000000000001,0.26,0.33,0.0,10:42:00,113.46,200,113.6,100,113.5,100
8770,0.59,0.08,0.51,6.359999999999999,10:43:06,113.43,200,113.53,200,113.4849,200
8794,0.6000000000000001,0.07,0.53,24.359999999999996,10:43:24,113.43,500,113.52,200,113.44,200
8835,0.46,0.12,0.34,0.0,10:44:00,113.39,200,113.47,200,113.465,200
8841,0.56,0.07,0.49,3.77,10:44:03,113.31,100,113.44,200,113.425,200
8937,0.5900000000000001,0.07,0.52,0.0,10:45:00,113.42,100,113.54,100,113.47,100
9030,0.63,0.21,0.42,0.0,10:46:00,113.68,100,113.75,100,113.715,100
9438,0.6,0.17,0.43,20.160000000000004,10:50:20,113.63,100,113.71,200,113.665,100
9465,2.38,1.88,0.5,0.0,10:51:00,113.63,100,113.71,300,113.6724,100
9523,0.58,0.09,0.49,43.13000000000002,10:51:43,113.47,100,113.54,500,113.505,100
10007,2.17,1.58,0.59,4.6,10:59:04,113.59,100,113.74,200,113.6557,200
10113,0.44,0.12,0.32,19.999999999999993,11:00:19,113.65,100,113.76,100,113.705,100
10151,0.5700000000000001,0.07,0.5,42.150000000000006,11:00:42,113.62,100,113.67,100,113.645,100
10183,0.43999999999999995,0.09,0.35,10.979999999999999,11:01:10,113.62,100,113.67,100,113.6201,300
10199,0.57,0.08,0.49,27.560000000000006,11:01:27,113.62,100,113.67,100,113.6447,200
10575,0.5900000000000001,0.19,0.4,41.62,11:07:41,113.63,100,113.71,400,113.67200000000001,100
10645,0.6100000000000001,0.07,0.54,0.0,11:08:00,113.65,200,113.74,200,113.6501,119
11201,108.41,107.97,0.44,0.0,11:16:00,113.73,100,113.83,100,113.775,100
11330,0.44,0.08,0.36,0.0,11:18:00,113.82,100,113.92,400,113.8925,100
11587,4.01,3.41,0.6,0.0,11:21:00,113.77,200,113.91,200,113.8176,200
11837,0.8,0.39,0.41,10.6,11:24:10,113.76,100,113.8,400,113.765,100
11886,0.44,0.07,0.37,44.24000000000002,11:24:44,113.7,100,113.75,200,113.7001,100
12102,0.61,0.14,0.47,0.0,11:29:00,113.48,200,113.58,200,113.5899,100
12141,0.95,0.22,0.73,1.77,11:30:01,113.71,200,113.82,100,113.7575,200
12639,0.62,0.24,0.38,16.83,11:37:16,113.43,100,113.5,1000,113.495,100
12698,0.44,0.08,0.36,50.84999999999998,11:37:50,113.41,400,113.49,200,113.41,100
12701,0.59,0.15,0.44,52.61999999999998,11:37:52,113.41,500,113.5,300,113.455,100
13684,0.36,0.17,0.19,41.949999999999974,11:48:41,113.52,300,113.63,100,113.625,200
14453,0.55,0.29,0.26,0.0,11:53:00,113.58,300,113.69,300,113.635,100
14662,0.26,0.08,0.18,0.0,11:55:00,113.58,100,113.73,200,113.655,100
15116,2.52,2.2,0.32,10.129999999999999,11:58:10,113.52,100,113.67,100,113.595,100
15365,0.29,0.08,0.21,0.0,11:59:00,113.53,200,113.64,300,113.585,100
15616,0.24000000000000002,0.07,0.17,1.7300000000000002,12:01:01,113.53,100,113.58,300,113.535,100
15909,1.04,0.87,0.17,0.0,12:03:00,113.49,200,113.64,300,113.5863,530
16053,0.28,0.07,0.21,12.749999999999998,12:04:12,113.54,300,113.66,200,113.6328,135
16092,0.3,0.08,0.22,26.97000000000001,12:04:26,113.54,300,113.61,200,113.575,100
16657,0.26,0.07,0.19,1.9000000000000001,12:08:01,113.7,100,113.77,100,113.7455,500
16671,1.78,1.6,0.18,14.38,12:08:14,113.65,100,113.72,100,113.685,5000
16754,0.27,0.07,0.2,43.91000000000001,12:08:43,113.65,200,113.71,100,113.6836,100
16871,0.34,0.17,0.17,23.150000000000002,12:09:23,113.65,100,113.71,300,113.6839,100
17301,0.36,0.18,0.18,0.0,12:12:00,113.62,100,113.7,100,113.691,500
17618,2.25,2.02,0.23,0.0,12:14:00,113.65,100,113.73,100,113.7009,500
17757,0.42000000000000004,0.1,0.32,0.0,12:15:00,113.67,100,113.72,100,113.6869,150
19498,0.53,0.28,0.25,0.0,12:26:00,113.72,100,113.78,200,113.7726,100
19967,0.37,0.18,0.19,0.0,12:29:00,113.74,100,113.83,100,113.785,155
20241,0.41000000000000003,0.23,0.18,24.09999999999999,12:31:24,113.78,100,113.85,200,113.815,100
20483,0.29000000000000004,0.1,0.19,0.0,12:33:00,113.78,200,113.82,100,113.7976,500
20924,0.4,0.23,0.17,38.529999999999966,12:35:38,113.7,100,113.76,100,113.7396,100
21269,0.45,0.22,0.23,1.89,12:37:01,113.56,100,113.62,200,113.6029,183
22646,0.37,0.18,0.19,1.19,12:50:01,113.82,100,113.87,100,113.825,100
23702,0.36,0.17,0.19,0.0,12:57:00,113.76,100,113.82,200,113.7642,1200
24089,0.31000000000000005,0.14,0.17,20.2,13:00:20,113.63,100,113.71,300,113.6815,500
24463,0.43000000000000005,0.26,0.17,20.75,13:03:20,113.47,200,113.56,200,113.515,200
24911,174.01,173.76,0.25,0.0,13:07:00,113.28,100,113.35,300,113.3094,100
25061,0.36,0.17,0.19,31.819999999999993,13:09:31,113.3,400,113.4,200,113.3973,500
25080,0.35000000000000003,0.07,0.28,6.07,13:10:06,113.3,100,113.39,200,113.3594,200
25212,0.28,0.07,0.21,0.0,13:11:00,113.31,100,113.39,300,113.37,100
25282,0.55,0.19,0.36,36.36,13:11:36,113.32,100,113.39,400,113.3201,101
25339,0.44,0.07,0.37,0.0,13:12:00,113.31,300,113.38,200,113.37299999999999,650
25794,0.57,0.08,0.49,32.339999999999996,13:16:32,113.3,100,113.37,100,113.335,250
26015,0.43,0.08,0.35,12.59,13:19:12,113.13,400,113.18,300,113.1633,100
26346,0.43999999999999995,0.09,0.35,0.0,13:22:00,113.15,100,113.22,300,113.185,100
26691,1.2,0.07,1.13,50.65000000000003,13:28:50,113.45,200,113.52,100,113.485,300
26922,4.1899999999999995,3.02,1.17,13.4,13:34:13,113.47,300,113.58,200,113.525,100
27113,1.21,0.18,1.03,0.0,13:38:00,113.61,200,113.7,200,113.6472,500
27158,1.02,0.22,0.8,11.419999999999998,13:39:11,113.72,100,113.83,200,113.7978,100
27175,1.21,0.19,1.02,33.010000000000005,13:39:33,113.67,400,113.78,400,113.725,10000
27205,1.02,0.07,0.95,7.8100000000000005,13:40:07,113.68,100,113.84,100,113.805,100
27261,1.03,0.07,0.96,1.03,13:42:01,113.82,100,113.89,300,113.855,1600
27374,1.01,0.17,0.84,21.999999999999996,13:44:21,113.86,100,113.89,200,113.875,100
27390,1.0,0.34,0.66,39.61999999999999,13:44:39,113.69,300,113.8,100,113.745,100
27456,1.01,0.08,0.93,0.0,13:46:00,113.68,200,113.78,400,113.7458,100
28150,1.03,0.15,0.88,0.0,13:59:00,113.58,100,113.65,200,113.615,100
28207,1.1800000000000002,0.08,1.1,40.580000000000005,14:00:40,113.68,100,113.75,100,113.7059,1200
28415,0.8200000000000001,0.07,0.75,0.0,14:04:00,113.76,200,113.84,500,113.8004,100
28529,1.2,0.22,0.98,0.0,14:07:00,113.73,200,113.8,200,113.7727,156
28772,1.02,0.2,0.82,0.0,14:12:00,113.69,200,113.76,100,113.6912,103
29109,3.59,2.64,0.95,0.0,14:18:00,113.72,100,113.8,500,113.792,100
29877,0.61,0.21,0.4,27.54,14:27:27,113.66,200,113.71,100,113.6874,100
29991,0.6,0.08,0.52,26.230000000000008,14:28:26,113.64,100,113.72,200,113.6792,150
30367,0.6000000000000001,0.07,0.53,0.0,14:33:00,113.73,200,113.79,200,113.764,250
30436,0.75,0.25,0.5,6.32,14:34:06,113.74,100,113.79,200,113.7623,100
30769,0.75,0.13,0.62,48.53000000000001,14:39:48,113.84,500,113.91,100,113.9,100
30956,0.6200000000000001,0.07,0.55,15.43,14:42:15,113.87,100,113.97,100,113.915,200
31076,0.43,0.07,0.36,0.0,14:43:00,113.88,100,113.97,200,113.9206,100
31178,0.76,0.07,0.69,44.21,14:44:44,113.86,400,113.96,100,113.902,200
31684,1.78,1.32,0.46,0.0,14:51:00,113.81,100,113.88,200,113.845,100
32194,0.5700000000000001,0.07,0.5,48.83000000000002,14:57:48,113.61,100,113.75,400,113.611,140
32717,0.61,0.09,0.52,0.0,15:04:00,113.65,100,113.75,100,113.706,500
33267,0.44,0.07,0.37,24.030000000000005,15:11:24,113.67,100,113.75,100,113.6988,1000
33792,2.1799999999999997,1.71,0.47,0.0,15:17:00,113.79,200,113.88,200,113.835,7900
34165,0.78,0.18,0.6,15.829999999999998,15:21:15,113.83,200,113.87,200,113.8476,100
34225,0.77,0.17,0.6,0.0,15:22:00,113.84,100,113.88,100,113.8456,250
34249,0.61,0.21,0.4,15.189999999999998,15:22:15,113.89,200,113.94,100,113.92,100
34371,0.6100000000000001,0.07,0.54,0.0,15:24:00,113.92,100,113.99,1500,113.95,100
34399,0.62,0.18,0.44,25.59,15:24:25,113.89,200,113.96,100,113.9525,100
34551,1.01,0.42,0.59,0.0,15:26:00,113.92,100,113.96,300,113.9426,1000
35221,1.4100000000000001,0.89,0.52,20.230000000000004,15:34:20,113.84,100,113.89,200,113.865,200
35227,0.5800000000000001,0.07,0.51,24.000000000000007,15:34:24,113.84,100,113.87,100,113.8568,100
35230,0.59,0.08,0.51,25.810000000000006,15:34:25,113.84,100,113.87,100,113.853,200
35534,0.61,0.2,0.41,40.45,15:37:40,113.87,600,113.91,200,113.8908,100
36029,0.5700000000000001,0.14,0.43,34.160000000000004,15:43:34,113.88,400,113.91,200,113.8801,100
36212,0.58,0.09,0.49,40.18000000000001,15:45:40,114.03,100,114.05,200,114.04,100
36258,2.02,1.5,0.52,2.02,15:46:02,114.0,400,114.03,200,114.005,100
36313,0.77,0.07,0.7,41.370000000000005,15:46:41,114.02,200,114.07,100,114.07,100
36341,0.6300000000000001,0.07,0.56,10.030000000000001,15:47:10,114.12,100,114.17,200,114.14,100
36351,0.44,0.08,0.36,17.030000000000005,15:47:17,114.14,200,114.2,200,114.161,242
36462,0.59,0.11,0.48,26.010000000000005,15:48:26,114.17,200,114.19,100,114.175,200
36472,0.6200000000000001,0.07,0.55,32.41,15:48:32,114.17,300,114.19,200,114.18,100
36584,0.58,0.17,0.41,49.58999999999998,15:49:49,114.21,200,114.24,100,114.23,100
36588,0.5900000000000001,0.13,0.46,0.0,15:50:00,114.21,200,114.23,100,114.33,100
36591,0.6,0.18,0.42,1.81,15:50:01,114.25,100,114.31,200,114.31,100
36594,0.81,0.07,0.74,4.57,15:50:04,114.24,300,114.25,100,114.24,100
36596,1.01,0.23,0.78,6.5600000000000005,15:50:06,114.24,200,114.25,300,114.25,100
36602,0.64,0.08,0.56,12.400000000000002,15:50:12,114.24,300,114.25,300,114.249,500
36609,0.8,0.07,0.73,20.380000000000006,15:50:20,114.24,400,114.25,300,114.245,100
36620,0.58,0.08,0.5,27.75000000000001,15:50:27,114.24,500,114.26,200,114.26,100
36635,0.81,0.2,0.61,38.17000000000002,15:50:38,114.24,600,114.27,200,114.27,100
36644,0.7899999999999999,0.09,0.7,45.600000000000016,15:50:45,114.24,300,114.27,300,114.2536,100
36664,1.55,0.89,0.66,5.39,15:51:05,114.26,300,114.28,200,114.28,100
36669,0.6100000000000001,0.07,0.54,10.199999999999998,15:51:10,114.26,500,114.29,100,114.29,100
36718,0.8200000000000001,0.28,0.54,48.38999999999999,15:51:48,114.25,200,114.26,100,114.255,100
36723,0.78,0.29,0.49,51.99999999999999,15:51:51,114.25,200,114.26,200,114.2525,100
36745,2.4299999999999997,1.9,0.53,14.559999999999999,15:52:14,114.25,1000,114.28,100,114.265,120
36794,0.95,0.36,0.59,50.160000000000025,15:52:50,114.25,900,114.28,200,114.2575,100
36918,0.62,0.18,0.44,24.610000000000003,15:54:24,114.3,600,114.33,100,114.32,100
36947,0.6,0.21,0.39,42.460000000000015,15:54:42,114.3,400,114.33,300,114.315,100
36952,0.6000000000000001,0.07,0.53,46.06000000000002,15:54:46,114.3,400,114.32,200,114.3,100
37003,0.61,0.08,0.53,24.38,15:55:24,114.32,600,114.34,900,114.34,100
37032,0.6000000000000001,0.07,0.53,44.17,15:55:44,114.33,1400,114.35,1000,114.3301,108
37044,0.5700000000000001,0.07,0.5,52.190000000000005,15:55:52,114.34,300,114.36,200,114.35,100
37066,0.5700000000000001,0.23,0.34,15.810000000000002,15:56:15,114.34,900,114.36,300,114.36,100
37076,0.57,0.08,0.49,24.200000000000003,15:56:24,114.34,900,114.36,300,114.345,200
37094,0.6,0.21,0.39,34.02000000000001,15:56:34,114.36,300,114.38,400,114.37,100
37098,0.55,0.2,0.35,36.220000000000006,15:56:36,114.36,600,114.38,100,114.38,200
37103,0.78,0.37,0.41,40.24000000000001,15:56:40,114.37,400,114.39,200,114.39,100
37144,0.46,0.07,0.39,5.2299999999999995,15:57:05,114.33,900,114.34,300,114.335,100
37170,0.8600000000000001,0.18,0.68,29.860000000000003,15:57:29,114.3,200,114.31,300,114.3001,103
37173,93.83,93.24,0.59,0.0,15:59:00,114.22,1800,114.23,1000,114.22,100
37176,0.75,0.29,0.46,1.9700000000000002,15:59:01,114.22,2300,114.23,1300,114.2252,300
37199,0.75,0.19,0.56,20.750000000000004,15:59:20,114.23,1200,114.26,700,114.2301,104
