,Total Delay,Request Delay,Saving Delay,Arrival Time,Time,Bid,Bid Size,Ask,Ask Size,Last Price,Last Size
0,0.6499999999999999,0.3,0.35,0.6499999999999999,09:30:00,39.33,2900,39.34,1900,39.35,200
6,0.28,0.08,0.2,2.6000000000000005,09:30:02,39.33,3100,39.34,1400,39.34,400
12,0.35,0.16,0.19,4.76,09:30:04,39.33,2900,39.34,2700,39.33,100
32,0.43,0.21,0.22,12.59,09:30:12,39.31,100,39.32,1800,39.32,100
36,0.42000000000000004,0.19,0.23,14.149999999999999,09:30:14,39.31,100,39.32,1800,39.31,100
45,0.32,0.09,0.23,0.0,09:31:00,39.35,300,39.36,100,39.36,100
46,0.35000000000000003,0.08,0.27,0.35000000000000003,09:31:00,39.35,300,39.36,100,39.3575,101
69,0.42,0.21,0.21,12.38,09:31:12,39.37,400,39.38,1000,39.3733,843
75,0.89,0.62,0.27,16.97,09:31:16,39.38,4400,39.39,100,39.39,1100
77,1.79,1.43,0.36,19.189999999999998,09:31:19,39.38,1600,39.39,500,39.389,325
94,0.27,0.07,0.2,26.520000000000003,09:31:26,39.37,1100,39.38,700,39.38,100
105,0.41000000000000003,0.23,0.18,30.700000000000003,09:31:30,39.37,400,39.38,300,39.3728,750
144,0.46,0.18,0.28,44.810000000000024,09:31:44,39.4,400,39.41,100,39.41,200
148,0.4,0.08,0.32,46.49000000000002,09:31:46,39.41,300,39.42,7900,39.42,100
175,0.32,0.14,0.18,56.32000000000002,09:31:56,39.4,100,39.41,200,39.4085,125
176,0.33,0.16,0.17,56.65000000000002,09:31:56,39.39,1100,39.4,800,39.4,100
258,0.39,0.22,0.17,29.359999999999996,09:32:29,39.35,1500,39.36,100,39.345,200
276,0.24000000000000002,0.07,0.17,35.19,09:32:35,39.36,1100,39.37,100,39.37,100
315,0.3,0.08,0.22,47.38000000000002,09:32:47,39.39,900,39.4,600,39.3944,1500
359,0.35,0.18,0.17,15.84,09:33:15,39.36,1900,39.37,700,39.3701,100
614,0.38,0.08,0.3,0.0,09:35:00,39.34,700,39.35,600,39.355,100
625,2.72,2.35,0.37,14.980000000000002,09:35:14,39.32,500,39.33,500,39.3201,100
668,0.26,0.07,0.19,32.669999999999995,09:35:32,39.32,300,39.33,1700,39.325,100
695,0.6200000000000001,0.28,0.34,42.92,09:35:42,39.3,400,39.31,1600,39.305,100
714,0.44,0.26,0.18,48.92000000000001,09:35:48,39.28,300,39.29,1000,39.285,100
733,0.35,0.19,0.16,54.79000000000001,09:35:54,39.29,300,39.3,2000,39.29,100
741,0.23,0.07,0.16,56.81000000000002,09:35:56,39.3,200,39.31,1400,39.3,100
837,0.67,0.44,0.23,39.870000000000005,09:36:39,39.31,600,39.32,800,39.315,100
866,0.42,0.21,0.21,52.170000000000016,09:36:52,39.35,400,39.36,1100,39.3581,180
914,0.41000000000000003,0.21,0.2,24.31,09:37:24,39.33,400,39.34,600,39.335,100
998,0.48,0.21,0.27,60.17999999999997,09:38:00,39.35,400,39.36,900,39.3501,199
1007,0.48000000000000004,0.2,0.28,2.18,09:38:02,39.35,400,39.36,1100,39.359,400
1043,0.49,0.08,0.41,24.18,09:38:24,39.37,400,39.38,4400,39.379,100
1059,0.4,0.09,0.31,31.75,09:38:31,39.37,1900,39.38,300,39.375,153
1080,0.46,0.23,0.23,40.2,09:38:40,39.35,700,39.36,3000,39.357,1445
1156,0.27,0.07,0.2,17.47,09:39:17,39.34,1000,39.35,600,39.3499,100
1172,0.31,0.07,0.24,25.76,09:39:25,39.35,800,39.36,800,39.3535,500
1181,0.43,0.18,0.25,29.51000000000001,09:39:29,39.35,200,39.36,7200,39.3522,600
1187,0.34,0.08,0.26,31.74000000000001,09:39:31,39.34,1000,39.35,900,39.3444,200
1216,0.49,0.22,0.27,44.070000000000036,09:39:44,39.33,1400,39.34,5700,39.3389,700
1220,0.29000000000000004,0.07,0.22,45.470000000000034,09:39:45,39.35,2400,39.36,1200,39.336,100
1256,0.5800000000000001,0.3,0.28,57.83000000000003,09:39:57,39.36,2200,39.37,200,39.3601,100
1295,0.29000000000000004,0.07,0.22,19.1,09:40:19,39.34,900,39.35,2900,39.3401,749
1308,0.42,0.18,0.24,23.730000000000004,09:40:23,39.35,1300,39.36,700,39.3557,102
1330,0.38,0.19,0.19,31.66,09:40:31,39.35,700,39.36,800,39.3544,400
1434,0.97,0.67,0.3,16.49,09:41:16,39.33,700,39.34,1100,39.3371,107
1498,0.41000000000000003,0.22,0.19,42.139999999999986,09:41:42,39.32,1800,39.33,1100,39.3258,488
1533,0.41000000000000003,0.17,0.24,55.86999999999998,09:41:55,39.35,1400,39.36,600,39.3517,237
1581,0.4,0.16,0.24,23.819999999999997,09:42:23,39.35,1900,39.36,700,39.3507,200
1600,0.33,0.08,0.25,32.019999999999996,09:42:32,39.35,2100,39.36,700,39.3565,143
1658,0.76,0.29,0.47,56.30999999999998,09:42:56,39.33,1300,39.34,1600,39.336999999999996,600
1746,0.31,0.08,0.23,35.91,09:43:35,39.31,1900,39.32,1100,39.3075,100
1778,0.48,0.21,0.27,47.940000000000005,09:43:47,39.32,2800,39.33,1400,39.3325,100
1804,0.33999999999999997,0.15,0.19,0.0,09:44:00,39.33,2600,39.34,800,39.333,800
2025,0.35000000000000003,0.08,0.27,36.00000000000001,09:45:36,39.36,800,39.37,1000,39.365,100
2093,0.32,0.07,0.25,3.78,09:46:03,39.38,4100,39.39,700,39.385,100
2118,2.44,2.1,0.34,21.35,09:46:21,39.42,3800,39.43,200,39.43,100
2124,0.31,0.09,0.22,23.840000000000003,09:46:23,39.43,2300,39.44,300,39.44,100
2130,0.43,0.18,0.25,25.950000000000003,09:46:25,39.43,2400,39.44,300,39.4399,200
2158,0.32999999999999996,0.09,0.24,36.05000000000001,09:46:36,39.44,2000,39.45,4100,39.445,100
2174,0.43000000000000005,0.23,0.2,42.05000000000002,09:46:42,39.44,1900,39.45,4100,39.4401,3000
2185,0.39,0.18,0.21,45.910000000000025,09:46:45,39.44,3400,39.45,3900,39.45,100
2197,0.34,0.14,0.2,50.00000000000003,09:46:50,39.45,4000,39.46,400,39.4581,400
2203,0.33,0.14,0.19,51.81000000000003,09:46:51,39.45,3400,39.46,600,39.46,100
2227,0.25,0.07,0.18,0.0,09:47:00,39.45,2900,39.46,1300,39.455,100
2245,0.37,0.08,0.29,6.360000000000001,09:47:06,39.45,2700,39.46,1600,39.4501,352
2257,4.91,4.57,0.34,15.370000000000001,09:47:15,39.45,3300,39.46,600,39.4566,2000
2258,0.44,0.23,0.21,15.81,09:47:15,39.45,3200,39.46,700,39.453,1000
2259,0.29,0.08,0.21,16.1,09:47:16,39.45,3200,39.46,700,39.4562,223
2273,0.37,0.2,0.17,21.899999999999995,09:47:21,39.44,1300,39.45,300,39.4465,262
2283,0.46,0.23,0.23,25.999999999999993,09:47:25,39.45,1300,39.46,1000,39.4538,241
2309,0.32999999999999996,0.09,0.24,36.40999999999999,09:47:36,39.44,900,39.45,900,39.443000000000005,100
2321,0.4,0.2,0.2,40.05,09:47:40,39.44,900,39.45,1000,39.4408,100
2328,0.3,0.09,0.21,42.06999999999999,09:47:42,39.44,800,39.45,1800,39.4499,350
2343,0.5900000000000001,0.27,0.32,48.38999999999999,09:47:48,39.43,1700,39.44,1700,39.4396,2000
2358,0.36000000000000004,0.08,0.28,54.33999999999999,09:47:54,39.43,1700,39.44,1600,39.435,200
2367,0.33,0.14,0.19,57.95999999999998,09:47:57,39.43,1700,39.44,1500,39.4361,100
2368,0.33,0.1,0.23,58.28999999999998,09:47:58,39.43,1800,39.44,800,39.4354,100
2378,0.44,0.21,0.23,2.0500000000000003,09:48:02,39.44,1800,39.45,500,39.4454,100
2409,0.31,0.08,0.23,15.780000000000003,09:48:15,39.44,1700,39.45,400,39.4443,184
2414,3.29,3.03,0.26,20.97,09:48:20,39.45,1900,39.46,300,39.4535,1000
2447,0.42000000000000004,0.23,0.19,31.899999999999995,09:48:31,39.45,1300,39.46,800,39.459,488
2458,0.34,0.17,0.17,35.73,09:48:35,39.45,1300,39.46,800,39.4554,300
2479,0.27,0.08,0.19,43.82,09:48:43,39.46,1500,39.47,700,39.4675,1000
2485,0.34,0.07,0.27,45.93,09:48:45,39.46,1500,39.47,600,39.47,100
2514,0.49,0.27,0.22,55.850000000000016,09:48:55,39.46,1900,39.47,400,39.465,100
2519,0.44,0.14,0.3,57.930000000000014,09:48:57,39.46,2000,39.47,500,39.4696,633
2528,0.48000000000000004,0.2,0.28,0.0,09:49:00,39.46,1500,39.47,600,39.4656,1000
2533,0.51,0.15,0.36,2.0,09:49:02,39.46,1500,39.47,900,39.4601,7800
2538,0.37,0.08,0.29,4.159999999999999,09:49:04,39.46,1800,39.47,800,39.4699,1717
2543,2.41,1.99,0.42,10.079999999999998,09:49:10,39.46,2200,39.47,900,39.4644,1000
2547,0.38,0.18,0.2,12.04,09:49:12,39.46,2400,39.47,500,39.4615,478
2550,2.28,1.94,0.34,18.669999999999998,09:49:18,39.47,3100,39.48,1600,39.4723,1000
2569,0.66,0.23,0.43,26.47,09:49:26,39.46,1000,39.47,2300,39.475,100
2590,0.35000000000000003,0.07,0.28,35.85000000000001,09:49:35,39.45,1600,39.46,1300,39.4557,100
2638,0.33,0.1,0.23,53.84000000000003,09:49:53,39.44,1400,39.45,1800,39.4457,100
2658,0.41000000000000003,0.15,0.26,0.0,09:50:00,39.44,1000,39.45,1800,39.446999999999996,1900
2667,0.5499999999999999,0.08,0.47,4.06,09:50:04,39.44,1200,39.45,1800,39.4461,300
2684,0.37,0.17,0.2,18.189999999999998,09:50:18,39.43,700,39.44,1100,39.4339,200
2689,0.3,0.08,0.22,19.749999999999996,09:50:19,39.43,700,39.44,1000,39.4356,1000
2712,0.5,0.27,0.23,28.24,09:50:28,39.42,1600,39.43,1200,39.4299,600
2729,0.37,0.14,0.23,35.31000000000001,09:50:35,39.42,700,39.43,1600,39.425,100
2751,5.26,5.09,0.17,47.98000000000001,09:50:47,39.42,800,39.43,1300,39.4295,180
2773,0.29,0.08,0.21,0.0,09:51:00,39.42,1600,39.43,1300,39.4277,100
2779,0.44999999999999996,0.21,0.24,2.1,09:51:02,39.42,800,39.43,1300,39.4253,196
2992,0.39,0.19,0.2,29.950000000000003,09:52:29,39.45,1900,39.46,800,39.4543,600
3014,0.5,0.18,0.32,38.120000000000005,09:52:38,39.46,900,39.47,1700,39.4684,3000
3195,0.39,0.22,0.17,46.19999999999996,09:53:46,39.47,500,39.48,1500,39.4799,700
3201,0.36,0.2,0.16,48.049999999999955,09:53:48,39.47,2600,39.48,1100,39.48,100
3220,0.23,0.07,0.16,53.76999999999996,09:53:53,39.48,3200,39.49,800,39.485,120
3239,0.31,0.12,0.19,7.7299999999999995,09:54:07,39.47,1700,39.48,700,39.4741,800
3329,0.24000000000000002,0.07,0.17,45.69000000000001,09:54:45,39.46,1700,39.47,700,39.4651,750
3387,1.64,1.43,0.21,6.67,09:55:06,39.46,1300,39.47,1200,39.467,900
3410,0.32,0.08,0.24,20.449999999999996,09:55:20,39.45,1400,39.46,1500,39.4534,378
3444,0.6799999999999999,0.25,0.43,34.559999999999995,09:55:34,39.45,800,39.46,2500,39.4599,700
3484,0.33,0.07,0.26,50.16000000000002,09:55:50,39.44,900,39.45,3300,39.4463,500
3519,0.47,0.22,0.25,4.739999999999999,09:56:04,39.44,100,39.45,4100,39.441,100
3529,0.52,0.2,0.32,12.39,09:56:12,39.43,700,39.44,1800,39.431,100
3533,0.45,0.23,0.22,13.96,09:56:13,39.43,2700,39.44,1400,39.4353,300
3700,0.33,0.14,0.19,27.92,09:57:27,39.43,600,39.44,2900,39.4337,500
3885,0.30000000000000004,0.07,0.23,36.75000000000001,09:58:36,39.44,2100,39.45,1000,39.4456,400
3897,0.28,0.08,0.2,40.63,09:58:40,39.44,2100,39.45,1000,39.4466,325
3949,2.23,1.97,0.26,9.729999999999999,09:59:09,39.43,1500,39.44,1300,39.4351,100
4034,0.4,0.23,0.17,39.81000000000001,09:59:39,39.43,1000,39.44,1600,39.4336,100
4045,0.4,0.19,0.21,44.150000000000006,09:59:44,39.42,1200,39.43,1300,39.415,100
4104,3.3400000000000003,2.95,0.39,6.98,10:00:06,39.41,1300,39.42,700,39.4156,150
4107,0.32,0.07,0.25,8.110000000000001,10:00:08,39.4,1000,39.41,900,39.4001,100
4145,0.45000000000000007,0.17,0.28,30.170000000000005,10:00:30,39.42,200,39.43,1500,39.4252,200
4223,0.41000000000000003,0.18,0.23,13.82,10:01:13,39.44,4000,39.45,700,39.4476,700
4238,0.27,0.07,0.2,21.480000000000004,10:01:21,39.46,2900,39.47,6100,39.4646,203
4306,0.29000000000000004,0.1,0.19,43.47000000000003,10:01:43,39.45,4100,39.46,700,39.4507,500
4311,0.44999999999999996,0.24,0.21,45.60000000000003,10:01:45,39.45,4100,39.46,400,39.4508,100
4330,0.28,0.08,0.2,51.47000000000004,10:01:51,39.45,4100,39.46,1200,39.457,130
4438,0.32,0.08,0.24,40.00000000000001,10:02:40,39.47,1400,39.48,5200,39.474000000000004,200
4449,0.33,0.14,0.19,43.890000000000015,10:02:43,39.47,1400,39.48,5200,39.4734,500
4450,0.27,0.08,0.19,44.16000000000002,10:02:44,39.47,1500,39.48,5200,39.472,261
4467,0.37,0.13,0.24,50.00000000000002,10:02:50,39.47,3300,39.48,4800,39.4701,400
4478,0.34,0.08,0.26,54.06000000000003,10:02:54,39.48,2200,39.49,3600,39.4792,100
4484,0.4,0.18,0.22,56.29000000000003,10:02:56,39.48,1700,39.49,3300,39.4899,750
4494,0.36,0.12,0.24,0.0,10:03:00,39.49,2300,39.5,25800,39.4908,100
4499,0.30000000000000004,0.1,0.2,1.8900000000000001,10:03:01,39.49,1100,39.5,26700,39.495,400
4505,0.26,0.07,0.19,3.75,10:03:03,39.48,2500,39.49,1100,39.49,100
4529,0.26,0.08,0.18,13.740000000000004,10:03:13,39.48,2800,39.49,1200,39.481,209
4538,2.86,2.63,0.23,21.700000000000003,10:03:21,39.48,3700,39.49,1100,39.4801,200
4539,0.25,0.07,0.18,21.950000000000003,10:03:21,39.48,3700,39.49,1100,39.4869,100
4563,0.27,0.08,0.19,29.710000000000008,10:03:29,39.48,3800,39.49,1600,39.4815,100
4595,0.27,0.1,0.17,39.790000000000006,10:03:39,39.49,5300,39.5,1000,39.5,100
4632,0.4,0.21,0.19,51.69,10:03:51,39.49,4700,39.5,900,39.4901,100
4658,0.34,0.08,0.26,0.0,10:04:00,39.49,4200,39.5,1500,39.4936,1000
4663,0.42,0.18,0.24,2.02,10:04:02,39.49,4200,39.5,1500,39.4973,500
4671,1.4,1.13,0.27,7.880000000000001,10:04:07,39.49,4600,39.5,400,39.4966,1100
4673,0.38,0.14,0.24,12.110000000000001,10:04:12,39.5,1400,39.51,900,39.51,700
4697,0.26,0.07,0.19,24.21,10:04:24,39.51,1800,39.52,4100,39.515,235
4702,0.47000000000000003,0.13,0.34,26.24,10:04:26,39.51,1900,39.52,4100,39.52,453
4717,0.56,0.26,0.3,32.330000000000005,10:04:32,39.51,5300,39.52,4100,39.5128,300
4727,0.47000000000000003,0.27,0.2,36.16,10:04:36,39.53,5400,39.54,700,39.54,100
4732,0.52,0.21,0.31,38.21,10:04:38,39.52,1400,39.53,2100,39.53,100
4765,0.43,0.12,0.31,50.379999999999995,10:04:50,39.52,4800,39.53,2800,39.525,500
4778,0.47,0.21,0.26,56.47999999999999,10:04:56,39.52,4700,39.53,3400,39.5238,159
4819,2.35,1.95,0.4,18.420000000000005,10:05:18,39.54,2000,39.55,3200,39.535,100
4822,2.16,1.81,0.35,21.390000000000004,10:05:21,39.54,4600,39.55,1900,39.545,100
4823,0.3,0.09,0.21,21.690000000000005,10:05:21,39.54,4600,39.55,1900,39.55,100
4869,0.26,0.08,0.18,37.82999999999999,10:05:37,39.54,4700,39.55,10700,39.5489,100
4952,2.39,2.14,0.25,16.930000000000003,10:06:16,39.54,4900,39.55,12600,39.5433,200
4994,0.45999999999999996,0.22,0.24,32.309999999999995,10:06:32,39.54,4800,39.55,12700,39.5401,10000
5089,0.27,0.09,0.18,5.57,10:07:05,39.54,6000,39.55,6700,39.5446,201
5233,0.33999999999999997,0.18,0.16,4.05,10:08:04,39.54,5600,39.55,2500,39.543,268
5273,0.34,0.07,0.27,24.1,10:08:24,39.51,4500,39.52,2200,39.5106,235
5283,0.36,0.13,0.23,28.07,10:08:28,39.51,3900,39.52,2200,39.5158,200
5338,0.26,0.07,0.19,48.12000000000002,10:08:48,39.51,4000,39.52,2200,39.5132,100
5367,0.28,0.07,0.21,58.0,10:08:58,39.51,5900,39.52,2200,39.5117,195
5546,0.32,0.12,0.2,0.0,10:13:00,39.55,3600,39.56,1000,39.555,100
5557,0.35000000000000003,0.07,0.28,4.1499999999999995,10:13:04,39.55,4100,39.56,1000,39.56,100
5559,1.82,1.57,0.25,6.64,10:13:06,39.55,8200,39.56,1000,39.5501,100
5709,0.34,0.17,0.17,6.19,10:14:06,39.52,2400,39.53,3600,39.5247,117
5715,0.36,0.17,0.19,7.960000000000001,10:14:07,39.52,2400,39.53,3600,39.529,400
5772,0.23,0.07,0.16,37.91,10:14:37,39.53,5200,39.54,1200,39.5313,100
5792,0.37,0.2,0.17,44.110000000000014,10:14:44,39.53,5700,39.54,1800,39.532,400
5843,0.35,0.17,0.18,0.0,10:15:00,39.51,3900,39.52,1000,39.5135,665
5853,0.29000000000000004,0.07,0.22,5.38,10:15:05,39.51,3200,39.52,1600,39.5142,500
5861,3.37,3.02,0.35,10.75,10:15:10,39.51,1200,39.52,1700,39.5156,189
5896,0.33,0.14,0.19,29.79999999999999,10:15:29,39.51,1200,39.52,2400,39.516999999999996,100
5990,0.39,0.18,0.21,57.95000000000003,10:15:57,39.51,2700,39.52,3100,39.5134,250
6018,0.26,0.08,0.18,9.29,10:16:09,39.51,1900,39.52,3200,39.5101,225
6026,1.61,1.35,0.26,14.669999999999998,10:16:14,39.51,2800,39.52,2500,39.510999999999996,256
6030,1.88,1.53,0.35,17.499999999999996,10:16:17,39.51,2800,39.52,2500,39.5152,100
6031,0.27,0.08,0.19,17.769999999999996,10:16:17,39.51,2800,39.52,2500,39.5199,200
6037,0.26,0.07,0.19,19.829999999999995,10:16:19,39.51,3500,39.52,2500,39.5151,300
6099,0.33,0.08,0.25,40.00000000000001,10:16:40,39.51,2900,39.52,3000,39.5136,100
6128,0.25,0.07,0.18,49.860000000000014,10:16:49,39.5,5500,39.51,700,39.505,100
6151,0.29000000000000004,0.07,0.22,2.24,10:17:02,39.5,2300,39.51,3100,39.5064,213
6160,1.41,1.18,0.23,12.950000000000001,10:17:12,39.49,1900,39.5,2400,39.491,800
6176,0.26,0.07,0.19,22.070000000000007,10:17:22,39.49,1800,39.5,2100,39.4961,300
6191,0.29000000000000004,0.07,0.22,27.910000000000004,10:17:27,39.49,1600,39.5,2200,39.4999,100
6225,0.28,0.08,0.2,40.20000000000004,10:17:40,39.49,2800,39.5,2100,39.493,195
6297,0.8600000000000001,0.55,0.31,16.39,10:18:16,39.49,1400,39.5,3400,39.4949,100
6334,0.3,0.08,0.22,6.3,10:19:06,39.48,3000,39.49,2800,39.4842,300
6340,0.37,0.17,0.2,8.44,10:19:08,39.48,2900,39.49,3200,39.483000000000004,1000
6373,0.38,0.18,0.2,20.409999999999993,10:19:20,39.48,3000,39.49,4500,39.4893,200
6379,0.42000000000000004,0.19,0.23,22.569999999999993,10:19:22,39.48,2500,39.49,4500,39.4858,205
6483,0.36,0.14,0.22,28.060000000000006,10:20:28,39.48,2600,39.49,1300,39.4878,1000
6531,0.43000000000000005,0.15,0.28,46.13000000000003,10:20:46,39.48,2400,39.49,1700,39.4864,179
6563,0.71,0.23,0.48,12.68,10:21:12,39.49,900,39.5,2700,39.4942,105
6605,0.5900000000000001,0.07,0.52,36.04999999999999,10:21:36,39.48,700,39.49,3600,39.4846,250
6677,0.47000000000000003,0.08,0.39,42.190000000000026,10:22:42,39.5,2900,39.51,3100,39.5099,500
6684,0.38,0.08,0.3,45.83000000000003,10:22:45,39.5,2300,39.51,3200,39.5001,6087
6708,0.37,0.09,0.28,55.77000000000002,10:22:55,39.5,1300,39.51,3100,39.5034,200
6724,0.64,0.25,0.39,2.3600000000000003,10:23:02,39.5,2700,39.51,1500,39.5056,200
6798,0.42000000000000004,0.19,0.23,44.209999999999994,10:23:44,39.5,3300,39.51,2000,39.5054,150
6905,0.5,0.18,0.32,32.00999999999999,10:24:32,39.5,1600,39.51,4900,39.5081,760
6919,0.44999999999999996,0.24,0.21,38.009999999999984,10:24:38,39.5,1500,39.51,4200,39.5043,100
7137,0.33,0.08,0.25,33.800000000000004,10:26:33,39.48,1400,39.49,3100,39.4841,9256
7142,0.32,0.07,0.25,35.790000000000006,10:26:35,39.48,1400,39.49,3100,39.4889,172
7188,0.36,0.19,0.17,0.91,10:27:00,39.48,1100,39.49,4100,39.489000000000004,105
7193,0.4,0.22,0.18,3.0,10:27:03,39.48,2200,39.49,4100,39.4871,500
7205,0.24000000000000002,0.07,0.17,6.880000000000001,10:27:06,39.48,2200,39.49,4000,39.4825,100
7211,0.41000000000000003,0.16,0.25,8.900000000000002,10:27:08,39.48,2100,39.49,3900,39.4866,1000
7242,0.39,0.14,0.25,21.160000000000004,10:27:21,39.48,2000,39.49,4800,39.4803,100
7347,0.36,0.07,0.29,36.04999999999999,10:28:36,39.48,2200,39.49,4100,39.4856,500
7489,0.43000000000000005,0.23,0.2,30.04,10:29:30,39.47,3400,39.48,3600,39.4703,800
7534,0.25,0.07,0.18,45.61000000000002,10:29:45,39.47,900,39.48,3600,39.473,200
7616,0.67,0.27,0.4,25.88,10:30:25,39.49,800,39.5,6000,39.4951,370
7620,0.43,0.21,0.22,27.599999999999998,10:30:27,39.49,800,39.5,6000,39.4914,100
7934,0.37,0.15,0.22,0.0,10:34:00,39.45,8100,39.46,2800,39.4584,235
7946,0.41000000000000003,0.21,0.2,4.04,10:34:04,39.45,8100,39.46,3900,39.4503,1400
8063,0.6000000000000001,0.07,0.53,58.17,10:34:58,39.46,600,39.47,6000,39.4611,2480
8081,0.75,0.19,0.56,5.99,10:35:05,39.46,2600,39.47,3100,39.4607,124
8089,0.5599999999999999,0.08,0.48,11.96,10:35:11,39.46,2800,39.47,3200,39.469,300
8099,0.57,0.08,0.49,18.0,10:35:18,39.46,3000,39.47,3000,39.4664,250
8155,2.19,1.58,0.61,9.99,10:36:09,39.47,1700,39.48,2900,39.4707,100
8183,0.5900000000000001,0.14,0.45,30.37,10:36:30,39.47,2000,39.48,1800,39.479,175
8191,0.76,0.07,0.69,35.199999999999996,10:36:35,39.47,3100,39.48,1800,39.471,100
8236,0.6,0.17,0.43,3.97,10:37:03,39.47,1700,39.48,3100,39.4763,150
8241,0.5700000000000001,0.07,0.5,7.950000000000001,10:37:07,39.47,1800,39.48,4900,39.4765,127
8244,0.6000000000000001,0.2,0.4,9.56,10:37:09,39.47,1800,39.48,3600,39.4756,110
8266,0.6,0.17,0.43,25.70000000000001,10:37:25,39.46,2100,39.47,3400,39.4685,378
8277,0.63,0.25,0.38,31.71000000000001,10:37:31,39.47,1100,39.48,3800,39.4795,900
8441,0.84,0.12,0.72,27.559999999999995,10:39:27,39.44,1500,39.45,2400,39.442,500
8545,0.5900000000000001,0.07,0.52,48.27000000000003,10:40:48,39.45,2800,39.46,2500,39.458,113
8582,3.0200000000000005,2.49,0.53,10.39,10:41:10,39.44,2400,39.45,2200,39.4451,200
8618,0.5700000000000001,0.07,0.5,33.94,10:41:33,39.43,1900,39.44,2100,39.4366,1000
8715,0.6000000000000001,0.07,0.53,38.09,10:42:38,39.43,900,39.44,5100,39.437,327
8726,0.45,0.08,0.37,44.09,10:42:44,39.43,1000,39.44,6700,39.4335,163
8786,0.79,0.28,0.51,26.22,10:43:26,39.44,4700,39.45,1000,39.4453,600
8789,0.8099999999999999,0.21,0.6,28.599999999999998,10:43:28,39.44,4600,39.45,1000,39.4492,3000
8852,2.2,1.66,0.54,10.560000000000002,10:44:10,39.44,2900,39.45,1500,39.4452,100
8869,0.78,0.17,0.61,22.520000000000007,10:44:22,39.44,3800,39.45,1600,39.449,270
8959,0.61,0.21,0.4,22.429999999999996,10:45:22,39.45,6300,39.46,1400,39.4561,399
9068,0.6100000000000001,0.07,0.54,33.8,10:46:33,39.46,5200,39.47,1000,39.463,384
9108,0.62,0.19,0.43,5.39,10:47:05,39.44,3000,39.45,3500,39.4436,226
9119,0.63,0.19,0.44,18.389999999999997,10:47:18,39.44,5900,39.45,900,39.4435,665
9203,4.82,4.37,0.45,14.629999999999999,10:48:14,39.45,2500,39.46,2900,39.4553,181
9253,0.77,0.4,0.37,45.62,10:48:45,39.44,2300,39.45,3800,39.4423,1000
9267,0.44,0.07,0.37,53.24999999999999,10:48:53,39.44,2300,39.45,3200,39.4464,200
9360,0.6,0.13,0.47,54.240000000000016,10:49:54,39.41,900,39.42,2400,39.4161,145
9381,3.3899999999999997,2.88,0.51,11.989999999999998,10:50:11,39.4,6600,39.41,1500,39.4099,1100
9384,0.5800000000000001,0.07,0.51,13.79,10:50:13,39.41,4800,39.42,5800,39.405,100
9388,2.7600000000000002,2.18,0.58,19.98,10:50:19,39.41,5100,39.42,4200,39.4141,2000
9406,0.59,0.16,0.43,30.36000000000001,10:50:30,39.39,1100,39.4,4100,39.3957,150
9434,0.5900000000000001,0.07,0.52,45.930000000000014,10:50:45,39.39,1000,39.4,2800,39.393,101
9441,0.5800000000000001,0.13,0.45,49.91000000000001,10:50:49,39.39,800,39.4,3300,39.3938,275
9445,0.5700000000000001,0.2,0.37,51.940000000000005,10:50:51,39.39,700,39.4,4400,39.3901,2000
9456,0.44,0.07,0.37,58.16,10:50:58,39.38,600,39.39,10900,39.385999999999996,1000
9469,1.4100000000000001,0.74,0.67,8.66,10:51:08,39.38,4000,39.39,12400,39.3825,2000
9473,2.8099999999999996,2.34,0.47,15.620000000000001,10:51:15,39.37,1800,39.38,1200,39.3753,450
9563,0.62,0.13,0.49,21.990000000000006,10:52:21,39.38,3600,39.39,14600,39.3854,200
9576,0.62,0.21,0.41,30.37000000000001,10:52:30,39.38,900,39.39,14800,39.383,176
9590,0.79,0.2,0.59,40.15000000000001,10:52:40,39.39,3900,39.4,1000,39.395,100
9638,1.1400000000000001,0.54,0.6,10.37,10:53:10,39.4,2800,39.41,1200,39.4059,500
9644,2.5799999999999996,2.01,0.57,17.219999999999995,10:53:17,39.4,2800,39.41,1200,39.4043,251
9737,0.57,0.08,0.49,11.82,10:54:11,39.41,1500,39.42,2800,39.4157,100
9756,118.97,118.36,0.61,0.0,10:56:00,39.41,2400,39.42,4500,39.4199,200
9769,0.79,0.23,0.56,8.86,10:56:08,39.41,2000,39.42,3300,39.4143,100
9821,1.79,1.23,0.56,13.760000000000002,10:57:13,39.41,3400,39.42,1600,39.4112,2500
9858,0.42,0.07,0.35,35.97000000000001,10:57:35,39.42,1000,39.43,2900,39.429,250
9937,0.5700000000000001,0.07,0.5,27.97,10:58:27,39.41,4000,39.42,900,39.4133,110
10010,0.6,0.25,0.35,0.0,10:59:00,39.43,4600,39.44,1100,39.4357,200
10019,1.78,1.35,0.43,8.78,10:59:08,39.43,4900,39.44,1100,39.439,1000
10061,0.57,0.22,0.35,31.390000000000008,10:59:31,39.44,3500,39.45,3000,39.4459,100
10071,0.61,0.15,0.46,37.180000000000014,10:59:37,39.44,2600,39.45,3100,39.4433,432
10103,0.6,0.08,0.52,10.209999999999999,11:00:10,39.46,4600,39.47,800,39.4634,150
10110,0.43,0.08,0.35,14.229999999999999,11:00:14,39.46,4000,39.47,1200,39.4619,2114
10175,0.58,0.08,0.5,0.0,11:01:00,39.45,1300,39.46,5300,39.4545,250
10184,0.59,0.24,0.35,9.790000000000001,11:01:09,39.45,2400,39.46,2900,39.4523,218
10228,0.61,0.2,0.41,41.6,11:01:41,39.44,11300,39.45,2700,39.4412,2000
10232,0.57,0.08,0.49,43.800000000000004,11:01:43,39.44,11400,39.45,2700,39.4434,150
10254,0.5800000000000001,0.27,0.31,55.98,11:01:55,39.44,10600,39.45,2800,39.4406,200
10264,0.6000000000000001,0.14,0.46,6.33,11:04:06,39.45,3700,39.46,1600,39.4575,100
10285,0.96,0.36,0.6,20.73,11:04:20,39.45,800,39.46,2200,39.4572,700
10334,0.8099999999999999,0.23,0.58,7.6,11:05:07,39.45,3100,39.46,2300,39.451,111
10473,0.44,0.13,0.31,35.15,11:06:35,39.43,2300,39.44,1800,39.4349,213
10526,0.6599999999999999,0.36,0.3,16.419999999999998,11:07:16,39.45,1200,39.46,15600,39.4528,1262
10608,0.43,0.07,0.36,3.8500000000000005,11:08:03,39.44,2700,39.45,1900,39.4446,150
10797,0.5800000000000001,0.07,0.51,5.8100000000000005,11:10:05,39.44,800,39.45,2900,39.4405,497
10803,0.57,0.08,0.49,14.99,11:10:14,39.44,700,39.45,3000,39.4418,2500
10889,0.5700000000000001,0.25,0.32,4.61,11:11:04,39.43,2300,39.44,2600,39.4358,100
10891,2.18,1.59,0.59,7.390000000000001,11:11:07,39.43,2300,39.44,2600,39.4393,200
11028,0.8099999999999999,0.24,0.57,50.82,11:12:50,39.41,2200,39.42,3000,39.4104,1000
11073,0.78,0.17,0.61,23.990000000000006,11:13:23,39.4,4500,39.41,1300,39.4084,1500
11137,0.5700000000000001,0.2,0.37,9.98,11:14:09,39.4,8600,39.41,3800,39.4067,3900
11149,1.15,0.65,0.5,18.77,11:14:18,39.4,7200,39.41,4800,39.4034,150
11165,0.6,0.23,0.37,28.189999999999994,11:14:28,39.4,7300,39.41,4800,39.4065,420
11202,0.44999999999999996,0.09,0.36,0.44999999999999996,11:16:00,39.4,1800,39.41,5300,39.4025,100
11217,0.81,0.18,0.63,10.040000000000001,11:16:10,39.39,1900,39.4,3100,39.3954,150
11431,0.78,0.16,0.62,18.420000000000005,11:19:18,39.36,1100,39.37,3000,39.3627,135
11458,0.58,0.22,0.36,37.459999999999994,11:19:37,39.36,1500,39.37,3400,39.361,100
11476,0.95,0.35,0.6,48.019999999999996,11:19:48,39.35,8300,39.36,900,39.3526,341
11478,0.62,0.08,0.54,49.459999999999994,11:19:49,39.36,6800,39.37,4500,39.3611,200
11481,0.6300000000000001,0.07,0.56,51.43,11:19:51,39.36,4200,39.37,4500,39.3608,100
11527,0.78,0.2,0.58,29.74,11:20:29,39.36,4700,39.37,4700,39.3649,100
11580,1.59,1.05,0.54,5.19,11:21:05,39.38,1400,39.39,2100,39.3864,770
11591,0.5900000000000001,0.25,0.34,18.2,11:21:18,39.38,1200,39.39,2500,39.3875,600
11618,0.6699999999999999,0.18,0.49,37.83,11:21:37,39.37,1800,39.38,3600,39.3756,225
11626,0.64,0.21,0.43,43.809999999999995,11:21:43,39.37,1900,39.38,3800,39.3758,200
11731,0.5900000000000001,0.14,0.45,54.08,11:22:54,39.37,1500,39.38,4200,39.3799,215
11769,0.79,0.34,0.45,22.580000000000002,11:23:22,39.36,4100,39.37,2900,39.3674,300
11772,0.75,0.2,0.55,24.53,11:23:24,39.36,1200,39.37,2900,39.3679,100
11804,0.63,0.18,0.45,44.36000000000002,11:23:44,39.35,7000,39.36,4000,39.3551,200
11807,0.6499999999999999,0.08,0.57,46.37000000000002,11:23:46,39.35,7000,39.36,4000,39.3555,112
11828,0.6,0.12,0.48,5.6,11:24:05,39.36,1300,39.37,2300,39.3665,100
11884,0.43,0.08,0.35,48.82000000000003,11:24:48,39.36,1900,39.37,1500,39.3655,182
11886,0.44,0.07,0.37,49.840000000000025,11:24:49,39.36,2300,39.37,2100,39.368,254
11889,0.5900000000000001,0.07,0.52,51.61000000000003,11:24:51,39.36,1800,39.37,2500,39.3638,150
11991,0.75,0.12,0.63,6.0,11:26:06,39.38,3000,39.39,1500,39.3883,120
11992,2.45,1.84,0.61,8.45,11:26:08,39.38,3100,39.39,1500,39.3849,100
12010,0.6,0.19,0.41,23.66,11:26:23,39.38,2100,39.39,3000,39.381,100
12099,0.63,0.08,0.55,32.24,11:29:32,39.38,2800,39.39,2100,39.3856,250
12108,0.77,0.07,0.7,38.58,11:29:38,39.38,600,39.39,3800,39.3855,106
12288,3.4000000000000004,2.87,0.53,10.39,11:32:10,39.38,3000,39.39,2900,39.3876,210
12520,0.6,0.08,0.52,41.600000000000016,11:34:41,39.37,1000,39.38,4300,39.3738,400
12529,0.5900000000000001,0.07,0.52,47.750000000000014,11:34:47,39.37,1000,39.38,4300,39.3757,220
12556,0.6000000000000001,0.07,0.53,6.199999999999999,11:35:06,39.37,3000,39.38,2300,39.3721,750
12623,0.6,0.09,0.51,10.57,11:37:10,39.44,2900,39.45,1100,39.4494,100
12626,1.8199999999999998,1.2,0.62,13.990000000000002,11:37:13,39.45,2400,39.46,900,39.4526,600
12741,0.6000000000000001,0.14,0.46,30.01,11:38:30,39.46,2700,39.47,500,39.4654,200
12782,0.62,0.14,0.48,1.62,11:40:01,39.48,2300,39.49,1800,39.4808,3000
12809,0.77,0.23,0.54,16.59,11:41:16,39.47,3500,39.48,4100,39.4784,140
12843,0.5900000000000001,0.14,0.45,40.01000000000001,11:41:40,39.48,600,39.49,1600,39.4867,100
12909,3.11,2.79,0.32,15.089999999999998,11:42:15,39.47,3100,39.48,1600,39.4738,100
12962,0.28,0.08,0.2,34.19,11:42:34,39.48,5500,39.49,500,39.4868,101
13004,0.39,0.19,0.2,48.13000000000002,11:42:48,39.48,3700,39.49,1900,39.486999999999995,200
13044,0.30000000000000004,0.14,0.16,5.6499999999999995,11:43:05,39.47,3700,39.48,3800,39.4757,200
13113,0.32,0.07,0.25,39.88000000000002,11:43:39,39.46,1500,39.47,3600,39.4659,300
13150,0.24000000000000002,0.07,0.17,2.82,11:45:02,39.48,6800,39.49,1700,39.4853,200
13235,0.54,0.21,0.33,28.949999999999996,11:45:28,39.47,500,39.48,5200,39.4744,114
13295,4.75,4.48,0.27,5.11,11:46:05,39.47,3300,39.48,3000,39.477,221
13322,0.29000000000000004,0.07,0.22,19.31,11:46:19,39.47,3300,39.48,3000,39.4749,350
13404,0.47,0.23,0.24,47.27000000000001,11:46:47,39.47,2800,39.48,2100,39.4771,300
13500,0.31,0.09,0.22,20.38,11:47:20,39.48,4400,39.49,1400,39.4861,350
13754,3.1999999999999997,3.03,0.17,11.51,11:49:11,39.47,4300,39.48,1300,39.4752,1087
13820,0.37,0.17,0.2,35.95999999999999,11:49:35,39.47,3400,39.48,1400,39.4727,621
13845,0.25,0.08,0.17,44.01,11:49:44,39.47,2300,39.48,1400,39.4735,178
13881,0.4,0.21,0.19,0.0,11:50:00,39.47,4400,39.48,1400,39.4754,500
13893,0.4,0.23,0.17,3.94,11:50:03,39.47,3500,39.48,1400,39.4793,400
13926,0.36,0.19,0.17,24.109999999999996,11:50:24,39.47,3600,39.48,2800,39.4766,100
13944,0.24,0.08,0.16,29.769999999999996,11:50:29,39.47,3600,39.48,2800,39.4732,300
13951,0.24,0.08,0.16,31.97,11:50:31,39.47,3600,39.48,2800,39.478,173
14158,0.28,0.07,0.21,49.69000000000002,11:51:49,39.47,3800,39.48,3200,39.4733,300
14209,0.37,0.07,0.3,6.130000000000001,11:52:06,39.47,3800,39.48,3200,39.4731,190
14276,0.26,0.07,0.19,32.27000000000002,11:52:32,39.47,3800,39.48,2900,39.4729,240
14523,0.30000000000000004,0.07,0.23,12.679999999999998,11:54:12,39.49,2700,39.5,11700,39.4989,100
14658,0.26,0.09,0.17,3.1399999999999997,11:55:03,39.49,1500,39.5,11600,39.4933,174
14673,1.01,0.82,0.19,12.24,11:55:12,39.49,2700,39.5,11500,39.4993,100
14883,0.6000000000000001,0.27,0.33,34.41000000000001,11:56:34,39.51,5800,39.52,1400,39.513000000000005,119
14965,0.4,0.18,0.22,3.12,11:57:03,39.51,5900,39.52,3900,39.5166,134
15136,0.53,0.25,0.28,22.29,11:58:22,39.52,3300,39.53,1100,39.5254,125
15599,0.28,0.1,0.18,23.77,12:01:23,39.53,3500,39.54,2300,39.539,270
15706,0.39,0.22,0.17,55.91999999999999,12:01:55,39.54,2100,39.55,3700,39.5466,500
15778,0.25,0.07,0.18,26.219999999999995,12:02:26,39.55,3900,39.56,4000,39.5543,100
15784,0.36,0.18,0.18,28.229999999999993,12:02:28,39.55,3900,39.56,4200,39.5565,188
15850,0.37,0.19,0.18,48.139999999999965,12:02:48,39.56,200,39.57,15100,39.565,200
15933,0.31,0.08,0.23,28.09,12:03:28,39.56,1700,39.57,3900,39.5656,104
15976,0.62,0.27,0.35,42.41000000000001,12:03:42,39.56,6100,39.57,3700,39.57,100
15987,0.46,0.23,0.23,46.070000000000014,12:03:46,39.57,4400,39.58,1900,39.58,100
16063,0.27,0.08,0.19,19.93,12:04:19,39.56,3500,39.57,1200,39.5699,100
16195,3.0,2.78,0.22,10.02,12:05:10,39.57,800,39.58,6600,39.575,100
16196,0.25,0.07,0.18,10.27,12:05:10,39.57,800,39.58,6400,39.5704,1000
16214,0.24000000000000002,0.07,0.17,19.99,12:05:19,39.57,1800,39.58,6400,39.5799,2000
16220,0.36,0.2,0.16,22.150000000000002,12:05:22,39.57,1900,39.58,6400,39.5743,160
16259,0.25,0.08,0.17,34.119999999999976,12:05:34,39.57,2300,39.58,5700,39.576,300
16307,0.39,0.19,0.2,50.199999999999996,12:05:50,39.58,1200,39.59,3400,39.585,100
16355,0.25,0.08,0.17,7.870000000000003,12:06:07,39.57,2100,39.58,3100,39.5732,140
16551,0.25,0.07,0.18,29.76,12:07:29,39.56,5100,39.57,700,39.5647,100
16580,0.25,0.07,0.18,39.77000000000002,12:07:39,39.56,4600,39.57,1600,39.5601,200
16686,0.33999999999999997,0.12,0.22,22.019999999999996,12:08:22,39.57,3300,39.58,3600,39.5767,250
17023,0.43,0.24,0.19,27.97999999999999,12:10:27,39.55,2600,39.56,1100,39.5511,170
17054,0.24000000000000002,0.07,0.17,38.06999999999999,12:10:38,39.55,4500,39.56,1200,39.553000000000004,400
17165,0.36,0.18,0.18,18.21,12:11:18,39.55,2700,39.56,3000,39.5546,969
17185,0.35,0.17,0.18,26.150000000000002,12:11:26,39.55,700,39.56,4600,39.5538,6760
17499,0.23,0.07,0.16,29.87,12:13:29,39.57,3100,39.58,3700,39.577,1000
17506,0.42000000000000004,0.26,0.16,32.04,12:13:32,39.57,3100,39.58,3500,39.579,120
17553,0.31000000000000005,0.14,0.17,46.000000000000014,12:13:46,39.56,3100,39.57,4800,39.5701,100
17573,0.39,0.23,0.16,52.080000000000005,12:13:52,39.56,2400,39.57,4200,39.5626,1947
17609,0.48,0.27,0.21,0.0,12:14:00,39.56,2300,39.57,4100,39.569,200
17640,0.54,0.29,0.25,15.820000000000004,12:14:15,39.56,2400,39.57,5000,39.5666,500
17683,0.45,0.2,0.25,30.04000000000001,12:14:30,39.56,1700,39.57,5300,39.5665,400
17688,0.49,0.19,0.3,32.31000000000001,12:14:32,39.56,1700,39.57,5300,39.5654,100
17701,0.52,0.21,0.31,38.15000000000002,12:14:38,39.56,2000,39.57,3800,39.561,200
17722,0.46,0.27,0.19,45.94000000000003,12:14:45,39.56,1900,39.57,3500,39.5657,100
17745,0.5800000000000001,0.27,0.31,54.16000000000003,12:14:54,39.56,500,39.57,3800,39.5635,313
17757,0.42000000000000004,0.1,0.32,1.81,12:15:01,39.56,3700,39.57,3400,39.5625,400
17772,0.36000000000000004,0.08,0.28,15.19,12:15:15,39.56,3800,39.57,3800,39.5638,300
17808,0.38,0.14,0.24,29.850000000000005,12:15:29,39.56,2700,39.57,4200,39.5649,100
17831,0.44999999999999996,0.24,0.21,37.980000000000025,12:15:37,39.56,3700,39.57,3800,39.5659,250
17862,0.42000000000000004,0.23,0.19,47.94000000000003,12:15:47,39.56,2700,39.57,4900,39.5688,253
17916,1.17,0.87,0.3,6.920000000000001,12:16:06,39.56,3800,39.57,3300,39.563,100
17930,1.43,1.22,0.21,12.560000000000002,12:16:12,39.56,3800,39.57,2300,39.5667,300
18051,0.25,0.08,0.17,0.0,12:17:00,39.56,4800,39.57,1700,39.5615,318
18150,0.30000000000000004,0.13,0.17,40.06999999999999,12:17:40,39.58,5000,39.59,3600,39.59,100
18170,0.38,0.22,0.16,46.36999999999999,12:17:46,39.59,2000,39.6,18700,39.5963,200
18180,0.25,0.09,0.16,49.08999999999998,12:17:49,39.59,4700,39.6,19400,39.595,100
18216,0.29000000000000004,0.12,0.17,0.0,12:18:00,39.58,5300,39.59,2700,39.5856,300
18223,0.33999999999999997,0.18,0.16,1.9299999999999997,12:18:01,39.58,5300,39.59,3500,39.5866,900
18256,0.25,0.09,0.16,21.79,12:18:21,39.58,5300,39.59,6000,39.589,4000
18269,0.36,0.19,0.17,25.869999999999994,12:18:25,39.58,5300,39.59,6100,39.586999999999996,100
18318,0.33999999999999997,0.18,0.16,39.819999999999986,12:18:39,39.58,5200,39.59,6400,39.5859,150
18365,0.33,0.17,0.16,54.02,12:18:54,39.58,5200,39.59,6200,39.5815,105
18411,3.06,2.87,0.19,14.319999999999999,12:19:14,39.58,5600,39.59,6600,39.5889,1000
18423,0.24000000000000002,0.07,0.17,19.789999999999996,12:19:19,39.58,6700,39.59,5100,39.5867,100
18464,0.24000000000000002,0.07,0.17,31.639999999999997,12:19:31,39.58,6100,39.59,5000,39.5836,500
18571,0.36,0.19,0.17,8.57,12:20:08,39.59,8300,39.6,18700,39.6,100
18573,0.26,0.09,0.17,10.87,12:20:10,39.59,8900,39.6,19200,39.597,500
18575,2.69,2.37,0.32,13.799999999999999,12:20:13,39.59,4500,39.6,20000,39.5973,100
18576,0.39,0.23,0.16,14.19,12:20:14,39.59,4600,39.6,20300,39.599000000000004,100
18580,1.5,1.25,0.25,16.4,12:20:16,39.59,4600,39.6,20300,39.591,100
18738,0.5700000000000001,0.28,0.29,10.520000000000001,12:21:10,39.58,5300,39.59,1800,39.5834,100
18882,0.28,0.09,0.19,16.23,12:22:16,39.58,5500,39.59,1600,39.5899,1500
18966,0.41000000000000003,0.23,0.18,48.07,12:22:48,39.58,4900,39.59,2000,39.5849,218
18972,0.29000000000000004,0.07,0.22,49.94,12:22:49,39.58,4400,39.59,2100,39.5804,175
18996,0.26,0.07,0.19,57.89000000000001,12:22:57,39.58,5100,39.59,1700,39.5893,1100
19019,0.5800000000000001,0.27,0.31,6.520000000000001,12:23:06,39.58,5200,39.59,1400,39.584,400
19182,0.3,0.08,0.22,8.46,12:24:08,39.59,500,39.6,24700,39.5938,200
19195,0.30000000000000004,0.1,0.2,14.04,12:24:14,39.58,5500,39.59,2800,39.5886,200
19236,0.3,0.08,0.22,29.979999999999993,12:24:29,39.59,900,39.6,24800,39.5946,100
19299,0.61,0.25,0.36,0.0,12:25:00,39.58,4900,39.59,800,39.5851,200
19481,0.38,0.17,0.21,28.02,12:26:28,39.58,5300,39.59,1600,39.5887,1000
19582,1.24,0.97,0.27,6.760000000000001,12:27:06,39.58,4000,39.59,3600,39.5854,400
19784,0.43,0.24,0.19,22.200000000000003,12:28:22,39.57,5600,39.58,2900,39.571,100
19960,0.37,0.18,0.19,29.830000000000002,12:29:29,39.56,4200,39.57,1600,39.5672,574
19967,0.37,0.18,0.19,32.129999999999995,12:29:32,39.56,4100,39.57,1600,39.567,700
19984,0.5,0.28,0.22,38.26,12:29:38,39.56,3600,39.57,1600,39.5602,100
20402,0.43000000000000005,0.23,0.2,27.95000000000001,12:32:27,39.58,8500,39.59,5600,39.583,500
20446,0.43000000000000005,0.26,0.17,42.08000000000002,12:32:42,39.58,9600,39.59,4200,39.5861,200
20475,4.539999999999999,4.27,0.27,54.95000000000001,12:32:54,39.58,9600,39.59,4400,39.5841,9400
20509,0.43000000000000005,0.23,0.2,12.210000000000003,12:33:12,39.58,8000,39.59,5300,39.5835,181
20661,1.36,1.03,0.33,12.389999999999997,12:34:12,39.58,5800,39.59,3500,39.580999999999996,125
20689,0.30000000000000004,0.13,0.17,25.790000000000003,12:34:25,39.6,7000,39.61,3800,39.61,200
20696,0.25,0.08,0.17,27.69,12:34:27,39.61,700,39.62,12100,39.615,100
20723,0.38,0.21,0.17,35.95999999999999,12:34:35,39.6,8200,39.61,300,39.605,635
20837,3.3000000000000003,3.08,0.22,20.830000000000005,12:35:20,39.6,2700,39.61,3300,39.6044,100
20885,0.31,0.13,0.18,35.96000000000001,12:35:35,39.59,1200,39.6,6900,39.5912,2000
20973,0.25,0.08,0.17,3.95,12:36:03,39.57,2700,39.58,1600,39.5759,100
20997,0.39,0.2,0.19,24.01,12:36:24,39.57,2700,39.58,2100,39.5708,100
21029,0.30000000000000004,0.13,0.17,33.89,12:36:33,39.57,1500,39.58,2200,39.5751,150
21181,0.28,0.07,0.21,26.189999999999994,12:37:26,39.55,6100,39.56,2100,39.5557,100
21269,0.45,0.22,0.23,58.1,12:37:58,39.56,2700,39.57,3000,39.5641,101
21303,0.42000000000000004,0.2,0.22,13.89,12:38:13,39.55,2800,39.56,1900,39.5585,100
21312,0.41000000000000003,0.2,0.21,19.28000000000001,12:38:19,39.54,2800,39.55,1900,39.5435,121
21366,0.46,0.27,0.19,39.900000000000006,12:38:39,39.55,4100,39.56,2000,39.5554,100
21406,44.300000000000004,43.96,0.34,0.0,12:39:00,39.53,1200,39.54,1900,39.5335,258
21422,0.24000000000000002,0.07,0.17,4.970000000000001,12:39:04,39.53,1200,39.54,1800,39.5356,200
21509,3.1900000000000004,2.97,0.22,12.870000000000001,12:40:12,39.53,1500,39.54,2300,39.5333,300
21515,0.25,0.08,0.17,19.950000000000003,12:40:19,39.53,700,39.54,2800,39.5359,250
21542,0.31,0.15,0.16,27.989999999999995,12:40:27,39.54,4500,39.55,1500,39.5457,300
21555,0.27,0.1,0.17,31.819999999999993,12:40:31,39.54,5100,39.55,1500,39.5454,361
21631,0.27,0.07,0.2,55.779999999999994,12:40:55,39.54,5100,39.55,2300,39.5431,195
21642,0.41000000000000003,0.21,0.2,0.0,12:41:00,39.54,5100,39.55,2400,39.5432,1000
21663,0.55,0.21,0.34,15.530000000000003,12:41:15,39.54,5600,39.55,2500,39.541,146
21665,0.24000000000000002,0.07,0.17,16.000000000000004,12:41:16,39.54,5600,39.55,2500,39.547,159
21699,0.34,0.17,0.17,29.9,12:41:29,39.55,1100,39.56,2400,39.5566,200
21786,149.10999999999999,148.89,0.22,0.0,12:44:00,39.53,5000,39.54,1800,39.5399,100
21823,0.41000000000000003,0.24,0.17,12.690000000000003,12:44:12,39.53,4700,39.54,2200,39.5391,500
21893,4.58,4.3,0.28,5.18,12:45:05,39.52,7800,39.53,3400,39.523,255
21983,0.26,0.07,0.19,41.85999999999999,12:45:41,39.52,1900,39.53,2700,39.5299,237
22167,0.42000000000000004,0.22,0.2,0.0,12:47:00,39.52,3300,39.53,2600,39.5266,100
22217,0.27,0.08,0.19,24.56,12:47:24,39.53,3300,39.54,1400,39.5353,200
22241,0.39,0.18,0.21,32.519999999999996,12:47:32,39.53,3100,39.54,2500,39.5301,260
22254,0.41000000000000003,0.2,0.21,36.64000000000001,12:47:36,39.53,200,39.54,6300,39.5374,600
22448,0.38,0.19,0.19,40.17,12:48:40,39.52,4300,39.53,2600,39.5244,200
22477,0.41000000000000003,0.2,0.21,49.43,12:48:49,39.52,3500,39.53,1900,39.521,100
22540,0.28,0.08,0.2,16.36,12:49:16,39.52,3700,39.53,1900,39.5267,100
22635,0.42000000000000004,0.26,0.16,12.170000000000002,12:50:12,39.51,3100,39.52,3200,39.5153,100
22688,0.33,0.14,0.19,36.24000000000001,12:50:36,39.53,2800,39.54,1400,39.5354,100
22742,0.33999999999999997,0.16,0.18,54.02000000000003,12:50:54,39.53,1600,39.54,1400,39.5326,600
22783,1.29,1.09,0.2,0.0,12:51:00,39.53,2600,39.54,1500,39.531,155
22839,0.24000000000000002,0.07,0.17,19.849999999999994,12:51:19,39.53,1900,39.54,2600,39.5366,600
22889,0.36,0.18,0.18,36.01,12:51:36,39.53,3100,39.54,1800,39.5318,2560
22960,0.25,0.08,0.17,6.040000000000001,12:52:06,39.53,1900,39.54,3300,39.537,197
22987,0.37,0.2,0.17,20.320000000000007,12:52:20,39.53,4200,39.54,2100,39.5348,100
23060,0.26,0.07,0.19,44.01999999999998,12:52:44,39.53,3100,39.54,2000,39.5344,469
23076,0.32,0.12,0.2,50.14999999999997,12:52:50,39.53,3100,39.54,3100,39.5334,400
23161,0.36,0.19,0.17,31.99000000000001,12:53:31,39.54,2700,39.55,3400,39.5485,1000
23267,3.39,3.14,0.25,12.500000000000002,12:54:12,39.53,2500,39.54,2600,39.5385,125
23335,0.27,0.07,0.2,37.90000000000002,12:54:37,39.52,2800,39.53,4800,39.5264,700
23410,0.36,0.19,0.17,4.400000000000001,12:55:04,39.53,800,39.54,4300,39.5346,160
23430,0.29000000000000004,0.07,0.22,18.910000000000004,12:55:18,39.53,2400,39.54,4200,39.5331,300
23560,2.08,1.76,0.32,7.510000000000002,12:56:07,39.52,3200,39.53,1700,39.524,159
23580,0.37,0.18,0.19,19.970000000000006,12:56:19,39.52,4100,39.53,1600,39.5257,1190
23665,0.23,0.07,0.16,48.050000000000004,12:56:48,39.52,2600,39.53,2400,39.5218,1800
23702,0.36,0.17,0.19,0.0,12:57:00,39.53,2000,39.54,4000,39.5371,1275
23722,0.37,0.08,0.29,16.12,12:57:16,39.53,3400,39.54,4000,39.5364,1000
24052,0.26,0.08,0.18,11.339999999999998,13:00:11,39.53,4100,39.54,900,39.533,171
24139,0.39,0.23,0.16,5.17,13:01:05,39.54,2300,39.55,2000,39.5487,1268
24179,0.23,0.07,0.16,19.93,13:01:19,39.53,1900,39.54,1900,39.538000000000004,137
24673,0.24,0.08,0.16,34.030000000000015,13:04:34,39.53,1400,39.54,4800,39.5325,1000
24774,0.23,0.07,0.16,11.48,13:05:11,39.54,5300,39.55,1900,39.5434,315
25061,0.36,0.17,0.19,57.83000000000003,13:09:57,39.53,1300,39.54,2500,39.5368,225
25127,0.4,0.21,0.19,29.940000000000005,13:10:29,39.51,1200,39.52,2800,39.5157,100
25165,0.39,0.18,0.21,42.13999999999999,13:10:42,39.51,500,39.52,2400,39.5131,250
25183,0.29000000000000004,0.07,0.22,47.949999999999996,13:10:47,39.51,600,39.52,2500,39.5183,702
25232,0.6200000000000001,0.34,0.28,7.46,13:11:07,39.51,800,39.52,3600,39.5185,100
25249,0.4,0.18,0.22,20.299999999999997,13:11:20,39.51,900,39.52,2900,39.5154,200
25262,0.43,0.08,0.35,26.34,13:11:26,39.51,900,39.52,2900,39.5126,1200
25286,0.63,0.19,0.44,38.31,13:11:38,39.51,1100,39.52,3100,39.5133,160
25306,0.55,0.14,0.41,48.10999999999998,13:11:48,39.51,1100,39.52,4100,39.5144,966
25342,1.9000000000000001,1.37,0.53,6.7700000000000005,13:12:06,39.51,2100,39.52,2700,39.5162,100
25561,0.55,0.18,0.37,6.95,13:14:06,39.51,1500,39.52,2500,39.5146,250
25611,0.6,0.18,0.42,36.200000000000024,13:14:36,39.51,1100,39.52,3300,39.5168,250
25657,1.83,1.36,0.47,16.79,13:15:16,39.51,3800,39.52,2200,39.5127,500
25691,0.56,0.22,0.34,38.14,13:15:38,39.53,4000,39.54,2400,39.5369,1750
25739,3.4000000000000004,2.99,0.41,16.61,13:16:16,39.54,3000,39.55,3800,39.5437,1037
25762,0.43000000000000005,0.09,0.34,33.39,13:16:33,39.54,3300,39.55,3900,39.5464,500
25817,2.8299999999999996,2.26,0.57,13.82,13:17:13,39.54,4100,39.55,4800,39.5444,122
25845,0.42000000000000004,0.14,0.28,30.180000000000003,13:17:30,39.54,4200,39.55,5100,39.5456,100
25903,3.35,2.92,0.43,9.72,13:18:09,39.54,2000,39.55,5600,39.5459,400
26059,0.56,0.23,0.33,38.59999999999999,13:19:38,39.53,700,39.54,3400,39.5322,660
26072,0.57,0.09,0.48,46.39999999999999,13:19:46,39.53,900,39.54,3600,39.5338,355
26156,0.61,0.22,0.39,43.61000000000001,13:20:43,39.54,5000,39.55,4300,39.5428,300
26202,0.75,0.23,0.52,31.969999999999995,13:21:31,39.54,3400,39.55,4600,39.5499,127
26244,0.5800000000000001,0.07,0.51,56.0,13:21:56,39.54,4400,39.55,2800,39.5443,335
26459,0.8099999999999999,0.24,0.57,24.210000000000004,13:24:24,39.55,1100,39.56,7600,39.5595,100
26487,0.47000000000000003,0.13,0.34,42.230000000000004,13:24:42,39.55,1200,39.56,7100,39.559,100
26527,1.02,0.07,0.95,37.6,13:25:37,39.55,2900,39.56,2700,39.5513,1008
26536,1.19,0.23,0.96,47.6,13:25:47,39.55,1400,39.56,3400,39.5555,274
26539,1.02,0.09,0.93,50.99000000000001,13:25:50,39.55,1400,39.56,3400,39.551,300
26542,1.1800000000000002,0.07,1.11,54.38000000000001,13:25:54,39.55,1300,39.56,4400,39.556999999999995,151
26560,1.4,0.43,0.97,15.2,13:26:15,39.55,1400,39.56,4700,39.5575,100
26582,1.0,0.07,0.93,39.370000000000005,13:26:39,39.55,6800,39.56,3600,39.5532,100
26586,1.02,0.12,0.9,43.97000000000001,13:26:43,39.55,6800,39.56,3600,39.5553,200
26589,1.01,0.18,0.83,47.390000000000015,13:26:47,39.55,6800,39.56,3600,39.5533,189
26610,1.21,0.24,0.97,16.6,13:27:16,39.55,6800,39.56,3900,39.558,150
26642,1.1800000000000002,0.08,1.1,52.780000000000015,13:27:52,39.55,6800,39.56,4400,39.5599,500
26652,1.4,0.23,1.17,8.39,13:28:08,39.55,6800,39.56,5200,39.5534,140
26671,1.02,0.07,0.95,31.390000000000004,13:28:31,39.55,6800,39.56,4400,39.5568,130
26693,1.38,0.23,1.15,57.830000000000034,13:28:57,39.55,6800,39.56,7100,39.5562,615
26791,1.17,0.23,0.94,12.18,13:31:12,39.55,7300,39.56,4500,39.5519,2000
26829,1.4,0.18,1.22,0.0,13:32:00,39.55,9300,39.56,3400,39.5548,100
26974,1.4000000000000001,0.07,1.33,22.0,13:35:22,39.57,4000,39.58,14400,39.5718,424
26995,1.17,0.23,0.94,48.17,13:35:48,39.57,4000,39.58,16000,39.5757,5541
27022,1.4,0.21,1.19,21.779999999999994,13:36:21,39.57,4400,39.58,14100,39.5776,100
27056,0.81,0.07,0.74,0.0,13:37:00,39.57,4500,39.58,13800,39.5734,1650
27084,1.0,0.22,0.78,34.400000000000006,13:37:34,39.57,5900,39.58,14000,39.5795,112
27099,1.22,0.07,1.15,52.41000000000002,13:37:52,39.57,6000,39.58,13900,39.5784,102
27110,1.22,0.07,1.15,5.21,13:38:05,39.57,5900,39.58,13200,39.5726,600
27143,1.38,0.18,1.2,49.78999999999999,13:38:49,39.58,5300,39.59,11800,39.5827,100
27164,1.19,0.18,1.01,20.02,13:39:20,39.58,6300,39.59,12500,39.5891,100
27170,1.01,0.19,0.82,26.830000000000002,13:39:26,39.58,6600,39.59,13100,39.5857,1000
27175,1.21,0.19,1.02,33.010000000000005,13:39:33,39.58,6600,39.59,13100,39.5844,100
27237,1.39,0.22,1.17,29.380000000000003,13:41:29,39.6,6400,39.61,3900,39.6061,100
27252,1.04,0.13,0.91,46.620000000000005,13:41:46,39.61,2100,39.62,5700,39.62,277
27339,0.97,0.22,0.75,40.44,13:43:40,39.61,5700,39.62,18500,39.6156,150
27369,1.2,0.07,1.13,23.990000000000002,13:44:23,39.61,5400,39.62,15400,39.617,471
27372,1.2,0.17,1.03,27.79,13:44:27,39.61,7100,39.62,15100,39.6174,500
27386,1.19,0.19,1.0,43.59999999999999,13:44:43,39.62,11600,39.63,4100,39.63,100
27388,1.01,0.07,0.94,45.61999999999998,13:44:45,39.62,6200,39.63,2700,39.6202,100
27407,1.3800000000000001,0.08,1.3,0.0,13:45:00,39.62,3700,39.63,6300,39.625,100
27418,1.18,0.21,0.97,14.180000000000001,13:45:14,39.62,3600,39.63,3100,39.626999999999995,750
27431,1.21,0.18,1.03,27.999999999999996,13:45:27,39.62,4700,39.63,3400,39.6247,250
27433,1.4000000000000001,0.28,1.12,30.789999999999996,13:45:30,39.62,4700,39.63,3400,39.6275,100
27435,1.19,0.17,1.02,33.199999999999996,13:45:33,39.62,3400,39.63,3400,39.6256,100
27441,1.0,0.08,0.92,39.8,13:45:39,39.63,3900,39.64,4200,39.635,200
27447,1.0,0.07,0.93,45.38999999999999,13:45:45,39.63,7500,39.64,3400,39.64,100
27456,1.01,0.08,0.93,3.41,13:46:03,39.63,7100,39.64,5000,39.6366,175
27491,1.1900000000000002,0.07,1.12,49.82,13:46:49,39.63,7600,39.64,6200,39.633,100
27498,1.2100000000000002,0.09,1.12,58.43000000000001,13:46:58,39.63,8900,39.64,5300,39.6363,1500
27501,1.4,0.18,1.22,0.0,13:47:00,39.63,9000,39.64,4700,39.6369,196
27507,1.21,0.08,1.13,8.04,13:47:08,39.63,9400,39.64,4100,39.6384,255
27524,1.38,0.17,1.21,31.999999999999996,13:47:31,39.63,9300,39.64,4700,39.6374,480
27534,1.1900000000000002,0.1,1.09,43.989999999999995,13:47:43,39.63,9400,39.64,4600,39.6365,150
27541,1.1600000000000001,0.07,1.09,51.77999999999999,13:47:51,39.63,9300,39.64,5500,39.631,500
27556,0.97,0.07,0.9,11.180000000000001,13:48:11,39.63,9400,39.64,5000,39.6373,100
27568,1.17,0.3,0.87,27.760000000000005,13:48:27,39.63,8000,39.64,5800,39.6399,725
27570,1.0,0.08,0.92,29.780000000000005,13:48:29,39.63,9000,39.64,5700,39.6361,630
27595,1.18,0.23,0.95,53.36999999999999,13:48:53,39.63,9400,39.64,4500,39.6357,120
27606,1.2,0.07,1.13,4.58,13:49:04,39.63,9600,39.64,4600,39.6356,500
27611,0.99,0.09,0.9,10.17,13:49:10,39.63,9800,39.64,4100,39.639,750
27664,1.02,0.09,0.93,6.210000000000001,13:50:06,39.64,4700,39.65,14100,39.645,100
27675,1.19,0.18,1.01,22.01,13:50:22,39.62,1900,39.63,5300,39.6253,100
27703,1.03,0.07,0.96,51.62999999999999,13:50:51,39.62,1200,39.63,5600,39.629,200
27722,3.8,2.78,1.02,17.779999999999998,13:51:17,39.61,4700,39.62,3100,39.611,300
27723,2.3899999999999997,1.63,0.76,20.169999999999998,13:51:20,39.61,3500,39.62,3200,39.6184,800
27724,0.81,0.07,0.74,20.979999999999997,13:51:20,39.61,2800,39.62,3800,39.6131,138
27726,1.41,0.24,1.17,23.569999999999997,13:51:23,39.61,2800,39.62,3600,39.6166,300
27730,1.39,0.24,1.15,28.38,13:51:28,39.61,2100,39.62,3600,39.6119,133
27731,1.2100000000000002,0.1,1.11,29.59,13:51:29,39.61,2700,39.62,3600,39.6161,100
27735,1.21,0.07,1.14,34.58,13:51:34,39.61,2900,39.62,3200,39.6125,3500
27743,1.4,0.22,1.18,43.81,13:51:43,39.61,3000,39.62,3000,39.6165,200
27766,3.0100000000000002,2.2,0.81,9.02,13:52:09,39.61,4400,39.62,3800,39.6146,200
27826,1.42,0.65,0.77,15.200000000000003,13:53:15,39.61,4800,39.62,3700,39.611999999999995,2000
27847,1.01,0.21,0.8,37.60999999999999,13:53:37,39.61,5200,39.62,3700,39.6134,100
27849,0.98,0.07,0.91,39.39999999999999,13:53:39,39.61,5300,39.62,3700,39.6199,575
27898,1.02,0.07,0.95,36.410000000000004,13:54:36,39.61,3200,39.62,7300,39.619,500
27940,1.58,0.08,1.5,22.979999999999997,13:55:22,39.61,3900,39.62,7700,39.6105,235
27953,1.3900000000000001,0.29,1.1,38.62,13:55:38,39.61,5200,39.62,7700,39.613,699
28010,0.98,0.07,0.91,44.96,13:56:44,39.6,5000,39.61,7200,39.6026,1216
28043,1.38,0.37,1.01,24.770000000000007,13:57:24,39.59,3700,39.6,4100,39.5957,500
28046,0.98,0.14,0.84,27.770000000000007,13:57:27,39.59,3800,39.6,3900,39.5901,500
28059,1.21,0.17,1.04,39.78,13:57:39,39.59,4600,39.6,1600,39.5934,100
28073,0.8099999999999999,0.11,0.7,53.77,13:57:53,39.58,3400,39.59,10700,39.5874,100
28109,1.3900000000000001,0.08,1.31,29.969999999999995,13:58:29,39.58,2900,39.59,13500,39.5862,121
28159,1.19,0.18,1.01,44.760000000000005,13:59:44,39.59,3900,39.6,18000,39.5966,300
28198,1.21,0.12,1.09,30.789999999999996,14:00:30,39.6,8300,39.61,1000,39.6066,2000
28201,1.21,0.18,1.03,34.18,14:00:34,39.6,3700,39.61,2300,39.6083,156
28220,1.17,0.23,0.94,52.970000000000006,14:00:52,39.6,6500,39.61,3400,39.6033,1795
28232,0.98,0.07,0.91,9.62,14:01:09,39.6,6000,39.61,3100,39.607,8833
28259,1.37,0.08,1.29,39.580000000000005,14:01:39,39.6,8400,39.61,2300,39.6035,134
28287,2.81,1.79,1.02,18.999999999999996,14:02:18,39.63,8000,39.64,3600,39.6335,150
28316,0.99,0.07,0.92,48.16999999999998,14:02:48,39.63,7700,39.64,6700,39.6355,300
28361,1.0,0.21,0.79,46.22,14:03:46,39.64,6200,39.65,18900,39.65,100
28381,3.58,2.58,1.0,13.770000000000001,14:04:13,39.64,8500,39.65,18200,39.643,585
28397,0.98,0.07,0.91,35.160000000000004,14:04:35,39.65,7800,39.66,10600,39.66,100
28406,1.0,0.2,0.8,43.160000000000004,14:04:43,39.65,10200,39.66,10600,39.6566,2000
28428,1.17,0.14,1.03,4.77,14:05:04,39.65,10800,39.66,9000,39.6527,300
28433,2.79,2.06,0.73,18.18,14:05:18,39.66,7600,39.67,9200,39.67,300
28435,1.42,0.62,0.8,20.58,14:05:20,39.66,9500,39.67,9300,39.6659,212
28442,1.02,0.13,0.89,27.979999999999997,14:05:27,39.66,9900,39.67,8400,39.665,100
28449,1.21,0.08,1.13,35.949999999999996,14:05:35,39.66,9900,39.67,8000,39.6657,751
28458,1.2,0.15,1.05,46.160000000000004,14:05:46,39.66,9800,39.67,7300,39.6695,500
28461,1.04,0.21,0.83,49.77,14:05:49,39.66,9800,39.67,7300,39.6648,100
28477,1.4,0.23,1.17,10.200000000000001,14:06:10,39.65,7600,39.66,7700,39.655,100
28515,0.8200000000000001,0.07,0.75,53.190000000000005,14:06:53,39.65,1000,39.66,4800,39.659,475
28525,1.98,0.6,1.38,4.58,14:07:04,39.65,1300,39.66,4400,39.650999999999996,100
28542,1.41,0.27,1.14,31.189999999999998,14:07:31,39.65,2600,39.66,4600,39.6557,250
28578,1.21,0.19,1.02,14.2,14:08:14,39.65,3000,39.66,4200,39.6546,500
28630,1.01,0.2,0.81,18.169999999999998,14:09:18,39.65,3500,39.66,5000,39.6584,3000
28650,1.21,0.21,1.0,41.58,14:09:41,39.65,4600,39.66,3300,39.6589,150
28714,1.1800000000000002,0.07,1.11,0.0,14:11:00,39.67,3600,39.68,5200,39.6775,100
28716,1.2,0.07,1.13,2.2199999999999998,14:11:02,39.67,2600,39.68,5800,39.675,100
28730,0.81,0.07,0.74,23.21,14:11:23,39.67,3800,39.68,5800,39.6701,156
28750,0.82,0.08,0.74,41.01,14:11:41,39.66,1800,39.67,5200,39.6632,100
28753,1.0,0.2,0.8,43.99,14:11:43,39.66,2000,39.67,5700,39.669000000000004,1000
28774,0.98,0.07,0.91,0.0,14:12:00,39.65,1100,39.66,6200,39.6501,5846
28789,0.98,0.24,0.74,19.42,14:12:19,39.65,2800,39.66,6000,39.6545,252
28797,0.8200000000000001,0.07,0.75,26.449999999999996,14:12:26,39.65,2800,39.66,5900,39.6559,100
28806,1.0,0.24,0.76,34.62,14:12:34,39.65,3600,39.66,6000,39.653,417
28808,0.97,0.07,0.9,36.419999999999995,14:12:36,39.65,3700,39.66,6000,39.6551,1000
28839,0.8200000000000001,0.07,0.75,6.4,14:13:06,39.65,4900,39.66,6600,39.657,160
28855,0.82,0.08,0.74,26.419999999999998,14:13:26,39.66,4800,39.67,2900,39.6614,1000
28859,0.8200000000000001,0.07,0.75,30.209999999999997,14:13:30,39.67,3500,39.68,1200,39.6757,404
28861,1.0,0.2,0.8,32.19,14:13:32,39.68,3800,39.69,36300,39.685,100
28862,0.8099999999999999,0.09,0.72,33.0,14:13:33,39.68,3800,39.69,36300,39.68,300
28868,0.97,0.23,0.74,38.6,14:13:38,39.68,1400,39.69,36400,39.6856,229
28869,0.81,0.07,0.74,39.410000000000004,14:13:39,39.68,1400,39.69,36400,39.6869,219
28870,0.98,0.07,0.91,40.39,14:13:40,39.68,1400,39.69,36300,39.6857,171
28874,0.8200000000000001,0.07,0.75,44.00000000000001,14:13:44,39.68,1400,39.69,36300,39.69,125
28876,0.81,0.07,0.74,45.790000000000006,14:13:45,39.68,1500,39.69,36300,39.6847,103
28925,1.1900000000000002,0.08,1.11,40.97999999999999,14:14:40,39.68,1900,39.69,36400,39.6838,300
28943,1.01,0.27,0.74,0.0,14:15:00,39.68,1900,39.69,36500,39.6899,756
28947,0.99,0.26,0.73,5.4,14:15:05,39.68,2900,39.69,36500,39.6854,125
28949,0.98,0.07,0.91,9.790000000000001,14:15:09,39.68,2900,39.69,36500,39.6804,3000
28952,1.9900000000000002,1.32,0.67,16.020000000000003,14:15:16,39.68,1500,39.69,36500,39.6859,100
28972,0.97,0.14,0.83,33.989999999999995,14:15:33,39.68,2300,39.69,36400,39.6861,400
29004,1.01,0.08,0.93,0.0,14:16:00,39.66,3200,39.67,5900,39.6661,363
29059,0.81,0.07,0.74,21.419999999999998,14:17:21,39.67,8300,39.68,1400,39.6799,600
29066,0.8200000000000001,0.07,0.75,27.619999999999994,14:17:27,39.67,7800,39.68,1000,39.6756,100
29101,1.1800000000000002,0.08,1.1,0.0,14:18:00,39.68,4500,39.69,36700,39.6855,100
29103,0.97,0.07,0.9,1.8,14:18:01,39.68,4500,39.69,36700,39.6837,1750
29134,0.99,0.09,0.9,39.580000000000005,14:18:39,39.7,6100,39.71,12900,39.71,200
29136,0.99,0.07,0.92,41.580000000000005,14:18:41,39.69,6600,39.7,2500,39.695,400
29141,0.81,0.07,0.74,45.81000000000001,14:18:45,39.69,6400,39.7,4100,39.691,800
29159,1.0,0.24,0.76,4.6,14:19:04,39.68,2300,39.69,3300,39.6835,258
29169,1.02,0.19,0.83,18.02,14:19:18,39.68,2400,39.69,3500,39.6858,206
29192,0.82,0.09,0.73,40.63999999999998,14:19:40,39.67,4000,39.68,7600,39.6798,100
29201,0.8099999999999999,0.12,0.69,48.62999999999998,14:19:48,39.67,700,39.68,7300,39.6765,250
29222,1.19,0.18,1.01,8.799999999999999,14:20:08,39.67,2900,39.68,3400,39.678000000000004,500
29223,1.98,0.73,1.25,10.78,14:20:10,39.67,2900,39.68,3400,39.679,100
29224,0.45,0.08,0.37,11.229999999999999,14:20:11,39.67,3700,39.68,2600,39.6744,100
29247,0.6,0.19,0.41,35.25,14:20:35,39.68,4200,39.69,6200,39.6898,100
29342,0.45,0.07,0.38,40.04000000000001,14:21:40,39.68,2300,39.69,6700,39.681,142
29377,0.61,0.17,0.44,2.03,14:22:02,39.68,3000,39.69,9700,39.6875,419
29399,0.58,0.08,0.5,19.64,14:22:19,39.68,5700,39.69,10000,39.683,618
29436,0.5700000000000001,0.2,0.37,39.68000000000002,14:22:39,39.68,8200,39.69,4400,39.689,100
29444,0.5900000000000001,0.25,0.34,43.85000000000003,14:22:43,39.69,4200,39.7,5000,39.7,100
29452,0.45,0.08,0.37,47.88000000000003,14:22:47,39.69,3200,39.7,7600,39.6956,100
29475,0.6,0.18,0.42,0.0,14:23:00,39.7,2700,39.71,1900,39.701,550
29490,0.6000000000000001,0.28,0.32,11.79,14:23:11,39.7,3900,39.71,4100,39.709,250
29494,0.43,0.07,0.36,13.78,14:23:13,39.7,2700,39.71,4200,39.705,100
29500,0.43,0.07,0.36,19.39,14:23:19,39.7,2800,39.71,3800,39.7065,300
29568,0.5900000000000001,0.2,0.39,55.62000000000002,14:23:55,39.69,4000,39.7,6300,39.692,100
29644,0.6,0.08,0.52,46.420000000000016,14:24:46,39.68,4700,39.69,2900,39.681999999999995,192
29675,1.22,0.6,0.62,11.8,14:25:11,39.69,2700,39.7,3700,39.6957,100
29715,0.62,0.2,0.42,39.63000000000001,14:25:39,39.69,4300,39.7,3500,39.699,100
29748,0.62,0.08,0.54,2.0100000000000002,14:26:02,39.69,3800,39.7,3100,39.6954,1000
29755,4.1899999999999995,3.55,0.64,11.77,14:26:11,39.69,2200,39.7,5800,39.6946,1000
29857,0.62,0.18,0.44,15.74,14:27:15,39.69,4200,39.7,5400,39.6999,451
29860,0.61,0.25,0.36,17.939999999999998,14:27:17,39.69,3400,39.7,5500,39.6958,439
29913,0.6,0.25,0.35,47.92000000000001,14:27:47,39.69,6300,39.7,7700,39.6985,100
29978,0.5900000000000001,0.07,0.52,41.79000000000001,14:28:41,39.69,7000,39.7,5200,39.6984,100
30010,0.63,0.13,0.5,2.18,14:29:02,39.69,4100,39.7,7000,39.6961,500
30056,0.6,0.24,0.36,37.60000000000001,14:29:37,39.69,3900,39.7,7700,39.6968,400
30075,0.61,0.23,0.38,49.60000000000004,14:29:49,39.69,1400,39.7,7300,39.6939,500
30168,0.6000000000000001,0.07,0.53,49.02000000000003,14:30:49,39.68,4600,39.69,6200,39.6841,1500
30179,0.61,0.21,0.4,56.020000000000024,14:30:56,39.68,6100,39.69,6200,39.686,1600
30213,0.5900000000000001,0.07,0.52,9.28,14:31:09,39.66,5600,39.67,2200,39.662,100
30250,0.5900000000000001,0.07,0.52,31.9,14:31:31,39.66,5000,39.67,3300,39.6699,113
30260,0.5800000000000001,0.13,0.45,38.08000000000001,14:31:38,39.65,6300,39.66,1500,39.6585,400
30302,0.76,0.13,0.63,11.38,14:32:11,39.65,5100,39.66,4000,39.6592,600
30390,0.44,0.11,0.33,27.25,14:33:27,39.64,6400,39.65,4600,39.6466,120
30393,0.7699999999999999,0.08,0.69,29.59,14:33:29,39.64,6300,39.65,4800,39.6499,250
30420,0.78,0.25,0.53,51.050000000000004,14:33:51,39.64,6700,39.65,3800,39.6415,1050
30442,0.73,0.2,0.53,4.199999999999999,14:34:04,39.64,4200,39.65,6400,39.6426,1495
30605,0.99,0.21,0.78,56.32000000000001,14:37:56,39.64,2400,39.65,4800,39.6465,250
30610,0.96,0.18,0.78,0.0,14:38:00,39.64,1900,39.65,4800,39.6454,100
30624,0.62,0.19,0.43,15.25,14:38:15,39.64,2300,39.65,6800,39.647,392
30631,0.95,0.32,0.63,21.8,14:38:21,39.64,2300,39.65,6800,39.6459,350
30639,0.6,0.17,0.43,27.46,14:38:27,39.64,3100,39.65,6800,39.641,100
30675,0.76,0.3,0.46,51.21000000000003,14:38:51,39.64,3600,39.65,7000,39.649,150
30895,0.6300000000000001,0.07,0.56,31.99999999999999,14:41:31,39.65,5700,39.66,5100,39.6565,400
30896,0.61,0.13,0.48,32.60999999999999,14:41:32,39.65,5700,39.66,5100,39.6543,2300
30930,0.6100000000000001,0.07,0.54,55.970000000000006,14:41:55,39.65,4200,39.66,5000,39.654,100
30949,0.5900000000000001,0.07,0.52,13.579999999999998,14:42:13,39.65,4200,39.66,5700,39.6554,124
30973,0.76,0.08,0.68,31.799999999999997,14:42:31,39.65,4400,39.66,5900,39.6572,2850
31032,0.57,0.1,0.47,8.4,14:43:08,39.65,4100,39.66,6100,39.6553,100
31042,2.42,2.08,0.34,19.659999999999997,14:43:19,39.65,4200,39.66,6200,39.6515,2000
31082,0.6200000000000001,0.07,0.55,42.210000000000015,14:43:42,39.65,4100,39.66,12400,39.6561,100
31194,0.77,0.26,0.51,6.01,14:45:06,39.64,4300,39.65,4200,39.6455,500
31208,0.62,0.08,0.54,18.03,14:45:18,39.64,1300,39.65,6300,39.6457,250
31271,0.6499999999999999,0.24,0.41,7.190000000000001,14:46:07,39.64,4600,39.65,3200,39.6401,545
31278,0.79,0.18,0.61,13.98,14:46:13,39.64,6400,39.65,6700,39.6434,200
31370,0.6,0.17,0.43,31.6,14:47:31,39.66,7400,39.67,2200,39.6667,300
31429,2.42,1.76,0.66,12.219999999999999,14:48:12,39.67,3500,39.68,6200,39.6743,300
31438,0.46,0.07,0.39,20.229999999999997,14:48:20,39.67,4500,39.68,5800,39.6731,2500
31489,0.5700000000000001,0.13,0.44,48.21000000000001,14:48:48,39.67,3500,39.68,7100,39.6749,102
31516,0.5700000000000001,0.14,0.43,0.0,14:49:00,39.67,2700,39.68,6600,39.6776,100
31519,0.45,0.14,0.31,1.44,14:49:01,39.67,2300,39.68,7000,39.6755,1500
31615,4.23,3.71,0.52,7.610000000000001,14:50:07,39.68,5300,39.69,6900,39.6843,201
31622,2.1799999999999997,1.39,0.79,18.990000000000002,14:50:18,39.69,3900,39.7,6000,39.6966,647
31624,0.63,0.08,0.55,20.400000000000002,14:50:20,39.69,3800,39.7,7500,39.6998,100
31632,0.77,0.18,0.59,26.39,14:50:26,39.69,3100,39.7,8600,39.696999999999996,120
31637,0.6499999999999999,0.08,0.57,30.04,14:50:30,39.69,5500,39.7,8600,39.6962,387
31688,0.62,0.08,0.54,9.579999999999998,14:51:09,39.69,3500,39.7,8300,39.6955,200
31700,0.6000000000000001,0.07,0.53,22.580000000000002,14:51:22,39.69,5400,39.7,7800,39.6943,107
31833,0.5800000000000001,0.25,0.33,51.62,14:52:51,39.71,2100,39.72,8700,39.715,100
31841,0.43,0.08,0.35,55.80000000000001,14:52:55,39.71,3700,39.72,6800,39.7128,786
31848,0.6000000000000001,0.07,0.53,1.98,14:53:01,39.71,4400,39.72,4900,39.72,198
31863,0.96,0.38,0.58,15.75,14:53:15,39.71,4800,39.72,5000,39.7199,100
31911,0.5700000000000001,0.2,0.37,47.960000000000015,14:53:47,39.7,5300,39.71,8200,39.707,100
31944,4.17,3.72,0.45,12.0,14:54:12,39.7,3500,39.71,6800,39.7001,100
31946,3.63,3.17,0.46,16.4,14:54:16,39.7,3600,39.71,6800,39.7034,2500
31947,0.59,0.15,0.44,16.99,14:54:16,39.7,5500,39.71,7500,39.705999999999996,100
31984,0.6300000000000001,0.07,0.56,40.2,14:54:40,39.7,5500,39.71,7200,39.7035,550
31990,0.62,0.17,0.45,43.99,14:54:43,39.7,5400,39.71,7200,39.7099,300
32002,0.6499999999999999,0.07,0.58,52.570000000000014,14:54:52,39.7,5300,39.71,6800,39.7043,106
32122,0.6100000000000001,0.07,0.54,9.379999999999999,14:57:09,39.69,3300,39.7,6100,39.6924,100
32170,0.5900000000000001,0.07,0.52,44.42000000000001,14:57:44,39.7,2100,39.71,16000,39.7038,289
32233,0.6000000000000001,0.07,0.53,29.590000000000007,14:58:29,39.7,2100,39.71,11700,39.7067,1000
32239,0.74,0.29,0.45,33.75000000000001,14:58:33,39.7,2100,39.71,11400,39.7066,100
32391,0.6,0.08,0.52,11.979999999999999,15:00:11,39.7,1000,39.71,12200,39.7056,625
32560,0.6499999999999999,0.07,0.58,14.030000000000001,15:02:14,39.7,2100,39.71,11100,39.7068,300
32636,0.77,0.12,0.65,20.030000000000005,15:03:20,39.7,6900,39.71,6100,39.7085,100
32739,0.44,0.14,0.3,37.09,15:04:37,39.72,6000,39.73,4400,39.725,100
32743,0.5700000000000001,0.14,0.43,39.24,15:04:39,39.72,7100,39.73,4300,39.7235,700
32747,0.77,0.14,0.63,41.470000000000006,15:04:41,39.72,4500,39.73,3600,39.729,128
32777,0.8099999999999999,0.23,0.58,5.999999999999999,15:05:05,39.72,2200,39.73,7200,39.7253,100
32801,0.46,0.07,0.39,25.85000000000001,15:05:25,39.72,1700,39.73,8300,39.7238,200
32822,0.64,0.08,0.56,40.25,15:05:40,39.73,4000,39.74,13500,39.73,300
32882,0.76,0.14,0.62,30.400000000000006,15:06:30,39.73,3000,39.74,8900,39.74,100
32913,0.75,0.08,0.67,52.44000000000001,15:06:52,39.72,5100,39.73,1000,39.7201,100
32923,0.7799999999999999,0.09,0.69,1.6,15:07:01,39.73,1000,39.74,9200,39.735,100
32933,2.73,1.93,0.8,15.169999999999998,15:07:15,39.73,6200,39.74,5300,39.739000000000004,100
32961,0.79,0.14,0.65,38.18000000000001,15:07:38,39.73,4900,39.74,3200,39.7399,9000
33007,0.8300000000000001,0.18,0.65,14.289999999999997,15:08:14,39.74,2100,39.75,15000,39.7461,126
33010,1.85,1.06,0.79,17.869999999999997,15:08:17,39.74,1900,39.75,18900,39.75,100
33015,0.97,0.28,0.69,22.069999999999993,15:08:22,39.74,1200,39.75,19400,39.745,100
33026,0.61,0.17,0.44,30.099999999999994,15:08:30,39.74,1400,39.75,19400,39.747,292
33052,0.6000000000000001,0.07,0.53,48.059999999999995,15:08:48,39.74,2000,39.75,19400,39.7465,150
33061,1.42,1.07,0.35,54.089999999999996,15:08:54,39.74,2100,39.75,19600,39.7499,425
33072,0.6,0.25,0.35,0.0,15:09:00,39.74,2200,39.75,19200,39.7498,100
33093,0.5800000000000001,0.18,0.4,19.809999999999995,15:09:19,39.74,2800,39.75,19800,39.7458,108
33147,0.83,0.23,0.6,52.040000000000035,15:09:52,39.75,9400,39.76,2000,39.76,100
33159,0.61,0.24,0.37,0.0,15:10:00,39.75,7000,39.76,7800,39.755,100
33191,0.6000000000000001,0.07,0.53,28.200000000000006,15:10:28,39.75,2700,39.76,5800,39.757,500
33226,0.5800000000000001,0.13,0.45,50.55000000000002,15:10:50,39.75,2700,39.76,7500,39.751,1100
33247,0.6100000000000001,0.07,0.54,0.0,15:11:00,39.75,4500,39.76,7100,39.7541,875
33255,0.6,0.16,0.44,6.0,15:11:06,39.75,4500,39.76,7000,39.7592,300
33259,1.78,1.22,0.56,12.969999999999999,15:11:12,39.75,4600,39.76,7900,39.7566,383
33304,0.6100000000000001,0.07,0.54,43.830000000000005,15:11:43,39.74,3700,39.75,6200,39.7444,700
33344,2.0,1.44,0.56,15.81,15:12:15,39.75,3400,39.76,17000,39.7596,200
33360,0.5900000000000001,0.13,0.46,26.570000000000004,15:12:26,39.75,3400,39.76,17300,39.7561,150
33380,0.6100000000000001,0.07,0.54,40.02000000000001,15:12:40,39.75,5900,39.76,17100,39.7568,500
33417,0.5900000000000001,0.27,0.32,2.38,15:13:02,39.75,6800,39.76,16500,39.753,231
33448,0.58,0.16,0.42,28.209999999999994,15:13:28,39.75,8200,39.76,16500,39.7529,129
33470,0.79,0.18,0.61,40.19999999999999,15:13:40,39.75,8300,39.76,12700,39.7525,150
33476,0.6,0.08,0.52,44.02999999999999,15:13:44,39.75,8400,39.76,12500,39.7557,200
33479,0.61,0.14,0.47,46.01999999999998,15:13:46,39.74,3000,39.75,7300,39.7457,201
33483,0.6000000000000001,0.07,0.53,48.429999999999986,15:13:48,39.74,3000,39.75,2600,39.7454,286
33502,0.56,0.07,0.49,0.0,15:14:00,39.74,2000,39.75,5300,39.7477,500
33512,0.75,0.08,0.67,6.21,15:14:06,39.74,3300,39.75,4900,39.7411,100
33526,0.44,0.08,0.36,20.01,15:14:20,39.74,2600,39.75,6900,39.7486,100
33545,0.44,0.08,0.36,29.84000000000001,15:14:29,39.74,3800,39.75,7000,39.7416,100
33557,0.76,0.39,0.37,36.21000000000001,15:14:36,39.74,2700,39.75,9600,39.7401,200
33568,0.6,0.18,0.42,42.19000000000001,15:14:42,39.74,2700,39.75,9600,39.7427,116
33652,0.58,0.08,0.5,39.93,15:15:39,39.74,4800,39.75,6600,39.7446,150
33701,1.18,0.61,0.57,8.38,15:16:08,39.73,3700,39.74,6300,39.7366,1000
33715,0.77,0.32,0.45,22.360000000000003,15:16:22,39.72,4500,39.73,3800,39.7234,180
33721,0.62,0.21,0.41,25.980000000000008,15:16:25,39.72,4400,39.73,4100,39.7266,500
33762,0.6,0.08,0.52,53.91000000000002,15:16:53,39.72,5600,39.73,3000,39.7268,250
33788,0.5900000000000001,0.07,0.52,7.99,15:17:07,39.73,7200,39.74,11300,39.7354,100
33792,2.1799999999999997,1.71,0.47,14.36,15:17:14,39.73,7100,39.74,11000,39.7358,283
33913,0.6,0.08,0.52,40.37000000000002,15:18:40,39.76,7100,39.77,5700,39.77,100
33934,0.6000000000000001,0.07,0.53,54.37000000000002,15:18:54,39.76,9000,39.77,2500,39.7647,100
33940,0.59,0.08,0.51,58.410000000000025,15:18:58,39.77,10600,39.78,9100,39.78,200
33946,0.5700000000000001,0.07,0.5,2.01,15:19:02,39.77,11500,39.78,1900,39.775,100
33957,0.6499999999999999,0.18,0.47,16.029999999999998,15:19:16,39.77,13800,39.78,14400,39.778,300
33974,0.6200000000000001,0.28,0.34,30.410000000000004,15:19:30,39.77,10300,39.78,17300,39.7765,105
34049,0.79,0.18,0.61,22.769999999999996,15:20:22,39.77,10500,39.78,18400,39.7753,300
34050,0.61,0.08,0.53,23.379999999999995,15:20:23,39.77,14100,39.78,18000,39.7762,649
34128,0.96,0.35,0.61,15.98,15:21:15,39.77,9000,39.78,2300,39.7734,375
34140,0.77,0.18,0.59,26.180000000000007,15:21:26,39.78,6500,39.79,10300,39.79,100
34150,0.5800000000000001,0.07,0.51,32.02000000000001,15:21:32,39.78,7100,39.79,7500,39.789,300
34201,3.77,3.21,0.56,6.1899999999999995,15:22:06,39.78,11100,39.79,6300,39.787,350
34227,0.79,0.14,0.65,28.199999999999992,15:22:28,39.79,3600,39.8,26200,39.795,100
34229,0.6000000000000001,0.14,0.46,29.569999999999993,15:22:29,39.79,5400,39.8,26300,39.8,100
34274,0.62,0.08,0.54,57.55000000000005,15:22:57,39.79,11600,39.8,26000,39.7984,175
34284,0.44000000000000006,0.1,0.34,5.62,15:23:05,39.8,6600,39.81,5000,39.81,100
34288,0.45999999999999996,0.17,0.29,11.45,15:23:11,39.79,6300,39.8,2200,39.7999,130
34336,0.6000000000000001,0.14,0.46,41.84,15:23:41,39.79,9800,39.8,2200,39.7966,500
34349,0.75,0.14,0.61,50.190000000000005,15:23:50,39.79,8300,39.8,2500,39.798,500
34352,0.47000000000000003,0.13,0.34,52.050000000000004,15:23:52,39.79,8500,39.8,2600,39.7965,114
34355,0.6000000000000001,0.07,0.53,54.050000000000004,15:23:54,39.79,9100,39.8,2600,39.7936,500
34406,0.5900000000000001,0.07,0.52,34.400000000000006,15:24:34,39.79,7200,39.8,4500,39.793,730
34418,0.79,0.38,0.41,42.42999999999999,15:24:42,39.79,9100,39.8,3700,39.7987,150
34491,0.6100000000000001,0.07,0.54,34.37,15:25:34,39.79,12300,39.8,2400,39.791,6000
34504,0.5800000000000001,0.14,0.44,42.11,15:25:42,39.79,6500,39.8,2800,39.7993,100
34525,0.59,0.08,0.51,54.160000000000004,15:25:54,39.79,6200,39.8,4200,39.799,575
34579,0.44,0.14,0.3,34.19,15:26:34,39.79,7400,39.8,4500,39.7944,300
34618,0.59,0.22,0.37,58.37000000000002,15:26:58,39.77,5100,39.78,4500,39.777,400
34621,0.6,0.08,0.52,0.0,15:27:00,39.77,5000,39.78,4500,39.775999999999996,1000
34699,0.61,0.19,0.42,55.67000000000004,15:27:55,39.77,2100,39.78,6600,39.7743,400
34740,0.61,0.08,0.53,24.030000000000005,15:28:24,39.75,3100,39.76,5300,39.7559,1400
34778,0.6000000000000001,0.07,0.53,47.76000000000001,15:28:47,39.75,2600,39.76,5800,39.7585,315
34863,0.6399999999999999,0.07,0.57,56.45,15:29:56,39.74,2600,39.75,5500,39.7491,200
34879,0.84,0.08,0.76,22.799999999999997,15:30:22,39.74,4700,39.75,7200,39.7415,100
34916,0.6399999999999999,0.07,0.57,49.589999999999996,15:30:49,39.74,6100,39.75,6200,39.749,500
34921,0.76,0.07,0.69,53.53,15:30:53,39.74,4300,39.75,6000,39.741,1400
34924,0.79,0.17,0.62,55.730000000000004,15:30:55,39.74,4800,39.75,6300,39.7443,215
34930,0.6,0.08,0.52,0.0,15:31:00,39.74,3800,39.75,6300,39.7432,300
34986,0.59,0.08,0.51,40.52000000000002,15:31:40,39.74,5500,39.75,7700,39.7434,300
35012,0.63,0.25,0.38,56.36000000000002,15:31:56,39.74,5600,39.75,6100,39.7487,400
35046,0.63,0.2,0.43,20.429999999999996,15:32:20,39.73,2100,39.74,10400,39.7301,100
35112,0.6000000000000001,0.07,0.53,0.0,15:33:00,39.72,2100,39.73,9300,39.7292,200
35190,0.76,0.31,0.45,57.58000000000001,15:33:57,39.72,5300,39.73,18700,39.7243,1050
35203,0.61,0.14,0.47,6.24,15:34:06,39.72,5800,39.73,21300,39.7258,185
35230,0.59,0.08,0.51,28.210000000000004,15:34:28,39.72,6400,39.73,17800,39.7205,500
35276,0.8,0.24,0.56,56.780000000000015,15:34:56,39.73,14300,39.74,9800,39.7344,115
35282,0.75,0.21,0.54,0.0,15:35:00,39.73,15000,39.74,8200,39.7328,1827
35288,0.75,0.08,0.67,4.0,15:35:04,39.73,13800,39.74,8300,39.7367,113
35362,0.58,0.08,0.5,47.85000000000001,15:35:47,39.73,13200,39.74,8900,39.7365,516
35432,0.61,0.29,0.32,36.73,15:36:36,39.67,2000,39.68,9500,39.6703,100
35455,0.59,0.24,0.35,49.75000000000001,15:36:49,39.66,1500,39.67,3600,39.6634,280
35516,0.6300000000000001,0.07,0.56,36.6,15:37:36,39.68,3000,39.69,7700,39.688,300
35580,0.5900000000000001,0.19,0.4,24.040000000000006,15:38:24,39.68,4000,39.69,5200,39.6834,195
35609,0.44,0.12,0.32,41.81000000000002,15:38:41,39.7,6400,39.71,7500,39.7075,101
35734,0.5900000000000001,0.07,0.52,9.629999999999999,15:40:09,39.7,7700,39.71,5700,39.7048,148
35740,0.44,0.08,0.36,15.27,15:40:15,39.7,6800,39.71,6000,39.7042,400
35746,0.97,0.31,0.66,21.84,15:40:21,39.7,7100,39.71,6200,39.7036,500
35815,3.1799999999999997,2.59,0.59,3.75,15:41:03,39.67,7100,39.68,7800,39.677,125
35867,0.74,0.08,0.66,36.170000000000016,15:41:36,39.66,4200,39.67,6800,39.6698,100
35897,0.83,0.21,0.62,1.44,15:42:01,39.66,4700,39.67,7000,39.667,150
35992,2.94,2.4,0.54,20.55,15:43:20,39.69,7900,39.7,1600,39.6944,1000
36040,0.6,0.17,0.43,48.349999999999994,15:43:48,39.69,6300,39.7,2600,39.6918,241
36142,0.5900000000000001,0.26,0.33,53.41000000000003,15:44:53,39.68,2100,39.69,10100,39.6818,115
36325,0.76,0.15,0.61,0.0,15:47:00,39.7,6600,39.71,4200,39.7083,163
36331,0.81,0.19,0.62,4.41,15:47:04,39.7,7000,39.71,3200,39.7017,301
36422,0.61,0.17,0.44,4.6000000000000005,15:48:04,39.68,4800,39.69,6000,39.6801,106
36426,5.03,4.49,0.54,12.0,15:48:12,39.68,3600,39.69,6200,39.6825,300
36469,0.75,0.28,0.47,42.36,15:48:42,39.68,8000,39.69,5400,39.6867,100
36490,0.6200000000000001,0.07,0.55,58.39999999999999,15:48:58,39.68,6800,39.69,4700,39.6846,200
36560,0.44,0.08,0.36,45.640000000000015,15:49:45,39.68,5800,39.69,6900,39.6866,1000
36617,0.61,0.18,0.43,23.980000000000008,15:50:23,39.64,5700,39.65,14100,39.6425,100
36640,0.85,0.13,0.72,40.420000000000016,15:50:40,39.61,5600,39.62,7400,39.6101,172
36661,0.94,0.24,0.7,2.4,15:51:02,39.61,5300,39.62,15700,39.6108,400
36688,0.8,0.14,0.66,25.57999999999999,15:51:25,39.63,7900,39.64,4100,39.6304,250
36778,0.6,0.09,0.51,39.610000000000014,15:52:39,39.65,16100,39.66,16700,39.6598,200
36794,0.95,0.36,0.59,50.160000000000025,15:52:50,39.65,13000,39.66,16700,39.6599,299
36925,0.44,0.07,0.37,28.420000000000005,15:54:28,39.65,15000,39.66,22400,39.6544,200
36982,0.79,0.27,0.52,6.99,15:55:06,39.65,19400,39.66,21900,39.658,200
37020,0.65,0.17,0.48,39.56999999999999,15:55:39,39.65,16700,39.66,40100,39.6508,400
37172,0.6799999999999999,0.08,0.6,32.260000000000005,15:57:32,39.63,8800,39.64,26000,39.6301,141
37185,2.19,1.61,0.58,9.8,15:59:09,39.66,27500,39.67,12300,39.6617,1600
