,Total Delay,Request Delay,Saving Delay,Arrival Time,Time,Bid,Bid Size,Ask,Ask Size,Last Price,Last Size
0,0.6499999999999999,0.3,0.35,0.6499999999999999,09:30:00,146.21,100,146.71,400,146.05,100
144,0.46,0.18,0.28,0.0,09:31:00,146.27,100,146.69,200,146.27,200
270,0.36,0.2,0.16,23.540000000000006,09:32:23,146.27,100,146.65,800,146.46,100
283,0.25,0.09,0.16,27.36,09:32:27,146.08,100,146.24,100,146.16,163
287,0.32,0.15,0.17,28.729999999999997,09:32:28,146.09,300,146.26,200,146.24,100
289,0.30000000000000004,0.14,0.16,29.409999999999997,09:32:29,146.19,100,146.48,100,146.3,100
350,3.75,3.46,0.29,0.0,09:33:00,146.38,100,146.6,200,146.48,100
352,0.35,0.18,0.17,0.61,09:33:00,146.34,300,146.59,200,146.59,300
365,0.42000000000000004,0.23,0.19,10.769999999999998,09:33:10,146.34,100,146.58,700,146.465,200
417,0.39,0.2,0.19,28.689999999999998,09:33:28,146.34,100,146.58,700,146.52,100
515,1.4000000000000001,1.06,0.34,0.0,09:34:00,146.34,200,146.5,400,146.35,100
527,0.43,0.21,0.22,4.43,09:34:04,146.36,100,146.5,500,146.49,100
546,0.45,0.2,0.25,12.3,09:34:12,146.37,200,146.5,400,146.5,100
614,0.38,0.08,0.3,38.510000000000005,09:34:38,146.44,100,146.66,200,146.56,200
618,0.34,0.07,0.27,0.0,09:35:00,146.34,100,146.53,100,146.44,100
628,0.45,0.22,0.23,11.45,09:35:11,146.39,100,146.55,100,146.53,100
632,0.29000000000000004,0.07,0.22,13.509999999999998,09:35:13,146.38,200,146.55,500,146.41,100
657,0.54,0.28,0.26,23.58,09:35:23,146.4,100,146.55,500,146.55,100
680,0.33,0.07,0.26,31.609999999999996,09:35:31,146.48,100,146.67,500,146.54,100
701,0.26,0.08,0.18,39.62999999999999,09:35:39,146.67,200,146.72,100,146.67,100
707,0.25,0.07,0.18,41.50999999999999,09:35:41,146.73,200,146.85,100,146.85,200
727,0.38,0.21,0.17,47.879999999999995,09:35:47,146.78,100,146.9,200,146.9,100
741,0.23,0.07,0.16,51.64,09:35:51,146.81,100,146.96,100,146.84,100
751,0.4,0.23,0.17,54.56,09:35:54,146.81,100,146.95,100,146.985,100
765,0.44000000000000006,0.17,0.27,0.0,09:36:00,146.82,200,146.95,400,146.95,100
769,0.36000000000000004,0.08,0.28,4.990000000000001,09:36:04,146.67,200,146.92,400,146.74,100
772,0.24000000000000002,0.07,0.17,7.670000000000002,09:36:07,146.67,200,146.92,200,146.795,200
774,2.31,2.11,0.2,10.230000000000002,09:36:10,146.67,200,146.91,100,146.8,100
779,3.7600000000000002,3.33,0.43,15.770000000000003,09:36:15,146.68,100,146.91,400,146.7,100
780,0.43,0.19,0.24,16.200000000000003,09:36:16,146.67,200,146.91,700,146.79,100
785,0.42,0.21,0.21,18.080000000000002,09:36:18,146.68,500,146.78,100,146.735,100
790,0.38,0.09,0.29,20.110000000000003,09:36:20,146.55,100,146.77,200,146.68,200
795,0.33,0.1,0.23,21.930000000000007,09:36:21,146.56,100,146.77,200,146.77,200
805,0.65,0.28,0.37,26.090000000000007,09:36:26,146.55,500,146.82,200,146.69,100
818,0.32,0.14,0.18,31.970000000000006,09:36:31,146.58,100,146.81,100,146.64,100
822,0.30000000000000004,0.07,0.23,33.760000000000005,09:36:33,146.58,100,146.81,100,146.81,100
828,0.26,0.08,0.18,35.949999999999996,09:36:35,146.59,200,146.8,200,146.695,400
833,0.39,0.16,0.23,38.01,09:36:38,146.56,100,146.81,100,146.775,100
850,0.34,0.08,0.26,45.89000000000001,09:36:45,146.67,200,146.9,100,146.82,100
914,0.41000000000000003,0.21,0.2,23.889999999999997,09:37:23,146.69,500,146.89,300,146.88,100
918,0.49,0.14,0.35,25.749999999999996,09:37:25,146.69,500,146.82,100,146.7875,100
959,0.48,0.21,0.27,43.65999999999998,09:37:43,146.69,200,146.83,100,146.83,200
993,0.39,0.12,0.27,57.52999999999997,09:37:57,146.69,200,146.83,200,146.76,200
1018,0.6000000000000001,0.27,0.33,0.9900000000000001,09:38:00,146.69,200,146.82,200,146.755,200
1033,0.42000000000000004,0.14,0.28,7.080000000000001,09:38:07,146.69,200,146.81,100,146.75,400
1071,0.39,0.13,0.26,25.15,09:38:25,146.67,100,146.78,200,146.66,100
1104,0.45,0.18,0.27,39.230000000000004,09:38:39,146.56,100,146.74,200,146.57,100
1137,0.31,0.08,0.23,0.0,09:39:00,146.57,100,146.73,200,146.65,700
1266,0.52,0.28,0.24,0.0,09:40:00,146.47,100,146.74,400,146.685,100
1281,1.3,0.91,0.39,8.440000000000001,09:40:08,146.6,100,146.71,500,146.6,100
1346,0.45,0.19,0.26,37.63,09:40:37,146.6,100,146.66,100,146.62,100
1422,0.4,0.21,0.19,0.0,09:41:00,146.6,100,146.66,100,146.635,200
1547,0.47,0.22,0.25,1.9100000000000001,09:42:01,146.49,200,146.7,500,146.595,100
1560,2.34,2.03,0.31,13.59,09:42:13,146.52,200,146.67,200,146.585,100
1692,1.6300000000000001,1.29,0.34,2.6900000000000004,09:43:02,146.35,500,146.53,300,146.51,100
1710,0.44,0.12,0.32,11.790000000000001,09:43:11,146.44,100,146.6,100,146.525,200
1996,0.37,0.12,0.25,24.19,09:45:24,146.45,100,146.58,100,146.45,100
2115,0.34,0.08,0.26,0.0,09:46:00,146.46,100,146.56,200,146.47,100
2215,0.39,0.21,0.18,39.97999999999999,09:46:39,146.54,100,146.64,200,146.58,100
2295,0.44999999999999996,0.09,0.36,5.760000000000001,09:47:05,146.52,100,146.61,300,146.565,100
2514,0.49,0.27,0.22,55.850000000000016,09:48:55,146.56,100,146.65,600,146.605,100
2549,4.069999999999999,3.78,0.29,18.07,09:49:18,146.56,100,146.64,100,146.511,135
2594,0.37,0.07,0.3,39.60999999999999,09:49:39,146.52,100,146.59,100,146.555,100
2706,0.30000000000000004,0.07,0.23,0.0,09:50:00,146.52,100,146.58,100,146.61,100
3227,0.39,0.22,0.17,0.0,09:54:00,146.55,200,146.65,500,146.63,100
3670,0.3,0.08,0.22,0.0,09:57:00,146.54,500,146.64,100,146.572,169
3820,2.8000000000000003,2.64,0.16,14.51,09:58:14,146.41,100,146.51,500,146.415,100
3869,0.37,0.17,0.2,30.810000000000016,09:58:30,146.39,100,146.48,200,146.39,100
3978,0.26,0.08,0.18,0.0,09:59:00,146.39,200,146.48,100,146.435,100
4014,0.34,0.17,0.17,11.989999999999998,09:59:11,146.4,100,146.57,100,146.42,100
4050,0.43000000000000005,0.2,0.23,24.29,09:59:24,146.4,300,146.5,100,146.455,800
4199,0.48000000000000004,0.08,0.4,49.29999999999997,10:00:49,146.4,100,146.5,200,146.425,600
4250,0.29000000000000004,0.07,0.22,0.0,10:01:00,146.26,1300,146.38,300,146.34,100
4311,0.44999999999999996,0.24,0.21,20.18,10:01:20,146.28,200,146.37,100,146.325,170
4373,5.0600000000000005,4.79,0.27,0.0,10:02:00,146.29,100,146.37,100,146.37,200
4563,0.27,0.08,0.19,29.710000000000008,10:03:29,146.47,300,146.52,200,146.495,200
4789,0.62,0.18,0.44,0.0,10:05:00,146.4,300,146.5,100,146.43,200
4828,0.48,0.23,0.25,21.63,10:05:21,146.43,400,146.52,600,146.475,100
4962,0.31,0.15,0.16,13.32,10:06:13,146.04,100,146.15,100,146.18,180
5020,0.45,0.25,0.2,33.32,10:06:33,146.1,100,146.22,400,146.165,100
5037,0.3,0.09,0.21,39.21000000000001,10:06:39,146.1,100,146.21,200,146.1,100
5089,0.27,0.09,0.18,0.0,10:07:00,146.1,100,146.21,100,146.14,100
5315,0.48,0.18,0.3,8.299999999999999,10:08:08,146.11,100,146.21,400,146.21,100
5450,0.37,0.18,0.19,0.0,10:09:00,146.06,200,146.17,400,146.11,100
5462,168.17,168.0,0.17,0.0,10:11:00,145.96,200,146.05,200,146.01,100
5546,0.32,0.12,0.2,0.0,10:13:00,145.99,800,146.1,100,146.06,100
5575,1.53,1.22,0.31,17.02,10:13:17,146.13,100,146.21,600,146.17,200
5635,0.39,0.18,0.21,42.12000000000001,10:13:42,146.09,100,146.16,100,146.13,100
5760,0.26,0.09,0.17,30.210000000000004,10:14:30,146.18,100,146.29,100,146.22,123
5786,0.26,0.09,0.17,38.21000000000002,10:14:38,146.18,200,146.26,100,146.235,100
5812,0.41000000000000003,0.24,0.17,46.06000000000004,10:14:46,146.12,300,146.22,200,146.2,100
5939,0.24000000000000002,0.07,0.17,30.969999999999995,10:15:30,146.13,300,146.21,100,146.19,100
6076,0.24000000000000002,0.07,0.17,0.0,10:16:00,146.19,200,146.27,100,146.23,100
6207,0.33999999999999997,0.15,0.19,2.1599999999999997,10:17:02,146.29,100,146.34,600,146.33,100
6237,0.4,0.21,0.19,12.150000000000002,10:17:12,146.29,200,146.34,600,146.315,100
6291,4.31,3.94,0.37,0.0,10:18:00,146.3,100,146.35,500,146.31,100
6319,0.42000000000000004,0.23,0.19,0.42000000000000004,10:19:00,146.22,200,146.3,200,146.26,100
6442,0.36,0.15,0.21,0.0,10:20:00,146.17,200,146.31,100,146.25,100
6597,0.64,0.09,0.55,30.489999999999995,10:21:30,146.15,100,146.22,100,146.255,100
7025,0.35000000000000003,0.07,0.28,35.61999999999999,10:25:35,146.09,200,146.18,200,146.135,100
7730,0.8200000000000001,0.48,0.34,18.32,10:31:18,146.17,100,146.22,100,146.195,100
8057,0.34,0.08,0.26,42.440000000000005,10:34:42,146.23,100,146.31,100,146.2675,100
8151,0.61,0.18,0.43,0.0,10:36:00,146.18,200,146.25,100,146.215,100
8249,0.5800000000000001,0.07,0.51,0.0,10:37:00,146.15,100,146.24,600,146.2225,100
8360,0.59,0.09,0.5,0.0,10:38:00,146.15,200,146.2,200,146.15,100
8380,0.5800000000000001,0.14,0.44,11.599999999999998,10:38:11,146.11,100,146.16,100,146.12,100
8427,0.77,0.18,0.59,2.98,10:39:02,146.07,200,146.13,200,146.09,100
8433,0.79,0.25,0.54,9.0,10:39:09,146.07,100,146.12,100,146.07,100
8520,0.6000000000000001,0.14,0.46,25.740000000000006,10:40:25,146.04,100,146.11,100,146.08,100
8582,3.0200000000000005,2.49,0.53,0.0,10:41:00,145.97,100,146.04,600,146.0,100
8598,0.59,0.21,0.38,11.400000000000002,10:41:11,145.9,200,145.99,100,145.91,132
8605,0.66,0.2,0.46,15.810000000000002,10:41:15,145.86,100,145.96,100,145.9,100
8625,0.5800000000000001,0.07,0.51,27.56000000000001,10:41:27,145.86,100,145.9,100,145.86,199
8712,0.46,0.08,0.38,0.0,10:42:00,145.82,300,145.97,100,145.87,100
8869,0.78,0.17,0.61,0.0,10:44:00,145.88,500,145.97,400,145.88,100
8878,0.6000000000000001,0.07,0.53,5.66,10:44:05,145.82,100,145.88,100,145.83,100
8895,0.5800000000000001,0.07,0.51,15.599999999999998,10:44:15,145.82,200,145.88,200,145.85,100
8919,0.44,0.07,0.37,29.23999999999999,10:44:29,145.82,200,145.88,200,145.82,125
8936,4.2,3.76,0.44,0.0,10:45:00,145.9,400,145.97,100,145.93,100
8947,2.3600000000000003,1.84,0.52,9.38,10:45:09,145.91,100,145.97,100,145.96,100
8987,0.79,0.41,0.38,34.830000000000005,10:45:34,145.98,100,146.02,500,145.97,100
9041,0.43000000000000005,0.09,0.34,0.0,10:46:00,145.8,100,145.94,200,145.945,100
9060,0.76,0.17,0.59,12.359999999999996,10:46:12,145.85,100,145.94,400,145.94,100
9095,0.61,0.21,0.4,36.010000000000005,10:46:36,145.8,200,145.86,200,145.81,100
9115,2.97,2.47,0.5,9.790000000000001,10:47:09,145.85,100,145.98,400,145.855,100
9186,0.61,0.18,0.43,53.260000000000005,10:47:53,145.91,200,146.0,500,145.98,100
9195,0.5700000000000001,0.13,0.44,0.0,10:48:00,145.9,100,146.0,500,145.985,100
9322,0.56,0.19,0.37,22.15,10:49:22,145.93,300,146.0,900,145.986,300
9352,0.8500000000000001,0.2,0.65,42.59,10:49:42,145.98,300,146.07,200,146.03,100
9355,0.76,0.07,0.69,44.95,10:49:44,145.93,100,146.03,100,146.0075,100
9381,3.3899999999999997,2.88,0.51,0.0,10:50:00,145.94,100,145.99,200,145.965,100
9735,2.1799999999999997,1.65,0.53,10.8,10:54:10,145.93,100,145.99,200,145.955,100
9750,0.61,0.17,0.44,21.840000000000003,10:54:21,145.88,100,145.95,300,145.9325,100
9754,0.5700000000000001,0.07,0.5,24.200000000000003,10:54:24,145.88,100,145.95,300,145.885,200
9763,0.79,0.2,0.59,0.0,10:56:00,145.9,100,145.96,100,145.95,100
9945,0.6000000000000001,0.27,0.33,2.17,10:58:02,145.86,200,145.97,300,145.915,100
10002,0.61,0.17,0.44,0.0,10:59:00,145.83,300,145.95,200,145.89,100
10095,0.79,0.19,0.6,0.0,11:00:00,145.8,100,145.87,200,145.835,100
10232,0.57,0.08,0.49,46.190000000000005,11:01:46,145.77,100,145.84,100,145.805,100
10256,135.06,134.46,0.6,0.0,11:03:00,145.55,100,145.64,200,145.59,100
10259,1.23,0.7,0.53,0.0,11:04:00,145.52,300,145.62,300,145.56,100
10299,0.59,0.22,0.37,27.16,11:04:27,145.54,200,145.6,200,145.54,100
10318,0.77,0.23,0.54,39.70000000000001,11:04:39,145.46,100,145.54,200,145.52,100
10346,0.5800000000000001,0.07,0.51,0.0,11:05:00,145.41,100,145.47,100,145.45,100
10370,0.77,0.36,0.41,13.449999999999998,11:05:13,145.34,100,145.39,100,145.37,100
10374,0.6,0.17,0.43,15.649999999999997,11:05:15,145.33,200,145.43,200,145.38,100
10377,0.45,0.08,0.37,17.289999999999996,11:05:17,145.34,100,145.42,200,145.3725,100
10396,0.61,0.18,0.43,27.9,11:05:27,145.44,600,145.55,100,145.44,100
10399,0.5800000000000001,0.25,0.33,29.54,11:05:29,145.45,100,145.56,100,145.46,100
10417,0.5700000000000001,0.14,0.43,0.0,11:06:00,145.45,100,145.52,100,145.485,100
10420,3.67,3.37,0.3,4.85,11:06:04,145.49,100,145.55,100,145.515,100
10422,0.59,0.18,0.41,6.02,11:06:06,145.45,100,145.53,100,145.49,100
10503,0.6,0.22,0.38,56.199999999999996,11:06:56,145.46,100,145.57,200,145.51,100
10506,0.6000000000000001,0.2,0.4,0.0,11:07:00,145.46,100,145.57,200,145.48,100
10535,0.56,0.12,0.44,24.38,11:07:24,145.49,100,145.57,200,145.53,100
10594,0.58,0.08,0.5,55.980000000000004,11:07:55,145.42,100,145.53,100,145.5,100
10635,0.79,0.07,0.72,0.0,11:08:00,145.44,100,145.5,100,145.47,5500
10840,0.63,0.08,0.55,0.0,11:10:00,145.37,100,145.42,500,145.39,100
10919,0.6,0.17,0.43,0.0,11:11:00,145.25,100,145.36,300,145.33,100
10966,0.5700000000000001,0.07,0.5,0.0,11:12:00,145.26,100,145.38,300,145.32,100
11030,0.82,0.23,0.59,52.24,11:12:52,145.28,100,145.32,100,145.29,100
11035,0.62,0.13,0.49,56.010000000000005,11:12:56,145.26,200,145.32,100,145.28,100
11058,0.62,0.08,0.54,0.0,11:13:00,145.21,200,145.34,100,145.25,100
11062,0.78,0.15,0.63,5.78,11:13:05,145.27,300,145.37,100,145.34,196
11115,0.44,0.13,0.31,41.360000000000014,11:13:41,145.28,100,145.37,100,145.36,100
11151,0.6,0.23,0.37,16.62,11:14:16,145.32,100,145.4,100,145.4,100
11211,0.6599999999999999,0.18,0.48,5.670000000000001,11:16:05,145.58,200,145.67,100,145.63,100
11223,0.62,0.24,0.38,14.08,11:16:14,145.58,100,145.67,100,145.6,100
11315,0.6,0.22,0.38,0.0,11:17:00,145.63,100,145.76,200,145.75,100
11370,0.6100000000000001,0.07,0.54,0.0,11:18:00,145.69,400,145.76,300,145.69,100
11427,3.81,3.17,0.64,0.0,11:19:00,145.69,300,145.75,200,145.72,100
11548,0.5900000000000001,0.07,0.52,29.740000000000002,11:20:29,145.6,300,145.67,100,145.64,100
11551,0.63,0.1,0.53,31.92,11:20:31,145.6,300,145.67,400,145.635,100
11577,0.8099999999999999,0.22,0.59,2.18,11:21:02,145.6,100,145.65,300,145.61,100
11611,0.7799999999999999,0.09,0.69,32.18,11:21:32,145.6,100,145.65,400,145.625,100
11744,0.62,0.17,0.45,1.83,11:23:01,145.5,100,145.55,100,145.55,100
11758,1.54,0.8,0.74,14.59,11:23:14,145.56,100,145.59,100,145.58,100
11846,0.6000000000000001,0.28,0.32,3.62,11:24:03,145.63,100,145.66,200,145.66,100
11853,0.66,0.21,0.45,8.209999999999999,11:24:08,145.64,1000,145.71,100,145.67,100
11875,0.58,0.16,0.42,21.799999999999994,11:24:21,145.65,200,145.71,100,145.68,100
11949,0.7999999999999999,0.09,0.71,0.0,11:25:00,145.67,100,145.74,200,145.71,100
11980,0.5900000000000001,0.2,0.39,0.0,11:26:00,145.68,100,145.74,100,145.74,100
12217,0.63,0.23,0.4,14.190000000000001,11:31:14,145.71,100,145.75,100,145.73,100
12237,0.58,0.08,0.5,25.549999999999997,11:31:25,145.72,200,145.77,100,145.7564,200
12389,1.38,0.79,0.59,0.0,11:33:00,145.68,200,145.74,100,145.7,100
12550,0.77,0.32,0.45,0.0,11:35:00,145.65,200,145.73,200,145.65,3000
12622,0.6000000000000001,0.07,0.53,0.0,11:37:00,145.62,200,145.68,200,145.6596,100
12639,0.62,0.24,0.38,11.839999999999998,11:37:11,145.65,100,145.68,100,145.665,100
12655,0.58,0.22,0.36,21.789999999999992,11:37:21,145.6,100,145.64,100,145.62,100
12780,118.2,117.59,0.61,0.0,11:40:00,145.5,100,145.56,500,145.5225,100
12999,0.34,0.14,0.2,0.0,11:42:00,145.46,300,145.55,200,145.505,100
13461,2.77,2.55,0.22,0.0,11:47:00,145.3,100,145.35,300,145.35,100
13584,0.39,0.22,0.17,0.0,11:48:00,145.33,100,145.39,200,145.365,100
13720,0.25,0.08,0.17,55.77999999999998,11:48:55,145.41,200,145.46,100,145.435,100
13795,0.4,0.22,0.18,31.769999999999996,11:49:31,145.36,200,145.44,300,145.41,100
14198,0.36,0.19,0.17,0.0,11:52:00,145.36,200,145.42,100,145.405,100
14212,0.37,0.09,0.28,8.9,11:52:08,145.39,200,145.44,300,145.42,100
15038,0.33999999999999997,0.13,0.21,1.98,11:57:01,145.56,100,145.63,100,145.57,100
16031,0.42000000000000004,0.22,0.2,0.0,12:04:00,145.65,100,145.72,100,145.6775,100
16132,0.41000000000000003,0.21,0.2,43.9,12:04:43,145.56,100,145.68,100,145.675,100
16207,1.7,1.52,0.18,0.0,12:05:00,145.59,100,145.72,200,145.6355,337
16621,0.33999999999999997,0.15,0.19,52.19000000000003,12:07:52,145.61,200,145.7,100,145.6525,100
17017,0.43,0.22,0.21,18.820000000000004,12:10:18,145.58,100,145.65,100,145.6416,100
17670,0.27,0.08,0.19,26.860000000000007,12:14:26,145.73,100,145.83,100,145.76,100
18045,0.26,0.07,0.19,37.490000000000016,12:16:37,145.55,200,145.62,100,145.585,100
18223,0.33999999999999997,0.18,0.16,0.0,12:18:00,145.67,100,145.71,100,145.7025,100
18405,0.39,0.22,0.17,0.0,12:19:00,145.63,200,145.69,100,145.6598,193
18500,0.26,0.09,0.17,33.789999999999985,12:19:33,145.63,300,145.7,100,145.6345,160
18862,0.47000000000000003,0.27,0.2,0.0,12:22:00,145.64,200,145.7,500,145.6825,100
19164,0.44,0.19,0.25,0.0,12:24:00,145.67,100,145.7,200,145.685,100
19283,0.31,0.08,0.23,50.069999999999986,12:24:50,145.67,100,145.73,100,145.7039,110
19307,0.83,0.48,0.35,0.0,12:25:00,145.65,100,145.73,100,145.6925,100
19395,0.42,0.21,0.21,41.66,12:25:41,145.67,100,145.75,100,145.7275,100
19547,0.49,0.21,0.28,0.0,12:26:00,145.7,100,145.77,600,145.735,100
19590,0.39,0.2,0.19,0.0,12:27:00,145.75,100,145.81,300,145.78,100
19591,1.04,0.85,0.19,1.04,12:27:01,145.75,200,145.81,200,145.7925,100
19749,1.47,1.18,0.29,0.0,12:28:00,145.7,100,145.76,100,145.725,100
19917,0.42,0.18,0.24,0.0,12:29:00,145.7,200,145.77,100,145.7495,150
20046,0.27,0.08,0.19,0.0,12:30:00,145.7,200,145.76,400,145.7348,100
20368,0.35,0.18,0.17,3.3200000000000003,12:32:03,145.64,200,145.71,100,145.6951,100
20610,0.34,0.07,0.27,48.87,12:33:48,145.66,100,145.72,100,145.705,100
20819,0.25,0.08,0.17,0.25,12:35:00,145.69,100,145.74,100,145.715,100
21033,0.37,0.21,0.16,5.38,12:36:05,145.67,900,145.73,200,145.6998,100
21274,0.41000000000000003,0.21,0.2,0.0,12:38:00,145.63,100,145.68,100,145.6634,109
21302,2.23,2.02,0.21,13.47,12:38:13,145.65,100,145.68,100,145.6664,165
21594,0.24000000000000002,0.07,0.17,42.119999999999976,12:40:42,145.61,100,145.65,100,145.64600000000002,100
21786,149.10999999999999,148.89,0.22,0.0,12:44:00,145.7,100,145.76,200,145.7372,375
21894,3.36,3.13,0.23,0.0,12:45:00,145.72,200,145.79,100,145.72799999999998,156
21902,0.26,0.08,0.18,5.4799999999999995,12:45:05,145.72,200,145.79,200,145.755,100
22205,0.45,0.23,0.22,20.739999999999995,12:47:20,145.65,100,145.73,100,145.7075,100
22260,0.37,0.19,0.18,38.800000000000004,12:47:38,145.66,200,145.73,200,145.6822,140
22358,0.23,0.07,0.16,0.0,12:48:00,145.66,100,145.72,100,145.6939,100
22414,0.33,0.17,0.16,17.940000000000005,12:48:17,145.65,100,145.73,100,145.72299999999998,100
22638,0.25,0.08,0.17,0.0,12:50:00,145.71,200,145.77,300,145.77,100
23018,0.24000000000000002,0.07,0.17,0.0,12:52:00,145.6,100,145.67,100,145.695,100
23089,0.45,0.27,0.18,24.210000000000004,12:52:24,145.6,100,145.65,100,145.6296,200
23403,0.4,0.21,0.19,7.16,12:55:07,145.7,100,145.74,100,145.7265,100
24423,0.36,0.17,0.19,33.900000000000006,13:02:33,145.78,200,145.87,100,145.8307,100
24447,0.76,0.58,0.18,10.38,13:03:10,145.78,100,145.81,100,145.795,100
24937,0.37,0.14,0.23,0.0,13:09:00,145.68,200,145.72,100,145.7015,200
25257,0.34,0.07,0.27,17.929999999999996,13:11:17,145.69,100,145.75,100,145.7266,100
25766,0.61,0.18,0.43,27.770000000000007,13:16:27,145.67,200,145.74,500,145.7173,100
26619,1.2,0.15,1.05,7.62,13:27:07,145.74,200,145.79,200,145.7675,100
26637,1.3800000000000001,0.07,1.31,28.19,13:27:28,145.75,200,145.78,200,145.765,100
26648,1.5899999999999999,0.42,1.17,0.0,13:28:00,145.76,200,145.81,100,145.79,100
26801,1.2,0.07,1.13,21.96,13:31:21,145.71,200,145.77,100,145.7561,100
26927,1.2,0.07,1.13,18.2,13:34:18,145.75,100,145.78,200,145.7695,100
26944,1.0,0.07,0.93,37.42,13:34:37,145.61,200,145.69,200,145.6529,100
26955,1.1700000000000002,0.07,1.1,50.00000000000001,13:34:50,145.62,100,145.69,200,145.655,100
27050,0.81,0.13,0.68,0.0,13:36:00,145.63,100,145.66,300,145.6375,100
27088,1.59,0.27,1.32,0.0,13:37:00,145.63,300,145.66,400,145.645,100
27211,54.8,53.89,0.91,64.62,13:41:04,145.6,400,145.63,200,145.615,100
27268,1.8,0.81,0.99,0.0,13:42:00,145.61,200,145.66,300,145.6368,200
27434,1.22,0.19,1.03,40.43,13:45:40,145.66,200,145.69,100,145.6725,100
27491,1.1900000000000002,0.07,1.12,23.820000000000004,13:46:23,145.66,100,145.69,200,145.6764,125
27632,1.03,0.17,0.86,12.429999999999996,13:49:12,145.66,200,145.72,200,145.684,296
28115,1.3900000000000001,0.07,1.32,50.170000000000016,13:58:50,145.49,100,145.54,200,145.5069,100
28220,1.17,0.23,0.94,53.99,14:00:53,145.52,200,145.57,600,145.5467,126
28710,1.0,0.08,0.92,42.22000000000001,14:10:42,145.69,200,145.74,100,145.7147,107
28774,0.98,0.07,0.91,1.79,14:12:01,145.66,100,145.7,200,145.6667,173
28923,1.01,0.08,0.93,20.2,14:14:20,145.75,100,145.77,100,145.7567,100
29040,1.6199999999999999,0.15,1.47,35.85999999999999,14:16:35,145.74,200,145.77,100,145.7496,104
29319,0.78,0.19,0.59,18.22,14:21:18,145.6,100,145.66,100,145.648,200
29659,0.6200000000000001,0.07,0.55,25.830000000000002,14:24:25,145.56,100,145.64,400,145.60299999999998,3400
29931,0.79,0.25,0.54,3.95,14:28:03,145.51,100,145.54,100,145.555,100
31076,0.43,0.07,0.36,39.81,14:43:39,145.44,200,145.51,200,145.4862,1650
31108,0.75,0.21,0.54,0.0,14:44:00,145.44,200,145.51,200,145.475,100
31359,0.6000000000000001,0.07,0.53,0.0,14:47:00,145.44,100,145.49,100,145.465,100
31471,0.43,0.07,0.36,0.0,14:48:00,145.49,100,145.54,100,145.535,100
31589,0.43,0.07,0.36,7.8,14:49:07,145.54,100,145.6,100,145.5553,200
32933,2.73,1.93,0.8,5.01,15:07:05,145.69,300,145.74,100,145.707,332
32963,0.82,0.09,0.73,29.47,15:07:29,145.7,100,145.75,100,145.8,100
33585,0.5900000000000001,0.07,0.52,0.0,15:14:00,145.54,100,145.6,500,145.5588,100
33615,2.61,2.11,0.5,0.0,15:15:00,145.54,300,145.6,500,145.5801,138
33711,0.59,0.08,0.51,7.39,15:16:07,145.55,100,145.59,400,145.5525,100
33742,0.76,0.21,0.55,27.500000000000004,15:16:27,145.55,600,145.58,400,145.5575,100
34242,0.6100000000000001,0.07,0.54,28.190000000000005,15:22:28,145.71,200,145.74,100,145.7399,100
35200,0.6,0.08,0.52,2.0100000000000002,15:34:02,145.67,100,145.69,400,145.6734,100
36681,0.81,0.18,0.63,20.409999999999993,15:51:20,145.7,300,145.74,200,145.7099,100
36891,0.63,0.08,0.55,5.2299999999999995,15:54:05,145.74,100,145.75,300,145.745,100
37066,0.5700000000000001,0.23,0.34,15.810000000000002,15:56:15,145.64,400,145.68,300,145.644,100
37141,0.81,0.14,0.67,4.16,15:57:04,145.68,200,145.7,500,145.68200000000002,100
