,Total Delay,Request Delay,Saving Delay,Arrival Time,Time,Bid,Bid Size,Ask,Ask Size,Last Price,Last Size
0,0.6499999999999999,0.3,0.35,0.6499999999999999,09:30:00,365.04,200,365.74,300,365.73,100
65,0.31,0.07,0.24,5.0,09:31:05,365.04,100,365.74,300,365.4,100
71,0.37,0.18,0.19,9.79,09:31:09,365.04,100,365.68,300,365.36,150
80,1.4100000000000001,1.07,0.34,16.65,09:31:16,365.0,500,365.68,300,365.48,100
99,0.27,0.07,0.2,23.06,09:31:23,365.23,100,365.48,100,365.28,100
163,0.43,0.24,0.19,47.31000000000001,09:31:47,365.0,500,365.23,100,365.23,100
201,4.77,4.56,0.21,0.0,09:32:00,364.78,100,365.21,100,365.13,100
206,0.24000000000000002,0.07,0.17,3.3400000000000003,09:32:03,364.78,100,365.21,200,364.82,100
234,0.23,0.07,0.16,13.38,09:32:13,364.78,100,365.21,200,364.995,100
246,0.36,0.18,0.18,17.46,09:32:17,364.78,100,365.21,200,364.78,100
276,0.24000000000000002,0.07,0.17,27.610000000000003,09:32:27,364.27,200,365.13,200,364.7,255
393,0.35,0.18,0.17,0.0,09:33:00,364.4,100,365.12,200,364.76,100
399,0.38,0.21,0.17,2.08,09:33:02,364.28,100,365.12,200,364.39,100
561,0.26,0.08,0.18,0.0,09:34:00,364.0,100,364.56,100,364.41,100
622,3.44,3.13,0.31,0.0,09:35:00,364.0,100,364.39,100,364.38,100
701,0.26,0.08,0.18,35.01,09:35:35,364.0,100,364.83,100,364.13,100
771,2.1,1.83,0.27,0.0,09:36:00,364.41,100,365.19,100,364.56,100
778,0.39,0.21,0.18,4.58,09:36:04,364.41,100,365.09,100,364.7296,100
780,0.43,0.19,0.24,8.77,09:36:08,364.41,100,365.07,100,364.72,100
837,0.67,0.44,0.23,32.43999999999999,09:36:32,364.37,100,364.9,100,364.42,100
842,0.52,0.21,0.31,34.65999999999999,09:36:34,364.36,200,364.88,100,364.37,100
845,0.52,0.16,0.36,36.01999999999999,09:36:36,364.36,200,364.88,100,364.36,100
846,0.75,0.21,0.54,36.76999999999999,09:36:36,364.0,100,364.58,100,364.02,100
850,0.34,0.08,0.26,38.459999999999994,09:36:38,363.91,100,364.4,100,364.0,100
902,0.39,0.14,0.25,0.0,09:37:00,363.71,100,364.07,100,363.92,100
905,0.42000000000000004,0.1,0.32,1.2200000000000002,09:37:01,363.29,100,363.86,100,363.71,100
1002,0.42,0.07,0.35,0.0,09:38:00,363.32,100,363.77,100,363.46,100
1023,0.39,0.11,0.28,13.91,09:38:13,363.25,100,363.73,100,363.25,100
1065,0.28,0.07,0.21,33.85,09:38:33,363.25,100,363.7,100,363.5052,100
1090,0.55,0.22,0.33,44.04999999999999,09:38:44,363.25,200,363.62,200,363.26,149
1137,0.31,0.08,0.23,0.0,09:39:00,363.25,200,363.58,100,363.58,100
1142,0.37,0.18,0.19,1.8000000000000003,09:39:01,363.25,300,363.62,300,363.36,100
1159,2.5700000000000003,2.24,0.33,13.309999999999999,09:39:13,363.25,200,363.61,100,363.43,100
1256,0.5800000000000001,0.3,0.28,50.03000000000001,09:39:50,363.61,200,363.88,100,363.61,100
1269,2.0100000000000002,1.81,0.2,5.08,09:40:05,363.54,200,363.93,200,363.6,200
1277,0.46,0.2,0.26,8.22,09:40:08,363.54,100,363.93,200,363.54,400
1281,1.3,0.91,0.39,10.76,09:40:10,363.54,100,363.93,300,363.7,100
1283,2.42,2.13,0.29,13.54,09:40:13,363.54,100,363.93,300,363.75,100
1295,0.29000000000000004,0.07,0.22,21.419999999999995,09:40:21,363.25,100,363.6,100,363.33,100
1297,0.3,0.08,0.22,22.069999999999997,09:40:22,363.25,100,363.6,100,363.565,100
1303,0.33,0.07,0.26,24.11,09:40:24,363.25,300,363.6,100,363.425,100
1319,0.49,0.28,0.21,30.119999999999997,09:40:30,363.45,100,363.65,100,363.65,200
1356,0.29000000000000004,0.07,0.22,43.81999999999998,09:40:43,363.96,100,364.06,100,363.93,100
1357,0.29,0.08,0.21,44.10999999999998,09:40:44,363.96,100,364.36,100,364.33,100
1362,0.4,0.2,0.2,45.89999999999998,09:40:45,363.56,100,364.2,100,363.96,100
1610,0.42000000000000004,0.19,0.23,1.65,09:42:01,363.6,100,364.16,1700,363.88,100
1667,0.41000000000000003,0.13,0.28,0.0,09:43:00,363.6,200,363.83,300,363.6575,100
1705,0.32,0.09,0.23,19.85,09:43:19,363.76,100,363.96,400,363.82,400
1710,0.44,0.12,0.32,21.85,09:43:21,363.71,100,363.96,400,363.835,100
1741,0.4,0.08,0.32,33.8,09:43:33,363.6,200,363.94,400,363.89,100
1746,0.31,0.08,0.23,35.91,09:43:35,363.6,100,363.84,400,363.9,500
1783,0.29,0.08,0.21,49.77,09:43:49,363.6,200,363.79,400,363.705,300
1822,0.36,0.18,0.18,0.0,09:44:00,363.61,200,363.87,100,363.79,295
1827,0.29000000000000004,0.07,0.22,1.81,09:44:01,363.6,200,363.78,100,363.77,100
1831,0.59,0.35,0.24,7.489999999999999,09:44:07,363.6,100,363.75,100,363.62,100
1837,1.29,1.03,0.26,10.709999999999997,09:44:10,363.6,200,363.75,100,363.675,100
1886,0.35,0.17,0.18,31.769999999999996,09:44:31,363.76,100,363.78,100,363.76,100
1892,0.38,0.12,0.26,34.03,09:44:34,363.76,100,363.85,200,363.83,200
1916,0.46,0.27,0.19,42.00000000000002,09:44:42,363.76,200,364.58,100,364.4525,100
1927,0.27,0.07,0.2,45.670000000000016,09:44:45,363.76,100,364.58,100,364.17,175
1970,1.2,0.89,0.31,0.0,09:45:00,363.8,100,364.13,100,363.8,100
2046,0.41000000000000003,0.15,0.26,33.059999999999995,09:45:33,363.75,200,364.11,100,363.86,100
2061,0.44,0.2,0.24,39.129999999999995,09:45:39,363.5,100,363.65,500,363.73,100
2082,0.29000000000000004,0.07,0.22,0.0,09:46:00,363.5,100,363.7,600,363.6999,200
2098,0.31,0.08,0.23,5.919999999999999,09:46:05,363.68,100,364.37,100,364.025,100
2115,0.34,0.08,0.26,15.86,09:46:15,363.73,100,364.08,100,364.03,100
2124,0.31,0.09,0.22,23.840000000000003,09:46:23,363.72,100,363.92,200,363.87,100
2209,0.53,0.27,0.26,53.91000000000003,09:46:53,363.75,100,364.01,200,363.84,100
2353,0.37,0.07,0.3,0.0,09:47:00,363.91,100,364.48,100,364.2888,100
2373,0.39,0.2,0.19,0.0,09:48:00,363.95,200,364.45,100,364.205,100
2414,3.29,3.03,0.26,20.97,09:48:20,363.95,200,364.42,2000,364.2,100
2569,0.66,0.23,0.43,10.08,09:49:10,364.0,100,364.38,100,364.1566,300
2649,0.45999999999999996,0.22,0.24,0.0,09:50:00,364.4,200,364.62,100,364.57,100
2654,0.33,0.08,0.25,2.22,09:50:02,364.42,200,365.0,400,364.91,100
2660,0.52,0.2,0.32,4.91,09:50:04,364.76,200,364.98,100,364.98,100
2684,0.37,0.17,0.2,22.240000000000002,09:50:22,364.76,500,364.97,100,364.79,100
2695,0.28,0.07,0.21,25.92,09:50:25,364.87,200,364.97,100,364.9,200
2700,0.27,0.07,0.2,28.060000000000002,09:50:28,364.79,200,364.98,200,364.97,100
2737,0.42,0.24,0.18,42.220000000000006,09:50:42,364.42,400,364.76,400,364.74,100
2751,5.26,5.09,0.17,52.030000000000015,09:50:52,364.42,400,364.75,100,364.5,100
2796,0.33,0.13,0.2,0.0,09:51:00,364.42,400,364.76,400,364.6172,100
2831,0.38,0.14,0.24,17.869999999999994,09:51:17,364.42,400,364.68,600,364.61,100
2896,0.30000000000000004,0.07,0.23,41.749999999999986,09:51:41,364.1,100,364.48,500,364.24,100
2941,3.5,3.25,0.25,0.0,09:52:00,364.1,100,364.45,100,364.2782,300
3014,0.5,0.18,0.32,25.470000000000002,09:52:25,364.08,100,364.26,100,364.19,100
3030,0.39,0.22,0.17,31.360000000000003,09:52:31,363.94,100,364.21,100,364.07,100
3085,0.29000000000000004,0.09,0.2,0.0,09:53:00,363.87,100,364.17,100,364.0075,100
3127,0.3,0.09,0.21,21.840000000000003,09:53:21,363.76,100,363.93,100,363.78,100
3207,0.38,0.22,0.16,47.72999999999996,09:53:47,363.76,100,364.17,100,364.12,100
3418,0.4,0.07,0.33,0.0,09:55:00,364.27,200,364.45,300,364.28,100
3444,0.6799999999999999,0.25,0.43,10.370000000000001,09:55:10,364.5,100,364.59,100,364.5525,100
3448,0.45,0.25,0.2,12.030000000000001,09:55:12,364.54,100,364.67,100,364.545,100
3464,0.28,0.07,0.21,17.960000000000004,09:55:17,364.67,100,364.96,100,364.67,100
3563,0.33,0.07,0.26,22.199999999999996,09:56:22,364.5,300,364.78,100,364.6,100
3646,0.33999999999999997,0.13,0.21,51.97000000000001,09:56:51,364.51,100,364.79,100,364.65,200
3679,3.34,3.09,0.25,20.67,09:57:20,364.5,100,364.78,500,364.69,100
3807,0.37,0.18,0.19,0.0,09:58:00,364.69,100,364.85,100,364.75,100
3839,0.37,0.2,0.17,23.94,09:58:23,364.56,100,364.8,200,364.68,200
3858,0.35,0.16,0.19,30.02000000000001,09:58:30,364.5,200,364.8,100,364.8,560
3880,0.39,0.17,0.22,38.290000000000006,09:58:38,364.51,100,364.8,200,364.51,200
3929,0.42000000000000004,0.23,0.19,0.0,09:59:00,364.63,100,364.77,600,364.635,302
4003,0.54,0.24,0.3,30.399999999999995,09:59:30,364.63,200,364.76,100,364.717,100
4014,0.34,0.17,0.17,34.12,09:59:34,364.7,100,364.73,100,364.71,100
4034,0.4,0.23,0.17,40.07000000000001,09:59:40,364.7,100,364.74,100,364.7196,100
4077,0.25,0.07,0.18,56.160000000000004,09:59:56,364.55,200,364.97,100,364.73,100
4125,0.73,0.27,0.46,0.0,10:00:00,364.56,200,364.91,100,364.64,100
4141,0.54,0.18,0.36,7.440000000000001,10:00:07,364.56,200,364.88,100,364.7448,150
4179,0.56,0.25,0.31,23.689999999999998,10:00:23,364.87,100,364.95,100,364.92,100
4183,0.42,0.07,0.35,25.599999999999998,10:00:25,364.86,100,364.95,100,364.87,100
4187,0.71,0.23,0.48,28.3,10:00:28,364.86,100,365.08,100,365.04,100
4190,0.54,0.08,0.46,29.87,10:00:29,364.79,200,365.06,400,364.93,100
4196,0.74,0.17,0.57,33.699999999999996,10:00:33,364.81,100,365.06,700,364.935,100
4222,2.2,1.96,0.24,2.2,10:01:02,364.57,100,365.0,100,365.0,100
4279,0.45,0.23,0.22,24.190000000000005,10:01:24,364.57,100,364.83,500,364.7346,150
4286,0.3,0.12,0.18,26.260000000000005,10:01:26,364.57,100,364.82,100,364.575,200
4324,0.28,0.08,0.2,38.280000000000015,10:01:38,364.57,100,364.75,500,364.66,100
4337,0.36,0.19,0.17,42.370000000000026,10:01:42,364.56,200,364.72,100,364.58,100
4342,0.28,0.1,0.18,44.17000000000003,10:01:44,364.26,100,364.63,500,364.26,100
4371,1.8699999999999999,1.65,0.22,0.0,10:02:00,364.07,100,364.35,700,364.25,100
4410,0.38,0.09,0.29,22.82999999999999,10:02:22,364.06,100,364.21,100,364.21,109
4427,0.38,0.18,0.2,28.629999999999992,10:02:28,363.82,100,364.18,500,363.85,100
4462,0.56,0.25,0.31,40.90000000000001,10:02:40,363.7,200,364.0,100,363.9002,125
4639,0.4,0.2,0.2,53.86999999999999,10:03:53,363.63,100,363.91,100,363.7305,100
4737,0.26,0.07,0.19,32.20000000000001,10:04:32,363.52,100,363.74,500,363.575,100
4782,0.74,0.2,0.54,50.830000000000005,10:04:50,363.52,200,363.72,100,363.6456,150
5049,0.39,0.18,0.21,13.68,10:06:13,363.26,100,363.58,400,363.57,100
5131,0.55,0.24,0.31,0.0,10:07:00,363.26,100,363.44,400,363.305,100
5136,0.36,0.18,0.18,1.88,10:07:01,363.26,100,363.44,400,363.3632,100
5201,0.27,0.07,0.2,23.659999999999997,10:07:23,363.08,200,363.2,300,363.2,100
5245,3.9699999999999998,3.65,0.32,0.0,10:08:00,363.12,100,363.36,300,363.12,200
5256,0.38,0.21,0.17,6.46,10:08:06,363.07,100,363.12,200,363.08,100
5268,0.27,0.08,0.19,10.3,10:08:10,363.0,300,363.11,400,363.1,100
5278,0.36000000000000004,0.08,0.28,14.509999999999998,10:08:14,363.0,300,363.11,200,363.11,100
5288,0.66,0.27,0.39,18.429999999999993,10:08:18,363.01,100,363.11,200,363.0603,150
5315,0.48,0.18,0.3,28.579999999999988,10:08:28,363.01,100,363.12,200,363.065,100
5332,0.27,0.09,0.18,34.21999999999999,10:08:34,363.01,100,363.12,100,363.07,100
5343,0.45999999999999996,0.24,0.22,38.28999999999999,10:08:38,363.01,100,363.12,200,363.01,100
5439,0.46,0.27,0.19,0.0,10:09:00,363.01,100,363.14,100,363.14,100
5689,0.26,0.08,0.18,0.0,10:14:00,363.61,100,363.91,300,363.69,100
5717,1.59,1.33,0.26,13.760000000000002,10:14:13,363.61,100,363.9,300,363.6297,100
5890,0.29,0.08,0.21,0.0,10:15:00,363.74,100,363.96,100,363.91,100
5919,0.39,0.22,0.17,9.899999999999999,10:15:09,363.81,100,364.02,100,363.95,100
5939,0.24000000000000002,0.07,0.17,15.81,10:15:15,363.81,100,364.02,100,363.9199,1000
6099,0.33,0.08,0.25,0.0,10:16:00,364.15,100,364.5,100,364.14,100
6117,0.39,0.2,0.19,5.829999999999999,10:16:05,364.16,100,364.48,100,364.18,100
6159,2.81,2.47,0.34,0.0,10:17:00,364.16,100,364.42,400,364.16,300
6201,0.39,0.07,0.32,20.45,10:17:20,364.16,200,364.44,100,364.44,300
6225,0.28,0.08,0.2,28.659999999999997,10:17:28,364.0,100,364.38,400,364.22,100
6318,52.14,51.78,0.36,0.0,10:18:00,363.64,300,363.8,100,363.7347,100
6319,0.42000000000000004,0.23,0.19,0.0,10:19:00,363.64,300,363.8,100,363.72,100
6373,0.38,0.18,0.2,19.989999999999995,10:19:19,363.64,200,363.8,200,363.67,100
6446,0.39,0.17,0.22,0.0,10:20:00,363.49,200,363.8,100,363.64,100
6704,0.64,0.24,0.4,54.170000000000016,10:22:54,363.8,500,364.09,200,363.9972,150
6859,1.61,1.32,0.29,0.0,10:24:00,363.99,100,364.08,200,363.99,100
6888,0.34,0.08,0.26,16.9,10:24:16,363.8,400,364.05,500,363.97,200
6925,0.33999999999999997,0.09,0.25,32.80999999999999,10:24:32,363.8,400,364.03,600,363.865,100
7222,0.4,0.2,0.2,12.930000000000003,10:27:12,363.53,600,363.6,100,363.63,176
7262,0.5,0.23,0.27,0.0,10:28:00,363.53,700,363.84,100,363.685,300
7625,0.39,0.21,0.18,27.46,10:30:27,364.05,100,364.22,200,364.05,100
7649,0.37,0.14,0.23,35.650000000000006,10:30:35,364.05,100,364.22,200,364.176,100
7660,0.48,0.19,0.29,39.55000000000001,10:30:39,364.06,100,364.22,300,364.11,100
7720,0.35000000000000003,0.08,0.27,0.0,10:31:00,363.69,100,364.21,300,364.06,100
7788,0.45,0.27,0.18,34.01000000000001,10:31:34,363.69,500,364.06,100,363.875,200
7856,0.27,0.07,0.2,0.0,10:33:00,364.1,200,364.49,200,364.1,100
7899,0.24000000000000002,0.07,0.17,14.190000000000001,10:33:14,364.1,400,364.45,200,364.35,100
7969,0.38,0.14,0.24,0.0,10:34:00,364.1,300,364.42,1200,364.34,100
8164,0.43,0.13,0.3,0.0,10:36:00,364.37,400,364.5,100,364.47,100
8282,0.6000000000000001,0.07,0.53,31.150000000000006,10:37:31,364.61,100,364.98,100,364.77,100
8502,0.75,0.18,0.57,0.0,10:40:00,364.63,600,364.89,100,364.8079,209
8503,0.63,0.12,0.51,0.63,10:40:00,364.72,100,364.89,200,364.7431,110
8582,3.0200000000000005,2.49,0.53,3.6100000000000003,10:41:03,364.54,100,364.66,100,364.62,100
8598,0.59,0.21,0.38,15.009999999999998,10:41:15,364.29,100,364.53,100,364.49,100
8621,0.5900000000000001,0.07,0.52,28.780000000000005,10:41:28,364.1,100,364.27,100,364.15,100
8653,0.44,0.07,0.37,46.84000000000002,10:41:46,364.1,100,364.27,100,364.185,100
8783,0.7799999999999999,0.08,0.7,0.0,10:43:00,364.33,100,364.58,100,364.405,100
8835,0.46,0.12,0.34,0.0,10:44:00,364.23,100,364.54,100,364.3997,200
9089,0.5800000000000001,0.07,0.51,39.02000000000001,10:46:39,364.2,300,364.4,100,364.48,100
9101,0.6399999999999999,0.29,0.35,46.620000000000026,10:46:46,364.2,300,364.51,100,364.4,100
9154,0.61,0.21,0.4,18.04,10:47:18,364.42,300,364.53,100,364.46,100
9163,0.64,0.18,0.46,24.04,10:47:24,364.37,100,364.57,100,364.52,100
9319,0.5700000000000001,0.07,0.5,0.0,10:49:00,364.47,100,364.71,100,364.59,100
9360,0.6,0.13,0.47,27.810000000000002,10:49:27,364.22,100,364.69,200,364.455,100
9376,0.61,0.09,0.52,0.0,10:50:00,364.22,100,364.65,100,364.45,100
9465,2.38,1.88,0.5,0.0,10:51:00,364.22,100,364.46,200,364.23,100
9523,0.58,0.09,0.49,43.13000000000002,10:51:43,364.0,100,364.16,200,364.0001,116
9554,3.45,2.83,0.62,12.61,10:52:12,363.53,500,363.89,200,363.715,100
9557,0.8200000000000001,0.18,0.64,15.389999999999999,10:52:15,363.53,500,363.82,100,363.59,100
9579,0.6300000000000001,0.07,0.56,29.990000000000006,10:52:29,363.53,500,363.76,100,363.645,100
9597,0.79,0.17,0.62,42.36,10:52:42,363.52,200,363.74,400,363.68,100
9599,0.8099999999999999,0.21,0.6,43.96,10:52:43,363.57,200,363.73,100,363.7281,523
9602,0.64,0.19,0.45,45.81,10:52:45,363.7,100,364.45,200,364.09,100
9756,118.97,118.36,0.61,0.0,10:55:00,364.01,100,364.15,100,364.01,100
9819,0.53,0.21,0.32,0.0,10:57:00,363.98,200,364.15,200,364.08,100
9916,0.43999999999999995,0.09,0.35,0.0,10:58:00,363.99,200,364.2,300,364.095,200
9930,0.43999999999999995,0.15,0.29,11.78,10:58:11,363.75,100,364.14,100,364.0661,100
9934,0.5800000000000001,0.12,0.46,14.149999999999999,10:58:14,363.75,100,364.14,100,363.945,100
9948,0.6,0.17,0.43,21.96,10:58:21,363.76,200,364.14,100,363.7601,100
9952,0.5800000000000001,0.2,0.38,23.97,10:58:23,363.76,200,364.14,100,363.955,100
10057,0.5700000000000001,0.07,0.5,5.96,10:59:05,363.6,100,363.88,100,363.755,300
10134,0.44,0.08,0.36,0.0,11:00:00,363.5,100,363.63,100,363.56,100
10138,0.62,0.08,0.54,2.58,11:00:02,363.37,100,363.56,100,363.5,100
10162,0.6100000000000001,0.07,0.54,16.209999999999997,11:00:16,363.37,100,363.48,100,363.37,100
10195,0.44,0.11,0.33,5.050000000000002,11:01:05,363.54,200,363.73,100,363.635,100
10205,0.43000000000000005,0.09,0.34,10.24,11:01:10,363.54,200,363.79,100,363.665,100
10236,0.58,0.08,0.5,27.419999999999995,11:01:27,363.54,100,363.79,100,363.666,100
10256,135.06,134.46,0.6,0.0,11:04:00,363.2,200,363.4,100,363.21,200
10267,0.6000000000000001,0.07,0.53,8.15,11:04:08,363.2,200,363.4,200,363.4,100
10377,0.45,0.08,0.37,15.449999999999998,11:05:15,363.2,300,363.37,300,363.285,100
10420,3.67,3.37,0.3,0.0,11:06:00,363.03,100,363.28,100,363.35,400
10427,1.97,1.5,0.47,5.54,11:06:05,363.04,100,363.27,100,363.27,100
10428,2.45,2.14,0.31,7.99,11:06:07,363.13,300,363.32,100,363.28,100
10430,1.37,0.8,0.57,9.940000000000001,11:06:09,363.22,200,363.32,200,363.225,200
10431,2.0,1.44,0.56,11.940000000000001,11:06:11,363.22,100,363.32,100,363.32,100
10549,0.6,0.22,0.38,0.0,11:07:00,363.13,200,363.35,100,363.18,100
10557,0.43000000000000005,0.09,0.34,4.1899999999999995,11:07:04,363.13,200,363.34,100,363.24,100
10594,0.58,0.08,0.5,23.96,11:07:23,363.06,100,363.39,100,363.38,100
10612,0.61,0.18,0.43,6.36,11:08:06,363.28,200,363.39,200,363.39,100
10617,0.58,0.11,0.47,13.78,11:08:13,363.06,100,363.37,100,363.23,200
10632,0.59,0.08,0.51,23.59,11:08:23,363.06,300,363.38,200,363.2392,100
10638,0.8,0.07,0.73,28.240000000000002,11:08:28,362.95,100,363.04,100,363.04,100
10640,0.85,0.21,0.64,29.830000000000002,11:08:29,362.86,100,363.04,100,362.95,100
10649,1.37,0.82,0.55,36.61,11:08:36,362.53,400,362.85,100,362.79,100
10692,0.43,0.07,0.36,0.0,11:09:00,362.6,200,362.85,100,362.7408,100
10700,0.44,0.07,0.37,8.59,11:09:08,362.59,100,362.72,200,362.6,100
10706,0.44,0.08,0.36,12.01,11:09:12,362.53,400,362.64,100,362.605,100
10717,0.59,0.17,0.42,17.999999999999996,11:09:17,362.16,100,362.63,200,362.59,100
10742,0.58,0.21,0.37,32.2,11:09:32,362.16,100,362.63,300,362.4232,150
10809,0.61,0.18,0.43,0.0,11:10:00,362.16,200,362.6,300,362.1617,100
10816,0.5700000000000001,0.07,0.5,3.8100000000000005,11:10:03,362.03,100,362.3,300,362.15,150
10889,0.5700000000000001,0.25,0.32,0.0,11:11:00,361.79,100,361.98,200,361.83,100
10891,2.18,1.59,0.59,2.7800000000000002,11:11:02,361.69,100,361.87,100,361.79,200
10946,0.64,0.08,0.56,38.25000000000001,11:11:38,361.73,200,361.85,100,361.76,200
10950,0.59,0.09,0.5,40.65000000000001,11:11:40,361.76,100,361.87,200,361.815,200
10953,0.59,0.08,0.51,42.44000000000002,11:11:42,361.82,200,362.29,100,361.97,100
10984,2.54,2.04,0.5,0.0,11:12:00,361.86,100,362.27,100,362.055,100
10992,0.42,0.07,0.35,4.45,11:12:04,362.08,100,362.27,100,362.07,100
11002,0.7699999999999999,0.08,0.69,11.02,11:12:11,362.11,100,362.27,200,362.1,180
11028,0.8099999999999999,0.24,0.57,29.26,11:12:29,362.44,100,362.72,100,362.7,100
11061,1.84,1.29,0.55,5.0,11:13:05,362.44,100,362.72,100,362.58,100
11068,0.8300000000000001,0.18,0.65,10.219999999999999,11:13:10,362.44,100,362.72,100,362.64,100
11129,0.43,0.07,0.36,0.0,11:14:00,362.2,100,362.55,100,362.44,100
11189,0.6,0.24,0.36,41.999999999999986,11:14:41,362.12,100,362.39,100,362.2,100
11201,108.41,107.97,0.44,0.0,11:16:00,362.02,200,362.3,200,362.04,100
11202,0.44999999999999996,0.09,0.36,0.44999999999999996,11:16:00,362.02,100,362.29,200,362.145,100
11208,0.55,0.07,0.48,3.6000000000000005,11:16:03,362.02,100,362.29,100,362.14,100
11279,0.61,0.24,0.37,0.0,11:17:00,362.09,100,362.28,100,362.17,100
11340,2.6199999999999997,2.32,0.3,0.0,11:18:00,362.4,100,362.72,100,362.4,100
11345,0.46,0.07,0.39,3.44,11:18:03,362.4,100,362.72,100,362.65,100
11386,0.59,0.09,0.5,34.55000000000002,11:18:34,362.43,100,362.72,100,362.71,100
11551,0.63,0.1,0.53,14.020000000000001,11:20:14,362.5,400,362.7,100,362.51,100
11674,0.59,0.09,0.5,3.7599999999999993,11:22:03,362.5,300,362.69,200,362.595,100
11775,0.6,0.1,0.5,0.0,11:23:00,362.22,100,362.49,200,362.41,100
11788,0.78,0.18,0.6,8.18,11:23:08,362.23,100,362.4,200,362.22,100
11807,0.6499999999999999,0.08,0.57,20.009999999999998,11:23:20,362.1,200,362.27,100,362.23,100
11831,0.5900000000000001,0.14,0.45,0.0,11:24:00,362.1,200,362.27,300,362.185,100
11834,5.41,4.9,0.51,6.59,11:24:06,362.1,200,362.27,300,362.18,100
11843,0.5800000000000001,0.27,0.31,16.2,11:24:16,362.1,200,362.26,200,362.16,100
11901,0.76,0.33,0.43,0.0,11:25:00,362.09,100,362.3,100,362.195,100
11913,1.4,0.94,0.46,8.61,11:25:08,362.22,100,362.68,100,362.32,332
11915,2.8,2.21,0.59,12.009999999999998,11:25:12,362.22,100,362.66,200,362.66,100
11927,0.81,0.14,0.67,22.409999999999997,11:25:22,362.23,100,362.62,200,362.3,100
11934,0.96,0.18,0.78,28.2,11:25:28,362.15,100,362.6,200,362.3597,100
11972,0.61,0.18,0.43,54.28999999999999,11:25:54,362.15,200,362.57,600,362.555,100
11977,0.94,0.35,0.59,58.02999999999999,11:25:58,362.15,300,362.57,600,362.5699,400
11980,0.5900000000000001,0.2,0.39,0.0,11:26:00,362.36,100,362.68,100,362.68,100
11997,0.98,0.39,0.59,16.599999999999998,11:26:16,362.15,200,362.97,100,362.565,100
12004,0.6,0.08,0.52,22.02,11:26:22,362.15,100,362.97,200,362.75,300
12007,0.59,0.09,0.5,23.97,11:26:23,362.15,100,362.91,100,362.56,100
12032,0.59,0.24,0.35,39.82000000000001,11:26:39,362.6,100,362.87,100,362.85,100
12057,0.5700000000000001,0.13,0.44,0.0,11:28:00,362.61,100,362.79,200,362.77,100
12059,0.73,0.08,0.65,1.34,11:28:01,362.61,200,363.03,1200,362.82,100
12061,0.8099999999999999,0.22,0.59,2.95,11:28:02,362.82,100,363.03,100,362.925,100
12063,0.74,0.07,0.67,0.0,11:29:00,362.82,100,363.04,100,363.03,100
12151,0.7899999999999999,0.21,0.58,0.0,11:30:00,362.82,100,363.08,200,362.98,100
12200,9.42,8.89,0.53,0.0,11:31:00,362.71,100,362.97,200,362.81,100
12285,0.57,0.08,0.49,0.0,11:32:00,362.71,100,362.89,100,362.84,100
12288,3.4000000000000004,2.87,0.53,4.4,11:32:04,362.84,100,362.97,100,362.89,100
12303,0.44,0.08,0.36,15.67,11:32:15,362.89,100,363.1,100,362.97,100
12345,0.43,0.07,0.36,40.06999999999999,11:32:40,362.89,100,363.1,100,362.995,100
12422,0.43999999999999995,0.09,0.35,0.0,11:33:00,362.89,100,363.1,100,362.99,100
12425,0.63,0.27,0.36,1.77,11:33:01,362.89,100,363.11,100,363.0,100
12436,0.44,0.07,0.37,7.570000000000001,11:33:07,362.89,100,363.1,100,362.965,100
12459,0.61,0.08,0.53,20.36,11:33:20,362.24,100,363.04,100,362.94,900
12566,79.02,78.7,0.32,94.81,11:36:34,362.7,100,362.86,200,362.785,100
12597,0.56,0.12,0.44,0.0,11:36:00,362.71,200,362.86,100,362.86,100
12629,0.5800000000000001,0.07,0.51,0.0,11:37:00,362.71,200,362.86,100,362.8517,120
12698,0.44,0.08,0.36,40.04,11:37:40,362.72,100,363.29,100,362.91,100
12780,118.2,117.59,0.61,0.0,11:40:00,362.8,100,363.07,200,362.96,100
12791,0.75,0.24,0.51,0.0,11:41:00,362.8,100,363.06,1000,362.92,100
13061,0.57,0.22,0.35,4.0600000000000005,11:43:04,362.8,200,363.03,100,362.87,100
13123,0.33,0.13,0.2,27.94999999999999,11:43:27,362.81,100,362.97,200,362.93,100
13142,84.78,84.59,0.19,0.0,11:45:00,363.13,200,363.36,1200,363.13,100
13150,0.24000000000000002,0.07,0.17,2.82,11:45:02,362.85,100,363.42,200,363.06,100
13272,0.41000000000000003,0.23,0.18,41.089999999999996,11:45:41,362.86,100,363.32,200,363.09,100
13327,0.30000000000000004,0.07,0.23,25.939999999999998,11:46:25,362.86,300,363.3,100,363.1328,176
13752,0.74,0.51,0.23,0.0,11:49:00,363.1,200,363.28,100,363.245,100
13864,0.27,0.07,0.2,43.539999999999985,11:49:43,363.1,300,363.28,200,363.19,100
13897,1.24,1.0,0.24,6.05,11:50:06,362.97,200,363.22,300,363.1163,250
14373,0.26,0.07,0.19,0.0,11:53:00,363.14,100,363.4,100,363.15,100
14493,0.55,0.21,0.34,45.15000000000002,11:53:45,363.16,100,363.4,100,363.3191,140
14516,1.04,0.77,0.27,0.0,11:54:00,363.16,100,363.44,100,363.31,100
15197,0.3,0.08,0.22,13.960000000000003,11:58:13,363.36,100,363.5,200,363.41,100
15282,1.96,1.63,0.33,14.169999999999998,11:59:14,363.36,100,363.5,200,363.47,100
15289,0.36,0.17,0.19,17.13,11:59:17,363.36,100,363.5,100,363.4384,100
15439,0.43000000000000005,0.2,0.23,0.0,12:00:00,363.18,100,363.49,100,363.34,100
15869,0.24000000000000002,0.07,0.17,0.0,12:03:00,363.0,200,363.21,200,363.105,100
16544,0.37,0.18,0.19,0.0,12:07:00,363.38,100,363.49,100,363.48,100
17683,0.45,0.2,0.25,30.04000000000001,12:14:30,362.96,300,363.2,100,363.135,100
18305,0.23,0.07,0.16,0.0,12:18:00,363.17,100,363.29,100,363.2611,425
18311,0.23,0.07,0.16,1.87,12:18:01,363.22,100,363.31,100,363.2625,100
18383,0.35,0.18,0.17,0.0,12:19:00,362.96,200,363.29,100,363.17,100
18486,0.25,0.08,0.17,39.97000000000002,12:19:39,363.01,200,363.29,100,363.22,100
18855,0.34,0.14,0.2,0.0,12:22:00,363.16,100,363.31,100,363.29,100
18947,0.4,0.21,0.19,40.13,12:22:40,363.19,200,363.31,100,363.275,100
19182,0.3,0.08,0.22,8.46,12:24:08,362.96,200,363.2,200,363.0944,100
19934,0.48,0.22,0.26,0.0,12:29:00,363.16,100,363.31,100,363.235,100
20285,0.24000000000000002,0.07,0.17,5.77,12:31:05,363.1,100,363.31,200,363.3,100
20689,0.30000000000000004,0.13,0.17,0.0,12:34:00,363.19,200,363.31,100,363.2428,250
21406,44.300000000000004,43.96,0.34,0.0,12:39:00,363.06,200,363.23,100,363.1088,300
21667,0.34,0.17,0.17,0.0,12:41:00,362.84,100,362.98,200,362.898,250
21786,149.10999999999999,148.89,0.22,0.0,12:43:00,363.01,100,363.12,200,363.05,100
21923,0.3,0.09,0.21,7.08,12:45:07,363.15,100,363.31,200,363.16,100
22101,0.28,0.07,0.21,0.0,12:46:00,363.0,100,363.3,100,363.1767,300
23071,0.37,0.13,0.24,0.0,12:52:00,363.29,200,363.47,800,363.4067,100
23993,0.25,0.07,0.18,41.89999999999995,12:58:41,363.43,200,363.48,100,363.44,100
24121,0.32,0.14,0.18,0.0,13:01:00,363.51,100,363.55,100,363.51,100
24435,0.25,0.07,0.18,0.0,13:03:00,363.36,100,363.46,100,363.45,100
24956,0.27,0.07,0.2,0.0,13:09:00,363.4,200,363.64,200,363.5368,250
25045,0.41000000000000003,0.18,0.23,29.949999999999992,13:09:29,363.4,200,363.64,300,363.56199999999995,250
25236,0.47,0.21,0.26,0.0,13:11:00,363.51,200,363.64,300,363.55,161
25240,0.36000000000000004,0.08,0.28,3.26,13:11:03,363.51,300,363.64,300,363.5797,100
25487,0.44999999999999996,0.16,0.29,17.78,13:13:17,363.57,100,363.75,100,363.5701,100
25556,0.5900000000000001,0.07,0.52,0.0,13:14:00,363.62,100,363.75,100,363.624,200
25809,0.59,0.23,0.36,0.0,13:17:00,363.49,100,363.78,400,363.751,100
26135,0.6100000000000001,0.07,0.54,0.0,13:20:00,363.59,100,363.8,100,363.695,100
26362,0.77,0.2,0.57,0.0,13:23:00,363.4,100,363.71,200,363.49,100
26391,0.6100000000000001,0.07,0.54,25.8,13:23:25,363.49,100,363.71,300,363.5415,100
26511,2.37,1.09,1.28,11.39,13:25:11,363.6,100,363.79,100,363.6772,250
26533,1.18,0.23,0.95,37.040000000000006,13:25:37,363.61,200,363.79,100,363.6847,250
26552,0.99,0.13,0.86,0.0,13:26:00,363.65,100,363.79,100,363.7116,250
26595,0.99,0.13,0.86,48.57000000000002,13:26:48,363.65,200,363.79,100,363.6836,220
26659,1.1700000000000002,0.08,1.09,13.17,13:28:13,363.76,200,363.97,100,363.9629,179
26671,1.02,0.07,0.95,26.8,13:28:26,363.76,200,363.97,100,363.765,100
26868,1.61,0.24,1.37,46.8,13:32:46,363.65,300,363.81,100,363.66,100
26967,2.39,1.29,1.1,0.0,13:35:00,363.41,200,363.63,300,363.52,100
27204,1.1900000000000002,0.07,1.12,0.0,13:40:00,363.41,200,363.55,500,363.515,100
27226,1.1700000000000002,0.07,1.1,10.78,13:41:10,363.41,100,363.56,500,363.4587,100
27320,1.1800000000000002,0.07,1.11,0.0,13:43:00,363.45,200,363.56,200,363.495,100
27335,1.0,0.18,0.82,14.210000000000003,13:43:14,363.5,200,363.55,1300,363.53,100
27527,1.39,0.18,1.21,0.0,13:47:00,363.22,100,363.41,400,363.3462,300
27568,1.17,0.3,0.87,0.0,13:48:00,363.22,100,363.4,400,363.3396,300
28084,0.99,0.13,0.86,0.99,13:58:00,362.86,100,363.21,200,362.855,500
28841,2.38,1.72,0.66,0.0,14:13:00,363.03,200,363.18,200,363.035,100
28848,0.8200000000000001,0.15,0.67,10.61,14:13:10,363.03,200,363.16,200,363.1043,500
28981,0.98,0.13,0.85,8.010000000000002,14:15:08,363.03,300,363.16,200,363.0953,100
29210,0.98,0.1,0.88,32.21999999999999,14:19:32,362.99,200,363.17,400,363.1405,100
29275,0.6100000000000001,0.07,0.54,53.050000000000004,14:20:53,362.91,100,363.05,100,363.015,100
29368,0.62,0.14,0.48,56.19000000000003,14:21:56,362.88,100,363.05,400,362.9904,429
29399,0.58,0.08,0.5,17.61,14:22:17,362.85,100,363.02,100,362.915,100
29793,0.44,0.07,0.37,0.0,14:26:00,362.87,200,363.0,200,362.935,100
29837,0.45,0.14,0.31,2.45,14:27:02,362.85,100,362.99,100,362.9284,100
30189,0.5900000000000001,0.28,0.31,0.0,14:31:00,362.85,100,362.94,300,362.904,100
30247,0.5900000000000001,0.07,0.52,36.04,14:31:36,362.8,100,362.89,100,362.7401,300
30403,0.8300000000000001,0.15,0.68,0.0,14:33:00,362.64,200,362.69,200,362.645,100
30439,0.81,0.25,0.56,0.0,14:34:00,362.65,100,362.69,200,362.665,100
30442,0.73,0.2,0.53,1.9900000000000002,14:34:01,362.64,200,362.74,800,362.73,100
30474,0.65,0.17,0.48,28.030000000000005,14:34:28,362.71,100,362.87,100,362.74,100
30783,0.6399999999999999,0.07,0.57,0.0,14:40:00,362.69,100,362.79,200,362.6927,100
31274,0.6000000000000001,0.07,0.53,1.9700000000000002,14:46:01,362.5,600,362.7,100,362.63,100
31284,0.61,0.13,0.48,12.009999999999998,14:46:12,362.5,300,362.7,100,362.53,100
31290,0.64,0.17,0.47,16.23,14:46:16,362.5,300,362.7,100,362.5,100
32222,0.57,0.08,0.49,3.38,14:58:03,362.73,100,362.81,100,362.78,100
32389,4.21,3.6,0.61,9.02,15:00:09,362.62,100,362.74,400,362.62,100
32569,0.79,0.07,0.72,0.0,15:02:00,362.51,200,362.69,200,362.57,100
32632,0.95,0.41,0.54,0.0,15:03:00,362.45,300,362.68,200,362.47,100
32687,0.65,0.14,0.51,0.0,15:04:00,362.43,100,362.56,100,362.45,198
32690,0.94,0.07,0.87,2.5300000000000002,15:04:02,362.3,100,362.56,200,362.43,100
32879,0.6399999999999999,0.07,0.57,2.24,15:06:02,362.31,100,362.56,400,362.31,100
33038,0.8200000000000001,0.15,0.67,39.46999999999999,15:08:39,362.4,100,362.56,400,362.404,210
33088,1.6,1.12,0.48,0.0,15:09:00,362.32,200,362.56,400,362.5599,100
33117,0.5900000000000001,0.27,0.32,21.03,15:09:21,362.32,200,362.56,400,362.32099999999997,100
33141,0.61,0.18,0.43,35.059999999999995,15:09:35,362.34,200,362.56,400,362.34,100
33178,0.45,0.07,0.38,0.0,15:10:00,362.18,100,362.37,300,362.27,100
33226,0.5800000000000001,0.13,0.45,30.130000000000003,15:10:30,362.16,100,362.37,600,362.1601,149
33338,0.62,0.13,0.49,0.0,15:12:00,362.0,100,362.35,300,362.0,100
33344,2.0,1.44,0.56,7.390000000000001,15:12:07,362.0,200,362.3,300,362.01,100
33467,0.56,0.07,0.49,10.179999999999998,15:13:10,362.01,100,362.29,200,362.02,100
33470,0.79,0.18,0.61,11.989999999999998,15:13:11,362.03,200,362.16,100,362.08,200
33492,0.6000000000000001,0.26,0.34,26.230000000000004,15:13:26,362.08,100,362.16,500,362.09,100
33702,3.4099999999999997,2.76,0.65,0.0,15:16:00,362.08,300,362.16,100,362.125,100
33706,0.44,0.08,0.36,4.0,15:16:04,362.12,100,362.21,800,362.19,100
33759,0.61,0.08,0.53,39.94,15:16:39,362.12,100,362.19,200,362.12,100
33771,0.6,0.08,0.52,0.0,15:17:00,362.12,100,362.19,200,362.155,100
33913,0.6,0.08,0.52,16.369999999999997,15:18:16,362.1,100,362.21,500,362.105,100
34004,0.44999999999999996,0.09,0.36,39.40000000000001,15:19:39,362.01,100,362.19,200,362.05,100
34051,0.6100000000000001,0.07,0.54,5.380000000000001,15:20:05,362.2,100,362.25,200,362.24,100
34095,0.44,0.07,0.37,31.59,15:20:31,362.02,100,362.22,200,362.13,100
34175,0.62,0.3,0.32,47.88000000000002,15:21:47,362.19,100,362.23,200,362.21,100
34179,0.44000000000000006,0.1,0.34,50.08000000000002,15:21:50,362.13,400,362.24,300,362.135,100
34229,0.6000000000000001,0.14,0.46,23.379999999999995,15:22:23,362.2,100,362.26,100,362.26,154
34281,0.62,0.18,0.44,0.0,15:23:00,362.27,100,362.29,100,362.26599999999996,100
34287,4.17,3.56,0.61,7.0,15:23:07,362.29,200,362.32,100,362.29,100
34399,0.62,0.18,0.44,29.990000000000006,15:24:29,362.46,200,362.5,100,362.46,100
34429,0.6000000000000001,0.07,0.53,50.21,15:24:50,362.32,100,362.46,100,362.335,100
34522,0.61,0.08,0.53,8.430000000000001,15:25:08,362.33,100,362.5,200,362.49,100
34579,0.44,0.14,0.3,34.19,15:26:34,362.33,100,362.5,200,362.48,100
34605,0.6,0.23,0.37,50.190000000000005,15:26:50,362.36,100,362.5,400,362.38,100
34817,0.79,0.18,0.61,16.2,15:29:16,362.82,100,362.95,200,362.825,100
34822,0.8300000000000001,0.2,0.63,19.980000000000004,15:29:19,362.82,100,362.95,300,362.83,100
34841,0.98,0.25,0.73,34.61000000000001,15:29:34,362.86,200,362.93,100,362.88,100
35095,0.43,0.07,0.36,22.009999999999994,15:32:22,362.7,100,362.92,200,362.8,100
35109,0.6,0.24,0.36,30.21999999999999,15:32:30,362.7,100,362.92,200,362.8541,100
35177,0.58,0.08,0.5,49.57,15:33:49,362.7,100,362.92,300,362.7996,150
35276,0.8,0.24,0.56,56.780000000000015,15:34:56,362.8,300,362.91,300,362.805,200
35333,0.44,0.07,0.37,25.089999999999996,15:35:25,362.61,100,362.71,300,362.61,100
35595,0.6100000000000001,0.27,0.34,3.5900000000000007,15:38:03,362.62,300,362.65,100,362.6203,100
35650,2.39,1.95,0.44,0.0,15:39:00,362.47,100,362.61,200,362.525,200
35772,0.5800000000000001,0.07,0.51,30.370000000000005,15:40:30,362.51,100,362.61,200,362.54,100
35809,0.57,0.21,0.36,0.0,15:41:00,362.38,200,362.55,200,362.52,100
36081,0.43,0.07,0.36,11.819999999999999,15:44:11,362.5,100,362.53,200,362.5113,209
36152,0.6,0.09,0.51,0.0,15:45:00,362.54,200,362.56,300,362.55,100
36346,0.44,0.07,0.37,7.0200000000000005,15:47:07,362.43,100,362.57,200,362.435,200
36355,0.5800000000000001,0.12,0.46,12.16,15:47:12,362.42,100,362.57,300,362.515,400
36481,0.64,0.18,0.46,40.40999999999999,15:48:40,362.31,100,362.48,200,362.39,100
36487,0.63,0.18,0.45,44.39999999999999,15:48:44,362.21,100,362.48,300,362.36,100
36556,0.43,0.08,0.35,39.490000000000016,15:49:39,362.18,200,362.28,900,362.28,100
36602,0.64,0.08,0.56,12.400000000000002,15:50:12,362.33,200,362.37,500,362.33,140
36781,0.59,0.12,0.47,41.40000000000001,15:52:41,362.31,100,362.4,300,362.3545,100
36834,0.7899999999999999,0.21,0.58,11.61,15:53:11,362.26,100,362.37,200,362.3699,111
36894,0.77,0.07,0.7,6.76,15:54:06,362.18,100,362.31,400,362.245,300
37055,0.6,0.17,0.43,0.0,15:56:00,362.08,100,362.17,100,362.1799,108
37098,0.55,0.2,0.35,30.430000000000003,15:56:30,362.05,100,362.11,100,362.11,100
37152,0.6300000000000001,0.07,0.56,0.0,15:57:00,362.09,100,362.16,400,362.1599,122
37173,93.83,93.24,0.59,0.0,15:59:00,362.06,100,362.18,200,362.115,100
37222,0.6399999999999999,0.07,0.57,36.370000000000005,15:59:36,362.11,200,362.26,100,362.2313,100
37236,0.5900000000000001,0.14,0.45,45.95000000000001,15:59:45,362.1,200,362.25,600,362.25,100
37268,0.61,0.1,0.51,66.53000000000003,16:00:06,362.34,100,362.35,1200,362.35,100
