,Total Delay,Request Delay,Saving Delay,Arrival Time,Time,Bid,Bid Size,Ask,Ask Size,Last Price,Last Size
0,0.6499999999999999,0.3,0.35,0.6499999999999999,09:30:00,107.91,100,108.46,100,107.955,500
22,0.3,0.08,0.22,8.47,09:30:08,107.9,100,108.19,100,107.99,100
26,0.35000000000000003,0.07,0.28,9.920000000000002,09:30:09,107.9,100,108.19,100,107.9,100
37,0.44,0.21,0.23,14.589999999999998,09:30:14,107.86,100,108.24,100,108.0,100
42,0.32,0.07,0.25,16.54,09:30:16,108.54,100,109.24,100,108.75,100
59,0.33,0.1,0.23,0.0,09:31:00,107.98,300,108.53,200,107.95,100
71,0.37,0.18,0.19,8.6,09:31:08,107.95,100,108.52,300,107.975,100
80,1.4100000000000001,1.07,0.34,15.459999999999997,09:31:15,107.64,100,108.37,300,107.995,100
88,0.39,0.2,0.19,18.1,09:31:18,107.6,100,108.22,400,107.925,100
94,0.27,0.07,0.2,20.0,09:31:20,107.65,900,108.22,100,107.935,100
110,0.5,0.28,0.22,26.060000000000002,09:31:26,107.65,900,108.22,100,107.8,200
127,0.6000000000000001,0.27,0.33,32.04,09:31:32,108.13,4600,108.22,100,108.13,100
133,0.26,0.07,0.19,34.0,09:31:34,108.27,100,108.97,100,108.3,100
138,0.38,0.07,0.31,35.97,09:31:35,108.42,5000,108.97,100,108.285,100
148,0.4,0.08,0.32,39.970000000000006,09:31:39,108.42,4400,108.97,200,108.43,100
151,0.53,0.21,0.32,41.46,09:31:41,108.42,4400,108.97,200,108.42,100
156,0.48,0.21,0.27,44.03,09:31:44,107.86,100,108.88,200,108.58,100
202,2.2199999999999998,2.03,0.19,0.0,09:32:00,107.74,100,108.84,200,107.94,120
320,0.69,0.28,0.41,39.89999999999999,09:32:39,108.04,100,108.58,200,108.065,100
375,0.32,0.15,0.17,3.9600000000000004,09:33:03,107.66,100,108.19,100,107.9015,110
399,0.38,0.21,0.17,11.990000000000002,09:33:11,107.76,100,108.17,200,107.965,200
417,0.39,0.2,0.19,17.920000000000005,09:33:17,107.76,100,108.05,100,107.945,100
440,0.45,0.25,0.2,26.23000000000001,09:33:26,107.76,100,108.0,400,107.88,300
446,0.25,0.07,0.18,28.110000000000014,09:33:28,107.76,100,108.0,300,107.9372,140
470,0.41000000000000003,0.19,0.22,36.39000000000002,09:33:36,107.76,100,108.0,300,107.87,200
491,0.27,0.07,0.2,0.0,09:34:00,107.76,100,108.0,300,107.78,100
508,1.78,1.57,0.21,7.57,09:34:07,107.04,100,107.38,200,107.195,100
509,2.14,1.95,0.19,9.71,09:34:09,107.02,100,107.37,100,107.32,100
527,0.43,0.21,0.22,22.539999999999992,09:34:22,107.1,200,107.98,100,107.58,100
535,0.39,0.08,0.31,26.379999999999995,09:34:26,107.02,600,107.98,200,107.021,400
604,0.4,0.12,0.28,52.54999999999998,09:34:52,107.02,600,107.49,200,107.055,200
609,0.49,0.2,0.29,54.91999999999999,09:34:54,107.02,700,107.36,100,107.33,100
614,0.38,0.08,0.3,0.0,09:35:00,107.02,700,107.36,100,107.19,400
625,2.72,2.35,0.37,14.980000000000002,09:35:14,107.2,200,108.22,100,107.395,100
657,0.54,0.28,0.26,28.75,09:35:28,107.21,1100,108.19,100,107.6451,200
686,0.6200000000000001,0.28,0.34,39.32000000000001,09:35:39,107.21,1200,108.01,100,107.265,100
751,0.4,0.23,0.17,0.0,09:36:00,107.21,1300,107.59,200,107.21,100
767,1.8299999999999998,1.63,0.2,6.610000000000001,09:36:06,107.02,200,107.11,200,107.02,100
771,2.1,1.83,0.27,11.81,09:36:11,107.11,100,107.57,100,107.14,300
822,0.30000000000000004,0.07,0.23,38.13999999999999,09:36:38,107.2,400,107.54,200,107.2,100
850,0.34,0.08,0.26,50.269999999999996,09:36:50,107.23,400,107.4,200,107.3125,100
855,0.35000000000000003,0.07,0.28,52.44,09:36:52,107.23,200,107.4,200,107.315,100
860,0.29,0.08,0.21,54.279999999999994,09:36:54,107.23,200,107.4,200,107.25,100
870,0.35000000000000003,0.08,0.27,58.19,09:36:58,107.23,200,107.4,200,107.2725,100
889,0.67,0.21,0.46,3.92,09:37:03,107.55,200,108.06,100,107.59,100
939,0.47000000000000003,0.13,0.34,31.970000000000006,09:37:31,107.55,400,108.04,200,107.56,100
970,0.46,0.2,0.26,43.899999999999984,09:37:43,107.55,400,108.04,100,107.5501,100
1015,1.01,0.75,0.26,0.0,09:38:00,107.55,400,108.04,300,107.57,100
1028,0.34,0.08,0.26,9.379999999999999,09:38:09,107.55,400,108.03,300,107.65,100
1055,0.55,0.24,0.31,23.63,09:38:23,107.55,400,108.0,400,107.55,100
1065,0.28,0.07,0.21,27.319999999999997,09:38:27,107.55,400,107.98,200,107.75,300
1084,0.41000000000000003,0.17,0.24,35.21999999999999,09:38:35,107.26,100,107.51,500,107.26,100
1090,0.55,0.22,0.33,37.51999999999999,09:38:37,107.02,200,107.49,200,107.255,100
1142,0.37,0.18,0.19,0.0,09:39:00,107.02,100,107.44,100,107.07,100
1266,0.52,0.28,0.24,0.0,09:40:00,107.04,600,107.39,500,107.05,100
1291,0.36,0.17,0.19,13.87,09:40:13,107.16,900,107.35,100,107.16,100
1295,0.29000000000000004,0.07,0.22,19.1,09:40:19,107.06,1300,107.26,600,107.24,100
1308,0.42,0.18,0.24,23.730000000000004,09:40:23,107.07,400,107.24,300,107.155,100
1352,0.44,0.24,0.2,40.019999999999996,09:40:40,107.14,300,107.47,100,107.23,100
1362,0.4,0.2,0.2,43.579999999999984,09:40:43,107.5,200,107.76,100,107.52,100
1368,0.32,0.07,0.25,45.73999999999999,09:40:45,107.5,100,107.76,100,107.63,100
1373,0.28,0.08,0.2,47.819999999999986,09:40:47,107.5,100,107.76,200,107.5,100
1396,0.29000000000000004,0.09,0.2,0.0,09:41:00,107.23,200,107.65,300,107.44,200
1410,0.4,0.2,0.2,5.800000000000001,09:41:05,107.23,300,107.53,100,107.23100000000001,200
1438,0.28,0.07,0.21,17.76,09:41:17,107.04,200,107.45,200,107.04,100
1493,0.38,0.21,0.17,40.08999999999999,09:41:40,107.03,300,107.26,200,107.03,200
1514,0.49,0.2,0.29,48.19999999999999,09:41:48,107.03,300,107.18,200,107.15,100
1519,0.38,0.08,0.3,50.179999999999986,09:41:50,107.03,200,107.31,100,107.17,100
1565,2.37,2.09,0.28,9.41,09:42:09,107.0,100,107.14,200,107.0,100
1586,0.48,0.19,0.29,19.219999999999995,09:42:19,107.0,200,107.11,100,107.06,100
1654,0.45999999999999996,0.15,0.31,47.43999999999999,09:42:47,107.0,100,107.03,300,107.015,100
1658,0.76,0.29,0.47,49.65999999999999,09:42:49,107.0,100,107.03,300,107.005,100
1685,0.29000000000000004,0.07,0.22,9.840000000000003,09:43:09,107.04,100,107.13,100,107.08,100
1688,0.46,0.26,0.2,12.310000000000004,09:43:12,106.92,600,107.01,200,106.9108,100
1692,1.6300000000000001,1.29,0.34,15.000000000000005,09:43:15,106.92,600,107.01,200,106.965,100
1694,0.38,0.12,0.26,15.830000000000005,09:43:15,106.93,600,107.01,400,106.94,100
1700,0.31,0.1,0.21,17.930000000000003,09:43:17,106.72,100,107.02,200,106.88,100
1703,1.58,1.25,0.33,21.380000000000003,09:43:21,106.72,100,107.02,200,106.87,100
1710,0.44,0.12,0.32,24.1,09:43:24,106.71,100,107.02,200,106.865,200
1725,0.36,0.09,0.27,29.95,09:43:29,106.76,100,107.02,300,106.93,100
1735,0.43,0.18,0.25,33.830000000000005,09:43:33,106.71,100,107.03,100,107.13,200
1736,0.6000000000000001,0.27,0.33,34.43000000000001,09:43:34,106.7,500,107.0,100,106.95,100
1752,0.28,0.07,0.21,40.07000000000001,09:43:40,106.7,500,106.99,200,106.85,100
1757,0.29000000000000004,0.07,0.22,42.02000000000001,09:43:42,106.7,500,107.02,100,107.01,100
1767,0.37,0.18,0.19,46.09000000000001,09:43:46,106.7,500,107.02,200,106.84200000000001,400
1794,0.33,0.14,0.19,56.18000000000001,09:43:56,106.76,100,106.97,100,106.815,100
1804,0.33999999999999997,0.15,0.19,0.0,09:44:00,106.76,300,106.97,100,106.8412,100
1810,0.54,0.21,0.33,2.1500000000000004,09:44:02,106.76,300,106.97,100,106.775,100
1822,0.36,0.18,0.18,6.13,09:44:06,106.76,300,106.97,400,106.8507,100
1827,0.29000000000000004,0.07,0.22,7.94,09:44:07,106.76,100,106.96,100,106.76,100
1831,0.59,0.35,0.24,13.620000000000001,09:44:13,106.54,300,106.76,100,106.7525,100
1832,0.35,0.1,0.25,13.97,09:44:13,106.54,300,106.76,300,106.59,100
1909,0.31,0.11,0.2,45.77,09:44:45,106.55,800,106.71,100,106.63,100
1916,0.46,0.27,0.19,48.13000000000002,09:44:48,106.56,100,106.71,400,106.71,400
1927,0.27,0.07,0.2,51.80000000000001,09:44:51,106.54,200,106.55,200,106.55,200
1945,0.43,0.18,0.25,57.91000000000002,09:44:57,106.25,100,106.55,200,106.54,100
1956,0.43000000000000005,0.09,0.34,0.0,09:45:00,106.43,100,106.69,200,106.6,100
1970,1.2,0.89,0.31,10.79,09:45:10,106.41,200,106.69,200,106.56,100
1972,1.42,1.15,0.27,12.809999999999999,09:45:12,106.42,300,106.69,200,106.569,100
1973,1.24,0.86,0.38,14.049999999999999,09:45:14,106.42,300,106.69,200,106.5795,100
1977,1.44,1.19,0.25,16.82,09:45:16,106.42,300,106.69,200,106.555,100
1996,0.37,0.12,0.25,24.19,09:45:24,106.42,100,106.67,200,106.505,200
2036,0.5,0.21,0.29,40.23000000000001,09:45:40,106.42,100,106.67,300,106.545,215
2056,0.51,0.28,0.23,47.91000000000001,09:45:47,106.5,300,106.67,300,106.51700000000001,100
2067,0.47,0.18,0.29,52.260000000000005,09:45:52,106.46,100,106.67,300,106.565,100
2071,0.53,0.25,0.28,53.89000000000001,09:45:53,106.45,200,106.67,300,106.65,100
2082,0.29000000000000004,0.07,0.22,0.0,09:46:00,106.46,100,106.67,300,106.5993,100
2087,0.56,0.27,0.29,1.9100000000000001,09:46:01,106.46,100,106.67,600,106.58,100
2112,2.15,1.73,0.42,14.58,09:46:14,106.49,100,106.63,400,106.49,100
2120,0.46,0.14,0.32,22.250000000000004,09:46:22,106.46,100,106.62,100,106.6195,100
2140,0.30000000000000004,0.07,0.23,30.040000000000003,09:46:30,106.41,200,106.56,200,106.52,100
2158,0.32999999999999996,0.09,0.24,36.05000000000001,09:46:36,106.41,200,106.56,300,106.48,100
2174,0.43000000000000005,0.23,0.2,42.05000000000002,09:46:42,106.41,200,106.56,300,106.53,200
2185,0.39,0.18,0.21,45.910000000000025,09:46:45,106.41,200,106.56,300,106.485,100
2197,0.34,0.14,0.2,50.00000000000003,09:46:50,106.41,200,106.56,400,106.41,200
2259,0.29,0.08,0.21,15.659999999999998,09:47:15,106.25,100,106.42,300,106.3017,100
2262,0.24000000000000002,0.07,0.17,16.969999999999995,09:47:16,106.25,100,106.37,100,106.31,100
2263,1.56,1.22,0.34,18.529999999999994,09:47:18,106.24,100,106.29,400,106.24,100
2273,0.37,0.2,0.17,21.459999999999994,09:47:21,106.24,500,106.35,100,106.295,400
2279,0.5,0.21,0.29,23.999999999999993,09:47:23,106.27,100,106.42,100,106.36,100
2283,0.46,0.23,0.23,25.55999999999999,09:47:25,106.24,500,106.42,200,106.34,100
2295,0.44999999999999996,0.09,0.36,29.75999999999999,09:47:29,106.24,500,106.42,300,106.39,300
2300,0.54,0.2,0.34,32.12999999999999,09:47:32,106.25,100,106.42,300,106.335,200
2304,0.44,0.18,0.26,33.80999999999998,09:47:33,106.25,100,106.42,300,106.28,100
2343,0.5900000000000001,0.27,0.32,47.94999999999999,09:47:47,106.27,100,106.4,200,106.38,100
2373,0.39,0.2,0.19,0.0,09:48:00,106.25,100,106.39,100,106.29,100
2378,0.44,0.21,0.23,2.0500000000000003,09:48:02,106.25,100,106.38,100,106.315,389
2394,0.28,0.07,0.21,7.680000000000001,09:48:07,106.22,100,106.31,200,106.26,100
2398,0.35000000000000003,0.07,0.28,9.81,09:48:09,106.13,100,106.26,100,106.22,100
2403,0.31,0.07,0.24,11.770000000000001,09:48:11,106.0,200,106.14,100,106.07,100
2414,3.29,3.03,0.26,20.97,09:48:20,106.0,200,106.12,200,106.06,100
2423,0.37,0.14,0.23,23.729999999999997,09:48:23,105.93,200,106.06,200,106.01,100
2424,0.3,0.12,0.18,24.029999999999998,09:48:24,105.86,100,105.95,100,105.9,100
2429,0.25,0.07,0.18,25.839999999999996,09:48:25,105.84,700,105.94,100,105.86,100
2440,0.24000000000000002,0.07,0.17,29.699999999999992,09:48:29,105.84,200,105.94,300,105.84,112
2469,0.37,0.09,0.28,40.04999999999999,09:48:40,105.85,100,106.12,300,105.92,100
2479,0.27,0.08,0.19,43.82,09:48:43,105.85,200,106.1,300,106.0,100
2542,1.92,1.56,0.36,3.5100000000000002,09:49:03,106.0,100,106.11,100,106.02,100
2543,2.41,1.99,0.42,5.92,09:49:05,106.0,200,106.3,100,106.1,100
2544,0.45,0.18,0.27,6.37,09:49:06,106.0,200,106.3,200,106.15,100
2549,4.069999999999999,3.78,0.29,12.23,09:49:12,106.0,100,106.29,400,106.1695,100
2565,0.4,0.08,0.32,20.110000000000003,09:49:20,106.01,100,106.26,300,106.1195,150
2616,0.33,0.07,0.26,41.90000000000002,09:49:41,105.87,1000,106.1,200,105.985,200
2658,0.41000000000000003,0.15,0.26,0.0,09:50:00,105.87,700,106.09,400,105.88,100
2663,0.4,0.07,0.33,2.02,09:50:02,105.87,600,106.09,400,105.89,100
2667,0.5499999999999999,0.08,0.47,4.06,09:50:04,105.86,100,106.07,200,105.965,100
2671,0.44,0.12,0.32,9.149999999999999,09:50:09,105.87,2100,106.07,400,105.97,100
2716,0.67,0.22,0.45,30.07,09:50:30,105.88,100,106.07,900,105.975,100
2751,5.26,5.09,0.17,47.98000000000001,09:50:47,105.7,700,105.77,100,105.73,100
2756,0.34,0.07,0.27,49.80000000000002,09:50:49,105.69,100,105.75,200,105.69,100
2762,0.37,0.1,0.27,52.08000000000001,09:50:52,105.7,100,105.86,200,105.66,100
2766,0.4,0.18,0.22,53.64000000000001,09:50:53,105.7,100,105.85,100,105.78,100
2767,0.33,0.08,0.25,53.970000000000006,09:50:53,105.69,200,105.85,100,105.72,100
2785,0.33,0.13,0.2,0.0,09:51:00,105.69,600,105.85,100,105.71,154
2804,0.38,0.16,0.22,11.879999999999999,09:51:11,105.75,200,105.85,100,105.82,100
2807,1.46,1.23,0.23,13.98,09:51:13,105.75,200,105.85,300,105.8,393
2812,0.38,0.15,0.23,15.840000000000002,09:51:15,105.77,200,106.05,100,105.81,100
2875,0.41000000000000003,0.2,0.21,39.76999999999998,09:51:39,105.78,200,106.03,500,105.905,100
2886,0.44,0.21,0.23,44.009999999999984,09:51:44,105.79,500,106.03,700,105.919,700
2911,0.32,0.08,0.24,53.869999999999976,09:51:53,105.78,800,105.96,300,105.94,150
2939,2.09,1.8,0.29,0.0,09:52:00,105.77,200,105.96,300,105.77,400
2966,0.25,0.08,0.17,13.109999999999998,09:52:13,105.7,100,105.93,200,105.7,500
3030,0.39,0.22,0.17,35.160000000000004,09:52:35,105.71,800,105.91,100,105.8895,100
3065,0.32999999999999996,0.12,0.21,47.19999999999999,09:52:47,105.75,100,105.9,200,105.825,100
3087,3.0,2.81,0.19,0.0,09:53:00,105.72,400,105.9,200,105.8795,400
3093,3.09,2.82,0.27,4.8,09:53:04,105.72,400,105.9,200,105.8148,300
3102,1.28,1.0,0.28,9.19,09:53:09,105.86,100,106.04,200,106.04,200
3103,0.26,0.09,0.17,9.45,09:53:09,105.86,100,106.04,200,106.035,200
3106,0.75,0.54,0.21,10.799999999999999,09:53:10,105.86,100,106.04,200,106.03,100
3116,0.44,0.23,0.21,14.399999999999999,09:53:14,106.0,100,106.42,100,106.3,100
3127,0.3,0.09,0.21,18.369999999999997,09:53:18,105.96,1800,106.42,200,106.1642,700
3195,0.39,0.22,0.17,40.56999999999998,09:53:40,106.01,1800,106.4,100,106.205,100
3233,0.35,0.09,0.26,1.81,09:54:01,105.88,100,106.13,100,105.99,100
3244,3.73,3.54,0.19,18.42,09:54:18,105.89,1300,106.12,300,105.9578,100
3267,0.23,0.07,0.16,25.99000000000001,09:54:25,105.89,1300,106.12,300,105.95,100
3287,0.24000000000000002,0.07,0.17,31.73,09:54:31,105.7,100,105.87,100,105.795,100
3372,0.26,0.09,0.17,0.0,09:55:00,105.87,100,106.3,100,106.085,100
3384,0.4,0.1,0.3,4.3,09:55:04,105.87,100,106.27,100,106.2699,1000
3398,0.33999999999999997,0.13,0.21,14.119999999999997,09:55:14,105.88,300,106.08,300,106.015,100
3513,0.42000000000000004,0.23,0.19,1.9,09:56:01,105.94,200,106.13,500,106.0856,200
3529,0.52,0.2,0.32,12.39,09:56:12,105.94,100,106.11,300,106.11,100
3558,0.58,0.23,0.35,26.07,09:56:26,105.94,300,106.09,400,106.025,1000
3581,0.48000000000000004,0.2,0.28,36.22999999999999,09:56:36,105.7,200,105.93,200,105.815,100
3586,0.36,0.09,0.27,38.03999999999999,09:56:38,105.75,100,105.92,100,105.93,100
3628,0.32,0.07,0.25,51.93999999999999,09:56:51,105.75,100,105.96,200,105.96,100
3667,3.57,3.32,0.25,0.0,09:57:00,105.75,500,105.84,400,105.7725,100
3713,0.36,0.17,0.19,23.059999999999995,09:57:23,105.82,200,105.95,200,105.8525,100
3718,0.37,0.17,0.2,25.359999999999992,09:57:25,105.82,300,105.95,200,105.9495,100
3801,0.41000000000000003,0.22,0.19,0.0,09:58:00,105.75,200,105.86,100,105.75,365
3816,2.62,2.27,0.35,13.809999999999999,09:58:13,105.75,200,105.86,300,105.805,300
3903,0.45000000000000007,0.17,0.28,48.2,09:58:48,105.75,400,105.85,200,105.775,200
4045,0.4,0.19,0.21,18.43,09:59:18,105.79,700,106.06,100,105.915,100
4138,0.41000000000000003,0.09,0.32,0.0,10:00:00,105.84,300,106.04,200,105.935,100
4256,0.29000000000000004,0.09,0.2,23.919999999999998,10:01:23,105.86,300,106.01,300,105.8975,394
4353,0.35,0.18,0.17,0.0,10:02:00,105.87,100,105.98,600,105.925,100
4404,0.33,0.07,0.26,27.959999999999994,10:02:27,105.87,300,105.96,200,105.895,100
4427,0.38,0.18,0.2,36.01,10:02:36,105.82,200,105.86,100,105.85,100
4443,0.28,0.08,0.2,41.94000000000001,10:02:41,105.82,100,105.89,200,105.87,100
4449,0.33,0.14,0.19,43.890000000000015,10:02:43,105.82,100,105.89,200,105.855,100
4514,1.45,1.22,0.23,0.0,10:03:00,105.81,200,105.88,300,105.845,100
4602,0.4,0.23,0.17,34.04,10:03:34,105.8,100,105.85,200,105.83,100
4765,0.43,0.12,0.31,0.0,10:04:00,105.84,200,105.95,300,105.8675,100
4862,0.39,0.21,0.18,35.669999999999995,10:05:35,105.94,300,106.01,100,106.009,200
4875,0.24000000000000002,0.07,0.17,39.71999999999999,10:05:39,105.98,200,106.05,200,105.98,100
4934,0.28,0.08,0.2,0.0,10:06:00,105.98,100,106.02,100,105.995,100
5037,0.3,0.09,0.21,47.950000000000024,10:06:47,106.02,200,106.12,100,106.09,100
5044,0.24000000000000002,0.07,0.17,50.05000000000002,10:06:50,106.03,200,106.18,200,106.12,100
5070,0.37,0.18,0.19,0.0,10:07:00,106.03,200,106.18,100,106.18,100
5239,0.37,0.21,0.16,0.0,10:08:00,106.05,200,106.12,200,106.08,100
5249,2.8200000000000003,2.62,0.2,9.36,10:08:09,106.05,200,106.12,200,106.0902,150
5288,0.66,0.27,0.39,23.989999999999995,10:08:23,106.05,200,106.12,500,106.0766,160
5326,0.33,0.08,0.25,37.9,10:08:37,106.15,200,106.28,200,106.145,100
5372,0.28,0.07,0.21,0.0,10:09:00,106.06,200,106.12,100,106.135,100
5432,0.28,0.07,0.21,33.690000000000005,10:09:33,106.12,300,106.19,300,106.155,100
5462,168.17,168.0,0.17,0.0,10:12:00,106.07,200,106.14,200,106.0875,100
5491,0.24000000000000002,0.07,0.17,8.260000000000002,10:12:08,106.09,300,106.15,100,106.13,100
5503,0.5700000000000001,0.37,0.2,12.43,10:12:12,106.09,300,106.14,200,106.115,100
5513,0.44,0.19,0.25,16.490000000000002,10:12:16,106.15,200,106.18,200,106.17,100
5523,0.45,0.22,0.23,20.400000000000006,10:12:20,106.16,300,106.18,100,106.19,100
5534,0.44,0.24,0.2,24.31000000000001,10:12:24,106.16,200,106.18,100,106.175,100
5578,3.92,3.66,0.26,19.490000000000002,10:13:19,106.22,100,106.27,200,106.25,100
5597,0.25,0.07,0.18,25.91,10:13:25,106.22,200,106.27,200,106.27,100
5658,0.37,0.17,0.2,47.90000000000002,10:13:47,106.25,300,106.32,200,106.285,100
5725,0.39,0.22,0.17,21.97,10:14:21,106.25,200,106.3,200,106.275,100
5754,0.55,0.26,0.29,32.17,10:14:32,106.33,200,106.41,100,106.37,100
5779,0.38,0.21,0.17,40.00000000000001,10:14:40,106.33,200,106.4,100,106.3475,300
5830,0.25,0.07,0.18,56.01000000000001,10:14:56,106.29,100,106.37,100,106.33,100
5907,0.37,0.18,0.19,33.849999999999994,10:15:33,106.29,200,106.35,100,106.32,100
5939,0.24000000000000002,0.07,0.17,43.71000000000001,10:15:43,106.28,100,106.32,200,106.305,100
6055,0.27,0.09,0.18,29.849999999999998,10:16:29,106.25,200,106.26,100,106.2525,100
6062,0.28,0.09,0.19,31.95,10:16:31,106.28,200,106.31,100,106.255,100
6076,0.24000000000000002,0.07,0.17,35.9,10:16:35,106.32,200,106.37,100,106.355,300
6122,0.63,0.24,0.39,52.08000000000002,10:16:52,106.25,700,106.37,100,106.325,100
6133,0.33,0.08,0.25,55.86000000000002,10:16:55,106.25,700,106.37,200,106.3093,300
6159,2.81,2.47,0.34,7.279999999999999,10:17:07,106.25,700,106.3,100,106.2725,100
6271,0.69,0.24,0.45,0.0,10:18:00,106.28,200,106.34,100,106.2848,150
6292,1.16,0.95,0.21,14.649999999999999,10:18:14,106.31,100,106.35,100,106.35,100
6623,0.43,0.08,0.35,10.65,10:22:10,106.18,100,106.22,300,106.2,100
6674,0.7,0.24,0.46,40.590000000000025,10:22:40,106.12,200,106.19,200,106.16,200
6689,0.37,0.09,0.28,47.87000000000002,10:22:47,106.1,200,106.15,100,106.14,100
6789,0.66,0.22,0.44,37.920000000000016,10:23:37,106.06,100,106.18,100,106.125,100
6856,4.62,4.28,0.34,0.0,10:24:00,106.03,100,106.11,100,106.05,100
6905,0.5,0.18,0.32,27.09999999999999,10:24:27,105.98,200,106.13,100,106.1025,200
6949,0.52,0.23,0.29,45.48000000000002,10:24:45,105.98,100,106.13,100,106.055,100
6973,0.5,0.27,0.23,0.5,10:25:00,105.99,100,106.16,300,106.075,100
7017,0.48000000000000004,0.2,0.28,23.560000000000002,10:25:23,105.84,100,105.93,100,105.91,100
7089,0.4,0.08,0.32,0.0,10:26:00,105.83,100,105.95,100,105.8967,136
7934,0.37,0.15,0.22,0.0,10:34:00,105.93,100,106.1,100,106.0075,100
8325,0.5800000000000001,0.07,0.51,1.79,10:38:01,106.01,100,106.03,400,106.045,200
8446,0.95,0.22,0.73,0.0,10:39:00,106.03,100,106.09,100,106.065,100
8598,0.59,0.21,0.38,25.83,10:41:25,106.03,400,106.12,300,106.0362,196
8869,0.78,0.17,0.61,26.380000000000003,10:44:26,106.04,200,106.07,200,106.0439,190
9204,2.38,1.77,0.61,7.2,10:48:07,106.41,100,106.54,100,106.43,100
9308,0.44,0.08,0.36,0.0,10:49:00,106.31,300,106.39,300,106.3476,100
9487,0.6000000000000001,0.07,0.53,0.0,10:51:00,106.41,400,106.46,100,106.4225,100
9491,0.62,0.22,0.4,2.39,10:51:02,106.41,200,106.5,100,106.42,100
9500,0.59,0.22,0.37,7.979999999999999,10:51:07,106.41,200,106.5,100,106.455,100
9560,0.61,0.08,0.53,20.160000000000004,10:52:20,106.36,100,106.41,100,106.385,100
9757,0.5900000000000001,0.07,0.52,0.5900000000000001,10:56:00,106.44,300,106.51,100,106.5,100
9843,0.61,0.18,0.43,28.18000000000001,10:57:28,106.47,200,106.53,100,106.47,100
9850,0.61,0.21,0.4,31.97000000000001,10:57:31,106.42,200,106.47,100,106.435,100
9900,0.46,0.08,0.38,0.0,10:58:00,106.39,200,106.45,100,106.45,100
9904,0.66,0.2,0.46,2.62,10:58:02,106.44,200,106.53,200,106.44,100
10089,0.62,0.16,0.46,0.0,11:00:00,106.43,100,106.46,100,106.445,100
10095,0.79,0.19,0.6,10.579999999999998,11:00:10,106.41,100,106.44,300,106.425,100
10138,0.62,0.08,0.54,40.38,11:00:40,106.38,100,106.43,100,106.4,100
10178,2.75,2.13,0.62,0.0,11:01:00,106.38,100,106.43,100,106.405,100
10448,0.6,0.22,0.38,27.790000000000003,11:06:27,106.5,300,106.55,100,106.51,100
10583,0.59,0.23,0.36,38.040000000000006,11:07:38,106.4,100,106.46,200,106.415,100
10843,0.64,0.2,0.44,4.38,11:10:04,106.32,200,106.35,100,106.3325,200
10880,0.57,0.08,0.49,1.7799999999999998,11:11:01,106.2,100,106.28,300,106.21,100
11143,0.5700000000000001,0.2,0.37,0.0,11:14:00,106.12,300,106.19,200,106.1516,190
11179,0.5700000000000001,0.24,0.33,21.990000000000002,11:14:21,106.08,600,106.12,200,106.1325,100
11433,0.77,0.07,0.7,8.15,11:19:08,106.12,100,106.18,100,106.169,300
11623,0.62,0.17,0.45,39.64,11:21:39,106.07,200,106.1,100,106.095,100
12113,0.6499999999999999,0.18,0.47,37.03000000000001,11:29:37,105.71,100,105.83,100,105.79,100
12126,0.76,0.18,0.58,45.78000000000001,11:29:45,105.75,400,105.83,100,105.755,100
12147,2.5700000000000003,1.76,0.81,6.44,11:30:06,105.66,200,105.79,100,105.67,100
12148,18.869999999999997,18.13,0.74,25.31,11:30:25,105.66,200,105.79,100,105.725,100
12156,0.8300000000000001,0.18,0.65,31.660000000000004,11:30:31,105.66,600,105.78,200,105.665,100
12165,0.8200000000000001,0.18,0.64,37.68,11:30:37,105.42,200,105.59,200,105.51,100
12171,0.6,0.08,0.52,41.67,11:30:41,105.42,100,105.56,200,105.42,100
12200,9.42,8.89,0.53,0.0,11:31:00,105.42,500,105.54,100,105.5034,300
12208,0.6499999999999999,0.07,0.58,8.200000000000001,11:31:08,105.42,200,105.53,100,105.43,100
12223,0.45,0.08,0.37,17.59,11:31:17,105.32,100,105.41,300,105.32,100
12237,0.58,0.08,0.5,25.549999999999997,11:31:25,105.31,100,105.44,100,105.34,100
12241,0.5900000000000001,0.07,0.52,27.97,11:31:27,105.29,200,105.44,100,105.29,285
12260,0.6,0.22,0.38,39.920000000000016,11:31:39,105.29,300,105.47,200,105.38,150
12369,0.6000000000000001,0.07,0.53,0.0,11:33:00,105.21,200,105.27,100,105.21,100
12383,0.76,0.07,0.69,10.58,11:33:10,105.14,300,105.23,400,105.2,100
12388,2.03,1.45,0.58,15.42,11:33:15,105.1,100,105.15,100,105.15,200
12395,0.5800000000000001,0.07,0.51,20.4,11:33:20,105.01,100,105.11,100,105.01,150
12401,0.5900000000000001,0.13,0.46,24.029999999999998,11:33:24,105.01,100,105.09,200,105.0683,500
12429,0.57,0.21,0.36,40.21,11:33:40,105.01,100,105.05,200,105.04,100
12431,0.57,0.09,0.48,41.370000000000005,11:33:41,105.01,100,105.05,100,105.05,100
12433,0.5599999999999999,0.08,0.48,42.370000000000005,11:33:42,105.02,400,105.23,100,105.135,100
12532,0.76,0.08,0.68,0.0,11:34:00,105.02,300,105.34,200,105.025,115
12566,79.02,78.7,0.32,0.0,11:36:00,105.01,100,105.07,200,105.02,100
12579,0.61,0.18,0.43,7.36,11:36:07,105.01,100,105.08,100,105.06,100
12597,0.56,0.12,0.44,17.15,11:36:17,105.0,100,105.08,100,105.0,100
12611,0.6,0.08,0.52,0.0,11:37:00,104.9,200,105.09,100,104.94,100
12622,0.6000000000000001,0.07,0.53,9.97,11:37:09,104.9,400,105.08,200,104.91799999999999,125
12738,0.5900000000000001,0.07,0.52,0.0,11:38:00,104.9,400,105.03,300,104.975,100
12741,0.6000000000000001,0.14,0.46,2.0100000000000002,11:38:02,104.8,200,104.9,200,104.8,100
12742,0.6100000000000001,0.07,0.54,2.62,11:38:02,104.76,100,104.83,200,104.79,100
12753,0.6200000000000001,0.07,0.55,10.05,11:38:10,104.51,300,104.76,200,104.61,100
12756,0.59,0.22,0.37,11.86,11:38:11,104.52,100,104.75,100,104.62,100
12772,0.42,0.07,0.35,21.409999999999997,11:38:21,104.52,200,104.75,100,104.525,200
12780,118.2,117.59,0.61,0.0,11:40:00,104.56,2000,104.7,100,104.635,180
12788,0.6000000000000001,0.07,0.53,0.0,11:41:00,104.54,100,104.7,100,104.56,200
12794,0.76,0.2,0.56,4.2,11:41:04,104.54,100,104.69,100,104.615,100
12828,0.62,0.12,0.5,32.02,11:41:32,104.58,100,104.69,100,104.6,120
12834,0.6100000000000001,0.07,0.54,36.37,11:41:36,104.55,100,104.66,100,104.58,100
12843,0.5900000000000001,0.14,0.45,42.01000000000001,11:41:42,104.51,200,104.58,100,104.53,100
12897,0.26,0.08,0.18,0.0,11:42:00,104.51,200,104.59,100,104.52,100
12930,0.58,0.23,0.35,16.390000000000004,11:42:16,104.51,300,104.58,100,104.57,100
12940,0.3,0.09,0.21,20.30000000000001,11:42:20,104.51,300,104.58,100,104.5275,200
12944,0.45999999999999996,0.21,0.25,22.030000000000015,11:42:22,104.51,600,104.62,100,104.59,100
12981,0.41000000000000003,0.22,0.19,34.140000000000015,11:42:34,104.53,1700,104.74,100,104.67,100
13024,0.28,0.08,0.2,48.92000000000003,11:42:48,104.53,100,104.72,100,104.625,400
13054,4.21,3.98,0.23,16.91,11:43:16,104.56,100,104.73,200,104.72,200
13060,2.95,2.72,0.23,21.55,11:43:21,104.58,200,104.91,100,104.81,100
13094,0.51,0.24,0.27,34.31000000000001,11:43:34,104.7,200,104.89,200,104.795,100
13103,0.47000000000000003,0.08,0.39,38.30000000000001,11:43:38,104.73,300,104.89,200,104.89,100
13141,0.41000000000000003,0.22,0.19,52.31000000000003,11:43:52,104.84,200,105.02,200,104.9,100
13142,84.78,84.59,0.19,0.0,11:45:00,105.12,200,105.17,400,105.14,100
13150,0.24000000000000002,0.07,0.17,2.82,11:45:02,105.18,100,105.29,100,105.25,100
13189,0.35,0.17,0.18,14.800000000000002,11:45:14,105.16,100,105.29,100,105.16,100
13209,0.44,0.23,0.21,21.009999999999998,11:45:21,105.16,100,105.3,100,105.3,300
13265,0.29000000000000004,0.12,0.17,38.919999999999995,11:45:38,105.13,200,105.28,100,105.17,200
13293,0.28,0.12,0.16,0.0,11:46:00,105.14,1500,105.28,100,105.205,100
13308,2.19,1.99,0.2,14.3,11:46:14,105.14,100,105.24,100,105.19,100
13353,0.33999999999999997,0.15,0.19,29.259999999999998,11:46:29,105.03,100,105.15,100,105.09,100
13409,0.49,0.28,0.21,49.290000000000006,11:46:49,104.95,100,105.11,200,105.11,100
13595,0.58,0.22,0.36,4.21,11:48:04,104.85,100,105.04,100,104.97,100
13732,0.45,0.27,0.18,0.0,11:49:00,104.84,700,105.02,100,104.93,100
13845,0.25,0.08,0.17,47.91000000000002,11:49:47,104.91,800,104.97,300,104.96,100
13851,0.37,0.2,0.17,49.99000000000001,11:49:49,104.91,800,104.95,300,104.92,100
13855,0.24,0.08,0.16,50.99,11:49:50,104.96,100,105.02,100,104.99,100
14038,0.43000000000000005,0.23,0.2,0.0,11:51:00,104.98,100,105.07,200,104.98,100
14058,0.6000000000000001,0.27,0.33,12.25,11:51:12,104.96,100,104.99,200,104.995,100
14127,0.26,0.07,0.19,39.7,11:51:39,105.02,1200,105.14,100,105.105,200
14152,0.38,0.18,0.2,48.000000000000014,11:51:48,104.98,100,105.14,300,105.13,100
14158,0.28,0.07,0.21,49.69000000000002,11:51:49,104.99,700,105.12,100,105.055,900
14311,0.32,0.14,0.18,23.94,11:52:23,105.0,100,105.12,100,105.12,100
14536,0.27,0.07,0.2,17.990000000000002,11:54:17,104.98,700,105.02,200,105.0015,3171
14670,0.38,0.21,0.17,6.64,11:55:06,104.74,400,104.87,400,104.7511,100
14674,0.61,0.35,0.26,10.87,11:55:10,104.74,400,104.87,500,104.74,100
14677,1.6300000000000001,1.3,0.33,13.15,11:55:13,104.74,400,104.86,200,104.83,100
14748,0.32,0.09,0.23,42.190000000000005,11:55:42,104.37,200,104.52,100,104.48,100
14758,0.36,0.14,0.22,46.12000000000001,11:55:46,104.37,200,104.52,100,104.375,100
14764,0.4,0.18,0.22,48.38000000000002,11:55:48,104.37,200,104.5,200,104.4825,100
14776,0.38,0.18,0.2,52.18000000000003,11:55:52,104.37,200,104.5,200,104.435,300
14799,0.25,0.07,0.18,0.0,11:56:00,104.38,1700,104.5,200,104.3884,100
14880,0.38,0.2,0.18,33.290000000000006,11:56:33,104.36,100,104.42,100,104.39,200
14883,0.6000000000000001,0.27,0.33,34.41000000000001,11:56:34,104.36,100,104.43,200,104.395,400
14888,0.26,0.07,0.19,35.97000000000001,11:56:35,104.36,100,104.43,300,104.38,100
14935,0.27,0.07,0.2,52.05000000000004,11:56:52,104.36,100,104.41,100,104.36,100
14962,0.36,0.19,0.17,2.02,11:57:02,104.36,400,104.44,100,104.4,100
15015,0.52,0.21,0.31,28.209999999999997,11:57:28,104.36,400,104.49,300,104.4299,100
15038,0.33999999999999997,0.13,0.21,35.78000000000001,11:57:35,104.36,200,104.45,100,104.41,100
15044,0.52,0.27,0.25,38.14000000000001,11:57:38,104.36,200,104.45,100,104.37,100
15072,0.43000000000000005,0.2,0.23,48.26000000000001,11:57:48,104.36,100,104.42,200,104.42,200
15094,0.37,0.18,0.19,56.11000000000002,11:57:56,104.37,500,104.46,100,104.44,100
15100,0.31,0.13,0.18,57.87000000000003,11:57:57,104.37,500,104.51,100,104.46,100
15148,0.25,0.07,0.18,4.43,11:58:04,104.41,100,104.54,200,104.475,100
15215,0.56,0.23,0.33,24.85000000000001,11:58:24,104.42,1200,104.54,300,104.54,100
15295,0.39,0.21,0.18,0.0,11:59:00,104.52,1000,104.74,100,104.63,100
15348,0.26,0.07,0.19,17.860000000000007,11:59:17,104.56,100,104.74,200,104.7,100
15850,0.37,0.19,0.18,47.73999999999997,12:02:47,104.65,500,104.75,100,104.65,100
15869,0.24000000000000002,0.07,0.17,0.0,12:03:00,104.66,700,104.76,100,104.71,100
15901,0.36,0.19,0.17,12.140000000000002,12:03:12,104.66,100,104.75,200,104.705,100
15939,0.36,0.14,0.22,30.15,12:03:30,104.73,100,104.89,100,104.75,100
16009,0.45999999999999996,0.21,0.25,54.09000000000002,12:03:54,104.75,300,104.86,100,104.785,100
16014,0.37,0.17,0.2,55.990000000000016,12:03:55,104.75,300,104.85,100,104.86,300
16241,0.25,0.08,0.17,14.180000000000003,12:05:14,104.7,100,104.73,100,104.765,100
16265,0.25,0.08,0.17,22.170000000000005,12:05:22,104.72,100,104.76,100,104.73,100
16319,0.26,0.08,0.18,39.96,12:05:39,104.72,200,104.75,100,104.76,100
16362,3.7199999999999998,3.4,0.32,13.110000000000003,12:06:13,104.73,500,104.77,100,104.734,100
16765,0.26,0.08,0.18,5.92,12:08:05,104.68,100,104.72,100,104.69,100
16775,0.48,0.15,0.33,10.04,12:08:10,104.68,200,104.73,100,104.68,100
16854,0.44000000000000006,0.27,0.17,25.980000000000004,12:09:25,104.56,100,104.64,100,104.64,100
17451,0.38,0.18,0.2,1.85,12:13:01,104.49,100,104.58,200,104.5078,100
17465,3.0,2.67,0.33,16.88,12:13:16,104.5,600,104.56,100,104.505,100
17469,0.44,0.26,0.18,20.11,12:13:20,104.45,200,104.51,100,104.5,100
17539,0.23,0.07,0.16,41.89000000000001,12:13:41,104.45,100,104.51,200,104.4806,380
17624,0.24000000000000002,0.07,0.17,0.0,12:14:00,104.48,100,104.51,400,104.495,100
17630,0.24,0.08,0.16,3.09,12:14:03,104.37,500,104.47,100,104.43,100
18117,0.24,0.08,0.16,8.99,12:17:08,104.26,200,104.3,200,104.3,100
18124,0.23,0.07,0.16,11.110000000000003,12:17:11,104.26,200,104.3,200,104.2627,127
18176,0.36,0.2,0.16,27.01,12:17:27,104.19,100,104.29,100,104.23,100
18197,0.25,0.07,0.18,33.099999999999994,12:17:33,104.18,100,104.25,100,104.24,100
18204,0.28,0.11,0.17,35.09,12:17:35,104.18,100,104.24,100,104.215,100
18285,0.23,0.07,0.16,0.0,12:18:00,104.1,400,104.21,100,104.18,106
18384,0.24,0.08,0.16,0.0,12:19:00,104.15,200,104.2,400,104.15,200
18391,0.32,0.16,0.16,2.06,12:19:02,104.16,300,104.24,100,104.2,100
18464,0.24000000000000002,0.07,0.17,33.7,12:19:33,104.08,300,104.16,200,104.12,100
18486,0.25,0.08,0.17,39.73000000000002,12:19:39,104.12,400,104.16,100,104.16,100
18524,0.4,0.21,0.19,51.84000000000002,12:19:51,104.14,400,104.19,200,104.17,100
18530,0.28,0.09,0.19,54.01000000000002,12:19:54,104.16,300,104.21,100,104.19,100
18537,0.33999999999999997,0.18,0.16,56.08000000000003,12:19:56,104.19,300,104.23,100,104.22,100
18571,0.36,0.19,0.17,8.57,12:20:08,104.15,100,104.22,100,104.21,100
18574,0.24000000000000002,0.07,0.17,11.11,12:20:11,104.14,100,104.22,400,104.2197,200
18604,0.41000000000000003,0.21,0.2,26.279999999999998,12:20:26,104.17,100,104.25,100,104.25,100
19288,0.32,0.07,0.25,19.929999999999996,12:24:19,104.23,300,104.27,200,104.26,100
19299,0.61,0.25,0.36,0.0,12:25:00,104.25,500,104.3,200,104.28,100
19318,3.4200000000000004,2.97,0.45,13.719999999999999,12:25:13,104.29,600,104.32,200,104.31,100
19319,2.81,2.41,0.4,16.529999999999998,12:25:16,104.29,1000,104.33,100,104.33,100
19322,0.56,0.12,0.44,17.879999999999995,12:25:17,104.29,1100,104.36,100,104.32,100
19331,0.46,0.23,0.23,21.689999999999994,12:25:21,104.29,1200,104.36,100,104.35,100
19375,0.31,0.08,0.23,38.809999999999995,12:25:38,104.29,100,104.34,200,104.34,100
19377,0.4,0.17,0.23,39.61999999999999,12:25:39,104.28,100,104.35,200,104.29,100
19410,0.4,0.19,0.21,51.78999999999999,12:25:51,104.25,100,104.32,200,104.3397,100
19572,0.29000000000000004,0.09,0.2,1.8,12:27:01,104.18,100,104.33,100,104.2724,300
20323,0.23,0.07,0.16,49.889999999999986,12:31:49,104.29,200,104.34,100,104.315,100
20368,0.35,0.18,0.17,0.0,12:32:00,104.29,200,104.31,200,104.3362,1000
20472,0.43000000000000005,0.26,0.17,34.83999999999998,12:32:34,104.25,100,104.3,100,104.27,100
20736,0.27,0.09,0.18,0.0,12:34:00,104.21,300,104.24,200,104.225,100
20997,0.39,0.2,0.19,5.439999999999999,12:36:05,104.24,300,104.31,200,104.3097,100
21095,0.24,0.08,0.16,35.30999999999999,12:36:35,104.23,500,104.27,100,104.265,100
21406,44.300000000000004,43.96,0.34,0.0,12:39:00,104.25,200,104.29,200,104.275,100
21620,0.38,0.18,0.2,32.13,12:40:32,104.2,200,104.24,200,104.2397,100
21659,0.24000000000000002,0.07,0.17,0.0,12:41:00,104.21,300,104.23,200,104.2101,100
21672,0.4,0.23,0.17,6.18,12:41:06,104.16,100,104.18,300,104.1786,100
21742,0.29,0.08,0.21,30.10999999999999,12:41:30,104.12,200,104.16,200,104.1385,300
21760,0.47000000000000003,0.27,0.2,36.05000000000001,12:41:36,104.12,100,104.13,100,104.13,100
21766,0.38,0.18,0.2,38.13000000000002,12:41:38,104.07,200,104.1,100,104.11,100
21784,0.26,0.07,0.19,0.0,12:42:00,104.07,300,104.1,600,104.1,100
21786,149.10999999999999,148.89,0.22,0.0,12:44:00,103.99,900,104.04,100,104.03,100
21823,0.41000000000000003,0.24,0.17,12.690000000000003,12:44:12,103.99,200,104.05,100,104.04,100
21837,0.26,0.08,0.18,16.710000000000008,12:44:16,104.01,100,104.06,100,104.05,100
21849,0.28,0.07,0.21,20.590000000000007,12:44:20,104.02,100,104.08,200,104.06,100
21863,0.36,0.18,0.18,24.900000000000013,12:44:24,104.07,100,104.09,100,104.08,100
21868,0.43,0.24,0.19,26.590000000000014,12:44:26,104.1,300,104.17,100,104.14,100
21869,0.30000000000000004,0.07,0.23,26.890000000000015,12:44:26,104.1,300,104.15,100,104.135,100
21932,0.39,0.2,0.19,29.24000000000001,12:45:29,104.08,200,104.16,100,104.1597,100
22528,0.5700000000000001,0.27,0.3,0.0,12:49:00,104.13,200,104.16,100,104.169,100
22664,0.28,0.07,0.21,22.01000000000001,12:50:22,104.19,100,104.21,100,104.1999,100
22682,0.33,0.14,0.19,28.180000000000014,12:50:28,104.05,400,104.11,200,104.1097,100
22969,0.23,0.07,0.16,0.0,12:52:00,104.09,300,104.13,100,104.1193,1800
23132,0.5700000000000001,0.28,0.29,16.169999999999998,12:53:16,104.05,100,104.09,300,104.09,100
23226,0.33999999999999997,0.12,0.22,46.209999999999994,12:53:46,104.03,300,104.08,200,104.07,100
24135,0.41000000000000003,0.24,0.17,9.690000000000001,13:01:09,104.04,300,104.12,100,104.105,100
24459,3.23,3.06,0.17,0.0,13:03:00,104.05,200,104.14,400,104.095,100
24774,0.23,0.07,0.16,19.92,13:05:19,104.02,300,104.09,300,104.055,100
25177,0.4,0.2,0.2,47.800000000000004,13:10:47,104.02,300,104.08,100,104.0394,282
25349,0.5900000000000001,0.27,0.32,6.24,13:12:06,104.03,100,104.04,200,104.035,100
25564,0.61,0.18,0.43,9.379999999999999,13:14:09,104.06,100,104.11,400,104.085,100
25708,0.79,0.34,0.45,48.4,13:15:48,104.0,100,104.02,400,104.01,100
25714,0.64,0.18,0.46,52.57,13:15:52,103.77,100,103.9,200,103.87,100
25715,0.77,0.22,0.55,53.34,13:15:53,103.77,100,103.86,100,103.875,100
25716,0.83,0.23,0.6,54.17,13:15:54,103.77,100,103.85,500,103.8499,100
25725,0.6599999999999999,0.08,0.58,0.0,13:16:00,103.77,300,103.85,400,103.81,100
25728,0.5700000000000001,0.07,0.5,1.9800000000000002,13:16:01,103.8,100,103.89,100,103.85,100
25745,0.67,0.21,0.46,23.63,13:16:23,103.8,100,103.85,100,103.825,100
25755,0.62,0.17,0.45,29.59,13:16:29,103.81,300,103.85,100,103.83,100
25759,0.57,0.21,0.36,31.77,13:16:31,103.81,300,103.85,100,103.8399,100
25773,0.63,0.15,0.48,39.77000000000001,13:16:39,103.88,100,104.0,400,103.94,100
25791,0.55,0.07,0.48,51.88000000000002,13:16:51,103.92,200,103.99,200,103.98,100
25806,0.43,0.13,0.3,0.0,13:17:00,103.89,100,103.91,200,103.92,100
25815,3.83,3.22,0.61,12.19,13:17:12,103.89,600,103.93,300,103.9299,100
25816,0.5800000000000001,0.27,0.31,12.77,13:17:12,103.8,100,103.89,100,103.8498,100
25825,0.5900000000000001,0.25,0.34,21.749999999999996,13:17:21,103.8,500,103.88,100,103.88,100
25833,0.56,0.23,0.33,25.979999999999997,13:17:25,103.85,300,103.98,100,103.9797,100
25901,0.58,0.23,0.35,0.0,13:18:00,103.91,300,103.98,200,103.97,100
25936,0.42,0.07,0.35,28.020000000000017,13:18:28,103.91,300,103.97,400,103.96,100
25969,0.58,0.08,0.5,46.02000000000003,13:18:46,103.78,100,103.88,300,103.86,100
25973,0.5499999999999999,0.08,0.47,47.99000000000003,13:18:47,103.78,100,103.88,300,103.8799,100
25984,0.44,0.14,0.3,0.0,13:19:00,103.85,100,103.92,100,103.89,100
26012,0.46,0.08,0.38,24.240000000000002,13:19:24,103.89,100,103.96,100,103.915,100
26065,0.6,0.21,0.39,54.21999999999999,13:19:54,103.86,100,103.97,300,103.95,200
26119,0.63,0.18,0.45,0.0,13:20:00,103.86,100,103.96,400,103.8889,918
26122,0.6000000000000001,0.07,0.53,1.7600000000000002,13:20:01,103.86,200,103.96,400,103.91,100
26166,0.58,0.23,0.35,2.04,13:21:02,103.81,200,103.87,300,103.84,100
26199,0.65,0.2,0.45,32.08,13:21:32,103.72,200,103.79,400,103.77,100
26251,0.59,0.18,0.41,0.0,13:22:00,103.72,200,103.77,400,103.75,100
26264,3.04,2.57,0.47,9.64,13:22:09,103.72,400,103.77,200,103.76,163
26291,0.59,0.08,0.51,25.820000000000004,13:22:25,103.74,200,103.81,100,103.78,162
26398,0.81,0.18,0.63,26.199999999999992,13:23:26,103.74,100,103.78,200,103.755,100
26419,0.8,0.19,0.61,40.19,13:23:40,103.72,200,103.77,200,103.74,100
26480,0.5700000000000001,0.07,0.5,1.7900000000000003,13:24:01,103.75,200,103.87,100,103.8697,100
26483,0.5900000000000001,0.19,0.4,3.6100000000000003,13:24:03,103.81,200,103.9,100,103.9,100
26509,3.1999999999999997,2.34,0.86,12.77,13:25:12,104.01,500,104.15,100,104.155,100
26511,2.37,1.09,1.28,18.56,13:25:18,104.09,300,104.17,100,104.165,200
26536,1.19,0.23,0.96,47.6,13:25:47,104.13,200,104.19,100,104.1897,100
26678,1.2,0.19,1.01,0.0,13:28:00,104.29,400,104.34,200,104.2995,200
26699,1.4100000000000001,0.07,1.34,0.0,13:29:00,104.27,400,104.33,100,104.285,300
26765,1.01,0.14,0.87,37.0,13:30:37,104.3,100,104.36,200,104.325,100
27029,1.3800000000000001,0.31,1.07,5.0,13:36:05,104.22,100,104.26,100,104.235,100
27170,1.01,0.19,0.82,27.83,13:39:27,104.33,100,104.36,100,104.3498,800
27198,0.82,0.1,0.72,0.0,13:40:00,104.41,100,104.46,100,104.4346,380
27215,0.9800000000000001,0.17,0.81,0.0,13:41:00,104.4,600,104.45,500,104.425,100
27255,1.23,0.09,1.14,0.0,13:42:00,104.4,600,104.45,500,104.45,100
27267,1.03,0.08,0.95,16.77,13:42:16,104.27,100,104.34,300,104.305,100
27355,1.1800000000000002,0.07,1.11,2.37,13:44:02,104.34,200,104.41,200,104.4099,250
27384,1.01,0.16,0.85,41.40999999999999,13:44:41,104.39,300,104.44,300,104.4397,100
27396,1.0,0.07,0.93,53.80999999999999,13:44:53,104.39,300,104.44,400,104.415,100
27494,1.2,0.22,0.98,51.24,13:46:51,104.39,300,104.45,100,104.4497,100
27671,2.18,1.09,1.09,0.0,13:50:00,104.46,100,104.51,500,104.49,100
27672,1.21,0.13,1.08,1.21,13:50:01,104.47,100,104.51,200,104.51,100
27797,1.1600000000000001,0.07,1.09,42.16999999999999,13:52:42,104.55,200,104.6,200,104.575,100
27814,1.1800000000000002,0.14,1.04,1.1800000000000002,13:53:01,104.57,100,104.62,200,104.595,100
27827,2.59,1.86,0.73,17.790000000000003,13:53:17,104.6,100,104.63,400,104.6102,200
27853,0.81,0.07,0.74,42.82,13:53:42,104.64,100,104.66,100,104.66,100
27872,1.2,0.2,1.0,4.61,13:54:04,104.63,100,104.67,300,104.6556,1000
27874,1.03,0.24,0.79,6.830000000000001,13:54:06,104.63,100,104.67,300,104.6699,100
27940,1.58,0.08,1.5,22.979999999999997,13:55:22,104.61,300,104.67,500,104.6697,100
28028,0.98,0.34,0.64,1.7999999999999998,13:57:01,104.6,300,104.64,400,104.6399,100
28104,1.18,0.23,0.95,36.17,13:58:36,104.63,200,104.66,300,104.6597,100
28127,1.02,0.07,0.95,0.0,13:59:00,104.63,200,104.66,100,104.645,100
28129,2.01,0.94,1.07,3.19,13:59:03,104.62,100,104.66,300,104.6375,300
28154,1.3699999999999999,0.17,1.2,34.150000000000006,13:59:34,104.74,400,104.79,100,104.78,100
28159,1.19,0.18,1.01,40.16000000000001,13:59:40,104.74,500,104.8,100,104.77,100
28199,1.0,0.08,0.92,32.809999999999995,14:00:32,104.82,400,104.86,100,104.85,100
28211,0.81,0.17,0.64,45.21,14:00:45,104.85,100,104.88,200,104.87,100
28215,0.8200000000000001,0.17,0.65,48.82,14:00:48,104.83,100,104.85,100,104.84,200
28233,2.21,1.4,0.81,2.21,14:01:02,104.8,300,104.87,200,104.8499,100
28239,1.3900000000000001,0.64,0.75,8.39,14:01:08,104.8,100,104.87,300,104.8275,100
28271,1.3800000000000001,0.08,1.3,43.750000000000014,14:01:43,104.83,300,104.87,400,104.8474,1200
28273,1.19,0.33,0.86,46.17000000000001,14:01:46,104.83,300,104.87,300,104.8699,100
28281,2.0,0.83,1.17,11.57,14:02:11,104.83,300,104.88,100,104.88,100
28328,1.22,0.07,1.15,3.41,14:03:03,104.82,100,104.86,200,104.845,100
28391,1.01,0.08,0.93,23.380000000000006,14:04:23,104.86,300,104.89,100,104.875,100
28404,0.8200000000000001,0.07,0.75,35.39,14:04:35,104.86,300,104.89,200,104.8899,100
28428,1.17,0.14,1.03,0.0,14:05:00,104.84,200,104.89,200,104.865,100
28461,1.04,0.21,0.83,45.00000000000001,14:05:45,104.81,100,104.82,200,104.815,100
28488,0.99,0.27,0.72,0.0,14:06:00,104.81,400,104.82,300,104.82,100
28505,1.19,0.16,1.03,18.6,14:06:18,104.81,500,104.84,300,104.825,100
28587,1.21,0.07,1.14,32.01,14:08:32,104.88,100,104.92,100,104.91,100
28597,1.18,0.24,0.94,43.58,14:08:43,104.92,600,104.94,200,104.9399,100
28606,0.81,0.07,0.74,51.77,14:08:51,104.92,400,104.95,400,104.95,100
28622,1.19,0.18,1.01,8.78,14:09:08,104.81,100,104.9,300,104.8997,100
28672,1.1800000000000002,0.14,1.04,2.5700000000000003,14:10:02,104.84,300,104.88,500,104.8799,100
28690,1.39,0.18,1.21,26.189999999999998,14:10:26,104.85,200,104.88,300,104.8725,200
28720,1.02,0.18,0.84,6.01,14:11:06,104.86,300,104.9,600,104.885,100
28897,0.82,0.09,0.73,3.01,14:14:03,104.9,400,104.91,400,104.905,100
28932,1.0,0.08,0.92,39.2,14:14:39,104.91,100,104.92,300,104.915,100
28965,0.8200000000000001,0.14,0.68,11.800000000000002,14:15:11,104.92,200,104.94,100,104.935,100
28981,0.98,0.13,0.85,25.980000000000004,14:15:25,104.93,200,104.96,300,104.9599,250
29111,0.99,0.07,0.92,11.780000000000001,14:18:11,104.96,100,104.97,400,104.965,100
29119,1.37,0.33,1.04,21.18,14:18:21,104.92,200,104.93,200,104.925,100
29159,1.0,0.24,0.76,4.6,14:19:04,104.94,200,104.96,300,104.9428,1000
29500,0.43,0.07,0.36,8.77,14:23:08,104.92,200,104.95,300,104.9275,300
29842,0.79,0.2,0.59,0.0,14:27:00,104.87,700,104.89,200,104.8708,1000
30034,0.6,0.08,0.52,23.970000000000002,14:29:23,104.72,600,104.77,100,104.745,365
30082,0.61,0.21,0.4,53.780000000000044,14:29:53,104.72,300,104.77,400,104.755,100
30130,0.6100000000000001,0.07,0.54,26.040000000000006,14:30:26,104.83,100,104.88,400,104.855,100
30588,0.6000000000000001,0.07,0.53,29.879999999999995,14:37:29,105.02,500,105.07,100,105.07,100
30592,0.81,0.18,0.63,32.519999999999996,14:37:32,105.06,200,105.09,200,105.08,100
30602,0.8,0.17,0.63,40.11999999999998,14:37:40,105.07,400,105.11,400,105.1,100
30848,0.63,0.2,0.43,39.41,14:40:39,104.8,300,104.87,500,104.835,100
30903,0.62,0.08,0.54,37.61999999999999,14:41:37,104.86,200,104.89,100,104.8654,200
31018,0.61,0.08,0.53,1.79,14:43:01,104.93,200,104.98,200,104.955,376
31134,0.6300000000000001,0.07,0.56,8.59,14:44:08,104.71,400,104.81,400,104.805,100
31425,0.44,0.07,0.37,0.0,14:48:00,104.53,300,104.58,300,104.555,200
31431,0.75,0.23,0.52,6.35,14:48:06,104.53,200,104.58,300,104.5542,100
31645,0.85,0.24,0.61,0.0,14:50:00,104.42,300,104.49,400,104.47,200
31757,0.62,0.17,0.45,2.0,14:52:02,104.25,100,104.4,300,104.3762,178
31878,0.64,0.12,0.52,12.389999999999999,14:53:12,104.06,100,104.28,300,104.0858,250
32299,0.43,0.07,0.36,13.43,14:59:13,104.26,400,104.33,400,104.295,100
32506,0.8500000000000001,0.19,0.66,0.0,15:01:00,104.11,400,104.18,400,104.145,100
32760,0.6200000000000001,0.07,0.55,54.040000000000006,15:04:54,104.15,400,104.21,400,104.2016,1000
32850,0.88,0.17,0.71,0.0,15:06:00,104.18,600,104.23,300,104.185,200
32863,1.79,1.19,0.6,18.419999999999998,15:06:18,104.18,600,104.23,300,104.1974,228
33159,0.61,0.24,0.37,0.0,15:10:00,104.19,100,104.25,100,104.2225,200
33441,0.61,0.21,0.4,11.04,15:13:11,104.17,200,104.2,200,104.195,100
33793,1.79,1.18,0.61,19.96,15:17:19,104.22,400,104.26,300,104.2461,100
34989,0.76,0.08,0.68,42.530000000000015,15:31:42,104.32,300,104.36,200,104.3464,101
35452,0.5900000000000001,0.07,0.52,47.940000000000005,15:36:47,104.25,300,104.27,300,104.26899999999999,200
35766,0.6,0.21,0.39,33.61000000000001,15:40:33,104.29,300,104.31,500,104.2901,105
36002,0.6,0.08,0.52,26.19000000000001,15:43:26,104.15,400,104.16,800,104.15299999999999,100
36005,0.43,0.07,0.36,27.81000000000001,15:43:27,104.15,400,104.16,800,104.1508,100
36072,0.45,0.08,0.37,6.220000000000001,15:44:06,104.17,200,104.2,100,104.1801,106
36212,0.58,0.09,0.49,40.18000000000001,15:45:40,104.22,200,104.26,500,104.2201,131
36240,0.6200000000000001,0.07,0.55,56.400000000000006,15:45:56,104.17,900,104.2,100,104.17299999999999,200
36398,0.45,0.08,0.37,49.69000000000005,15:47:49,104.12,100,104.13,500,104.1201,160
36532,0.5900000000000001,0.2,0.39,29.590000000000003,15:49:29,104.05,100,104.07,300,104.0601,124
36602,0.64,0.08,0.56,12.400000000000002,15:50:12,104.26,600,104.31,200,104.2633,1419
36659,0.6399999999999999,0.07,0.57,0.6399999999999999,15:51:00,104.14,1800,104.17,800,104.1401,113
36701,0.64,0.09,0.55,35.99999999999999,15:51:35,104.14,1700,104.17,1700,104.1699,156
36767,0.83,0.08,0.75,32.23,15:52:32,104.14,600,104.16,800,104.1599,118
36820,0.62,0.19,0.43,10.629999999999999,15:53:10,104.15,100,104.16,200,104.1501,100
36874,0.45,0.07,0.38,53.82999999999999,15:53:53,103.99,400,104.03,400,103.99,100
36884,0.6200000000000001,0.07,0.55,0.6200000000000001,15:54:00,104.01,300,104.02,300,104.02,100
36914,0.61,0.08,0.53,22.040000000000003,15:54:22,104.0,200,104.03,200,104.0,100
36918,0.62,0.18,0.44,24.610000000000003,15:54:24,104.0,400,104.02,100,104.0001,108
36953,0.6200000000000001,0.07,0.55,46.680000000000014,15:54:46,103.95,400,103.98,1100,103.9501,109
36964,0.8600000000000001,0.2,0.66,55.09000000000001,15:54:55,103.93,200,103.96,700,103.93,100
37026,0.78,0.3,0.48,43.559999999999995,15:55:43,103.93,500,103.94,100,103.931,100
37094,0.6,0.21,0.39,34.02000000000001,15:56:34,103.93,200,103.96,400,103.945,100
37172,0.6799999999999999,0.08,0.6,31.490000000000002,15:57:31,103.88,500,103.9,700,103.8801,104
37210,0.6200000000000001,0.07,0.55,28.180000000000003,15:59:28,103.87,1000,103.9,1600,103.885,200
37216,0.7999999999999999,0.22,0.58,32.17,15:59:32,103.87,300,103.89,200,103.895,100
37246,0.56,0.07,0.49,52.13000000000002,15:59:52,103.87,200,103.89,300,103.8701,104
