,Total Delay,Request Delay,Saving Delay,Arrival Time,Time,Bid,Bid Size,Ask,Ask Size,Last Price,Last Size
0,0.6499999999999999,0.3,0.35,0.6499999999999999,09:30:00,38.87,600,38.88,100,38.87,100
4,0.32,0.07,0.25,1.8800000000000001,09:30:01,38.87,200,38.88,100,38.875,100
6,0.28,0.08,0.2,2.6000000000000005,09:30:02,38.82,500,38.88,100,38.8401,4530
12,0.35,0.16,0.19,4.76,09:30:04,38.85,600,38.88,100,38.85,165
22,0.3,0.08,0.22,8.47,09:30:08,38.82,200,38.88,200,38.88,100
28,0.5800000000000001,0.27,0.31,10.940000000000001,09:30:10,38.66,100,38.72,100,38.82,100
30,0.48000000000000004,0.2,0.28,11.790000000000001,09:30:11,38.66,100,38.74,300,38.67,100
32,0.43,0.21,0.22,12.59,09:30:12,38.74,400,38.79,100,38.74,1000
45,0.32,0.09,0.23,0.0,09:31:00,38.69,100,38.7,300,38.69,100
51,0.4,0.18,0.22,2.33,09:31:02,38.64,100,38.68,300,38.66,1000
56,0.30000000000000004,0.07,0.23,5.329999999999999,09:31:05,38.65,700,38.7,1600,38.7,34800
59,0.33,0.1,0.23,6.52,09:31:06,38.65,700,38.7,1600,38.65,100
64,2.08,1.88,0.2,10.02,09:31:10,38.75,100,38.78,100,38.75,100
69,0.42,0.21,0.21,12.38,09:31:12,38.75,100,38.82,200,38.785,300
75,0.89,0.62,0.27,16.97,09:31:16,38.67,500,38.79,100,38.695,300
133,0.26,0.07,0.19,40.52000000000002,09:31:40,38.77,400,38.82,100,38.81,100
152,0.74,0.21,0.53,48.72000000000002,09:31:48,38.73,400,38.77,400,38.73,400
169,0.27,0.07,0.2,54.370000000000026,09:31:54,38.71,1100,38.76,300,38.72,100
175,0.32,0.14,0.18,56.32000000000002,09:31:56,38.71,400,38.76,300,38.76,114
200,2.27,2.05,0.22,8.01,09:32:08,38.7,200,38.71,100,38.68,100
201,4.77,4.56,0.21,12.78,09:32:12,38.64,100,38.67,200,38.64,100
202,2.2199999999999998,2.03,0.19,15.0,09:32:15,38.54,200,38.55,100,38.54,100
204,0.39,0.21,0.18,15.63,09:32:15,38.55,100,38.56,200,38.55,100
206,0.24000000000000002,0.07,0.17,16.12,09:32:16,38.51,4300,38.54,200,38.52,100
209,1.96,1.75,0.21,18.8,09:32:18,38.51,4100,38.54,200,38.51,200
234,0.23,0.07,0.16,26.159999999999997,09:32:26,38.53,100,38.55,3000,38.53,100
240,0.27,0.09,0.18,28.139999999999993,09:32:28,38.51,4200,38.53,200,38.5128,100
241,0.26,0.09,0.17,28.399999999999995,09:32:28,38.54,200,38.55,400,38.5496,500
258,0.39,0.22,0.17,34.55999999999999,09:32:34,38.57,600,38.58,200,38.58,200
264,0.24000000000000002,0.07,0.17,36.509999999999984,09:32:36,38.51,100,38.54,100,38.5328,113
270,0.36,0.2,0.16,38.53999999999998,09:32:38,38.5,8000,38.51,100,38.5,100
309,0.25,0.07,0.18,50.54,09:32:50,38.59,100,38.6,100,38.5953,150
315,0.3,0.08,0.22,52.58,09:32:52,38.6,100,38.62,200,38.6184,2000
320,0.69,0.28,0.41,54.9,09:32:54,38.65,100,38.67,200,38.6599,4500
325,0.25,0.07,0.18,56.56999999999999,09:32:56,38.65,100,38.66,100,38.663000000000004,1000
344,0.36,0.18,0.18,3.77,09:33:03,38.57,200,38.59,100,38.57,100
350,3.75,3.46,0.29,9.190000000000001,09:33:09,38.61,200,38.63,100,38.62,100
393,0.35,0.18,0.17,29.870000000000005,09:33:29,38.62,1300,38.63,700,38.63,100
399,0.38,0.21,0.17,31.950000000000006,09:33:31,38.61,200,38.63,400,38.6292,100
405,0.5700000000000001,0.28,0.29,33.96,09:33:33,38.6,900,38.61,700,38.61,100
412,0.47000000000000003,0.27,0.2,35.970000000000006,09:33:35,38.6,100,38.61,300,38.606,2595
417,0.39,0.2,0.19,37.88000000000001,09:33:37,38.58,200,38.6,300,38.59,200
423,0.28,0.07,0.21,40.030000000000015,09:33:40,38.59,300,38.61,500,38.607,100
427,0.41000000000000003,0.17,0.24,42.00000000000001,09:33:42,38.57,300,38.59,400,38.6092,100
433,0.26,0.07,0.19,43.81000000000001,09:33:43,38.6,100,38.61,400,38.585,100
446,0.25,0.07,0.18,48.070000000000014,09:33:48,38.6,200,38.61,200,38.6,100
511,0.48,0.27,0.21,12.050000000000002,09:34:12,38.71,100,38.72,100,38.7156,100
515,1.4000000000000001,1.06,0.34,19.64,09:34:19,38.7,200,38.71,100,38.71,100
546,0.45,0.2,0.25,31.939999999999994,09:34:31,38.78,200,38.79,200,38.79,100
552,0.5800000000000001,0.25,0.33,34.41,09:34:34,38.81,200,38.82,200,38.8,100
571,0.32,0.07,0.25,41.95999999999999,09:34:41,38.76,100,38.78,200,38.77,100
602,0.5,0.27,0.23,53.07999999999999,09:34:53,38.76,100,38.78,200,38.78,1200
609,0.49,0.2,0.29,56.449999999999996,09:34:56,38.84,100,38.85,300,38.84,300
623,1.67,1.41,0.26,11.46,09:35:11,38.73,100,38.75,400,38.755,100
636,0.43,0.22,0.21,20.59,09:35:20,38.77,100,38.78,100,38.7701,100
653,0.44,0.22,0.22,26.840000000000003,09:35:26,38.78,100,38.8,200,38.796,1000
662,0.56,0.29,0.27,30.749999999999996,09:35:30,38.8,200,38.82,400,38.8002,300
686,0.6200000000000001,0.28,0.34,39.32000000000001,09:35:39,38.81,100,38.82,100,38.815,100
689,0.28,0.07,0.21,40.66000000000001,09:35:40,38.82,200,38.84,500,38.83,200
714,0.44,0.26,0.18,48.92000000000001,09:35:48,38.85,300,38.87,300,38.845,100
721,0.25,0.07,0.18,50.89000000000001,09:35:50,38.86,7600,38.88,500,38.8602,219
759,0.38,0.21,0.17,0.0,09:36:00,38.85,400,38.86,100,38.86,100
767,1.8299999999999998,1.63,0.2,4.359999999999999,09:36:04,38.83,200,38.85,200,38.8499,100
771,2.1,1.83,0.27,9.56,09:36:09,38.85,100,38.86,100,38.855,400
809,0.42,0.12,0.3,29.950000000000006,09:36:29,38.9,200,38.91,100,38.9,100
810,0.4,0.12,0.28,30.350000000000005,09:36:30,38.88,200,38.9,200,38.9093,1000
814,0.5800000000000001,0.19,0.39,32.25,09:36:32,38.93,200,38.94,200,38.94,100
818,0.32,0.14,0.18,34.099999999999994,09:36:34,38.94,6700,38.95,100,38.95,100
846,0.75,0.21,0.54,46.32999999999999,09:36:46,38.87,1800,38.88,200,38.8794,300
850,0.34,0.08,0.26,48.019999999999996,09:36:48,38.89,100,38.9,1100,38.89,100
860,0.29,0.08,0.21,52.029999999999994,09:36:52,38.88,300,38.89,400,38.885,250
870,0.35000000000000003,0.08,0.27,55.94,09:36:55,38.89,200,38.9,1200,38.8901,1092
882,0.47000000000000003,0.08,0.39,2.1900000000000004,09:37:02,38.89,100,38.9,1200,38.893,100
885,0.46,0.08,0.38,3.87,09:37:03,38.89,100,38.9,1200,38.8908,100
931,0.5,0.07,0.43,30.48,09:37:30,38.8,200,38.81,500,38.8001,100
944,0.43,0.08,0.35,36.19,09:37:36,38.81,100,38.83,400,38.8201,100
948,0.46,0.19,0.27,37.8,09:37:37,38.81,300,38.83,200,38.8299,350
989,0.36,0.07,0.29,54.14999999999997,09:37:54,38.85,100,38.86,300,38.8608,100
1011,0.56,0.27,0.29,6.1800000000000015,09:38:06,38.83,300,38.84,500,38.8356,300
1018,0.6000000000000001,0.27,0.33,13.870000000000003,09:38:13,38.83,300,38.84,300,38.8399,600
1039,0.49,0.07,0.42,24.03,09:38:24,38.85,200,38.87,200,38.851,800
1050,0.39,0.08,0.31,29.52,09:38:29,38.83,1400,38.84,200,38.835,400
1060,0.33,0.08,0.25,34.05999999999999,09:38:34,38.84,200,38.85,400,38.841,955
1104,0.45,0.18,0.27,52.10999999999998,09:38:52,38.83,500,38.84,300,38.830999999999996,1000
1127,0.44,0.18,0.26,1.58,09:39:01,38.81,1100,38.82,300,38.8301,100
1137,0.31,0.08,0.23,7.8,09:39:07,38.82,400,38.83,100,38.8262,200
1238,0.38,0.19,0.19,51.750000000000036,09:39:51,38.85,1200,38.86,1500,38.8542,200
1261,0.35,0.17,0.18,0.0,09:40:00,38.87,200,38.88,700,38.8799,1300
1337,0.48,0.21,0.27,36.419999999999995,09:40:36,38.88,500,38.89,1400,38.8889,100
1401,0.29000000000000004,0.1,0.19,0.0,09:41:00,38.87,700,38.88,600,38.8758,200
1457,0.28,0.07,0.21,26.169999999999995,09:41:26,38.87,500,38.88,300,38.8742,1000
1463,0.27,0.07,0.2,27.929999999999996,09:41:27,38.87,500,38.88,300,38.8756,100
1493,0.38,0.21,0.17,38.29,09:41:38,38.9,100,38.91,600,38.91,100
1519,0.38,0.08,0.3,48.379999999999995,09:41:48,38.9,500,38.91,1100,38.9063,500
1523,0.47,0.09,0.38,50.209999999999994,09:41:50,38.91,200,38.92,900,38.915,100
1528,0.33,0.07,0.26,52.24,09:41:52,38.91,300,38.92,900,38.92,100
1543,0.42000000000000004,0.22,0.2,0.0,09:42:00,38.93,400,38.94,600,38.93,100
1547,0.47,0.22,0.25,1.9100000000000001,09:42:01,38.93,300,38.94,600,38.9301,500
1561,0.38,0.08,0.3,13.97,09:42:13,38.88,500,38.9,18500,38.8956,100
1577,0.48,0.17,0.31,24.02,09:42:24,38.89,200,38.9,15200,38.895,100
1680,0.45,0.2,0.25,7.91,09:43:07,38.84,100,38.85,54100,38.8453,100
1705,0.32,0.09,0.23,22.1,09:43:22,38.86,400,38.87,200,38.8607,150
1715,0.32,0.08,0.24,25.959999999999997,09:43:25,38.86,500,38.87,100,38.865,100
1721,0.32,0.08,0.24,28.22,09:43:28,38.86,600,38.87,100,38.8662,150
1752,0.28,0.07,0.21,40.07000000000001,09:43:40,38.84,500,38.86,300,38.8492,149
1773,0.29000000000000004,0.07,0.22,48.08000000000001,09:43:48,38.84,200,38.85,300,38.8456,500
1804,0.33999999999999997,0.15,0.19,0.0,09:44:00,38.79,200,38.8,300,38.7901,6000
1822,0.36,0.18,0.18,6.13,09:44:06,38.8,100,38.8,100,38.795,100
1831,0.59,0.35,0.24,13.620000000000001,09:44:13,38.81,500,38.82,300,38.8199,200
1837,1.29,1.03,0.26,16.84,09:44:16,38.79,500,38.8,100,38.7915,1000
1847,0.46,0.18,0.28,21.99,09:44:21,38.79,500,38.8,200,38.797,2100
1882,0.46,0.2,0.26,36.10999999999999,09:44:36,38.74,100,38.75,300,38.7435,100
1886,0.35,0.17,0.18,37.89999999999999,09:44:37,38.75,200,38.76,300,38.745,100
1921,0.41000000000000003,0.17,0.24,50.050000000000004,09:44:50,38.78,1000,38.79,100,38.775,100
2115,0.34,0.08,0.26,15.86,09:46:15,38.76,300,38.77,200,38.765,100
2130,0.43,0.18,0.25,25.950000000000003,09:46:25,38.77,300,38.78,300,38.7793,300
2197,0.34,0.14,0.2,50.00000000000003,09:46:50,38.78,100,38.79,400,38.7862,300
2257,4.91,4.57,0.34,13.35,09:47:13,38.75,400,38.77,400,38.7587,100
2259,0.29,0.08,0.21,14.079999999999998,09:47:14,38.75,400,38.76,100,38.7502,110
2284,0.28,0.08,0.2,24.259999999999998,09:47:24,38.78,400,38.79,100,38.7999,364
2338,0.48,0.24,0.24,44.239999999999995,09:47:44,38.82,300,38.83,400,38.8258,1000
2347,0.42,0.21,0.21,48.040000000000006,09:47:48,38.82,6800,38.83,300,38.825,100
2389,0.31,0.09,0.22,5.930000000000001,09:48:05,38.83,100,38.84,400,38.8348,100
2447,0.42000000000000004,0.23,0.19,31.899999999999995,09:48:31,38.86,700,38.87,500,38.8636,1000
2458,0.34,0.17,0.17,35.73,09:48:35,38.86,700,38.87,500,38.8619,500
2528,0.48000000000000004,0.2,0.28,0.0,09:49:00,38.85,700,38.86,300,38.8568,100
2559,0.37,0.09,0.28,21.95,09:49:21,38.85,400,38.86,100,38.8556,100
2572,0.5800000000000001,0.2,0.38,27.990000000000002,09:49:27,38.86,300,38.87,400,38.8687,2200
2599,0.44,0.2,0.24,40.010000000000005,09:49:40,38.86,400,38.87,100,38.861,200
2610,0.32,0.08,0.24,43.96000000000001,09:49:43,38.88,100,38.89,500,38.8899,400
2621,0.38,0.17,0.21,47.90000000000002,09:49:47,38.88,200,38.89,400,38.8866,1000
2644,0.43,0.21,0.22,56.10000000000003,09:49:56,38.88,300,38.89,800,38.8888,2800
2658,0.41000000000000003,0.15,0.26,4.050000000000001,09:50:04,38.89,300,38.9,16700,38.8907,200
2667,0.5499999999999999,0.08,0.47,8.110000000000001,09:50:08,38.89,300,38.9,16700,38.8958,500
2720,0.59,0.24,0.35,36.040000000000006,09:50:36,38.86,300,38.87,200,38.8692,100
2756,0.34,0.07,0.27,53.85000000000002,09:50:53,38.88,400,38.89,200,38.8896,2800
2817,0.38,0.08,0.3,22.139999999999997,09:51:22,38.88,600,38.89,300,38.8801,200
2848,0.33999999999999997,0.09,0.25,34.190000000000005,09:51:34,38.89,400,38.9,1100,38.8942,500
2922,0.41000000000000003,0.18,0.23,2.12,09:52:02,38.88,200,38.89,100,38.8862,100
2928,0.42000000000000004,0.19,0.23,4.2700000000000005,09:52:04,38.89,300,38.9,1600,38.8999,300
2932,1.1,0.85,0.25,6.74,09:52:06,38.89,300,38.9,1600,38.8975,100
2998,0.28,0.09,0.19,34.19,09:52:34,38.88,400,38.89,900,38.8844,100
3098,0.28,0.07,0.21,15.669999999999998,09:53:15,38.86,400,38.87,300,38.8699,470
3116,0.44,0.23,0.21,23.810000000000002,09:53:23,38.87,100,38.88,300,38.873000000000005,400
3127,0.3,0.09,0.21,27.780000000000005,09:53:27,38.87,300,38.88,500,38.8707,100
3133,0.29000000000000004,0.09,0.2,29.60000000000001,09:53:29,38.87,300,38.88,600,38.8792,100
3172,0.31,0.13,0.18,41.84999999999998,09:53:41,38.85,400,38.86,200,38.8592,100
3248,0.29,0.08,0.21,19.89,09:54:19,38.86,400,38.87,800,38.8656,257
3254,0.35,0.18,0.17,21.920000000000005,09:54:21,38.86,400,38.87,800,38.8616,2000
3274,0.24000000000000002,0.07,0.17,27.850000000000005,09:54:27,38.86,400,38.87,800,38.8644,200
3287,0.24000000000000002,0.07,0.17,31.73,09:54:31,38.86,500,38.87,800,38.861999999999995,1100
3317,0.39,0.21,0.18,41.870000000000005,09:54:41,38.87,100,38.88,700,38.8746,300
3581,0.48000000000000004,0.2,0.28,36.22999999999999,09:56:36,38.81,400,38.82,300,38.8163,500
3610,0.25,0.08,0.17,45.88999999999999,09:56:45,38.81,600,38.82,200,38.8134,150
3693,0.29000000000000004,0.07,0.22,25.860000000000003,09:57:25,38.73,400,38.74,400,38.725,100
3718,0.37,0.17,0.2,34.21,09:57:34,38.71,800,38.72,600,38.7139,500
3740,0.38,0.17,0.21,41.970000000000006,09:57:41,38.72,700,38.73,400,38.715,100
3772,0.26,0.07,0.19,51.830000000000005,09:57:51,38.7,900,38.71,800,38.7186,200
3795,0.33999999999999997,0.12,0.22,0.0,09:58:00,38.68,400,38.69,200,38.6801,100
3801,0.41000000000000003,0.22,0.19,1.92,09:58:01,38.69,200,38.7,2100,38.685,100
3807,0.37,0.18,0.19,3.9699999999999998,09:58:03,38.69,500,38.7,2100,38.6934,1000
3851,0.25,0.07,0.18,31.84000000000001,09:58:31,38.62,700,38.63,100,38.621,850
3858,0.35,0.16,0.19,33.99000000000001,09:58:33,38.64,4000,38.65,200,38.647,100
3869,0.37,0.17,0.2,38.0,09:58:38,38.66,100,38.67,400,38.6685,1500
3913,0.46,0.18,0.28,54.02000000000001,09:58:54,38.68,300,38.69,400,38.675,100
3936,0.27,0.08,0.19,1.7000000000000002,09:59:01,38.66,100,38.67,1700,38.6693,150
3943,0.39,0.21,0.18,6.009999999999999,09:59:06,38.63,300,38.65,500,38.643,1000
3949,2.23,1.97,0.26,9.729999999999999,09:59:09,38.65,200,38.66,1200,38.658,400
3950,0.25,0.08,0.17,9.979999999999999,09:59:09,38.65,400,38.66,1100,38.6507,300
4008,0.26,0.08,0.18,31.909999999999997,09:59:31,38.62,400,38.63,300,38.6232,200
4060,0.55,0.22,0.33,50.170000000000016,09:59:50,38.61,100,38.62,400,38.6163,1000
4133,0.46,0.18,0.28,26.340000000000007,10:00:26,38.72,400,38.73,400,38.7288,125
4138,0.41000000000000003,0.09,0.32,28.590000000000007,10:00:28,38.73,300,38.75,200,38.748000000000005,300
4145,0.45000000000000007,0.17,0.28,32.290000000000006,10:00:32,38.72,200,38.73,300,38.728,100
4183,0.42,0.07,0.35,48.399999999999984,10:00:48,38.74,200,38.75,200,38.7454,129
4206,0.5,0.12,0.38,1.91,10:01:01,38.77,200,38.78,1000,38.7799,1600
4286,0.3,0.12,0.18,37.47000000000001,10:01:37,38.81,700,38.82,300,38.8089,100
4398,0.4,0.2,0.2,23.979999999999993,10:02:23,38.85,400,38.86,300,38.8511,100
4410,0.38,0.09,0.29,28.239999999999988,10:02:28,38.86,400,38.88,700,38.8793,140
4416,0.36000000000000004,0.08,0.28,30.209999999999987,10:02:30,38.86,500,38.88,700,38.8712,129
4450,0.27,0.08,0.19,42.190000000000005,10:02:42,38.85,300,38.87,600,38.8584,500
4511,0.28,0.08,0.2,5.860000000000001,10:03:05,38.87,700,38.88,400,38.8747,4000
4520,0.36000000000000004,0.08,0.28,10.000000000000004,10:03:10,38.85,600,38.86,400,38.8544,100
4557,0.39,0.21,0.18,27.910000000000004,10:03:27,38.85,1300,38.86,500,38.8507,174
4563,0.27,0.08,0.19,29.710000000000008,10:03:29,38.85,1600,38.86,500,38.8501,200
4608,0.24000000000000002,0.07,0.17,43.650000000000006,10:03:43,38.85,1200,38.86,700,38.8508,100
4632,0.4,0.21,0.19,51.69,10:03:51,38.85,1600,38.86,700,38.8527,1000
4675,0.32,0.07,0.25,12.23,10:04:12,38.87,500,38.88,500,38.8773,120
4697,0.26,0.07,0.19,22.19,10:04:22,38.88,300,38.89,500,38.8836,1000
4702,0.47000000000000003,0.13,0.34,24.22,10:04:24,38.88,200,38.89,500,38.8854,100
4722,0.27,0.07,0.2,32.25000000000001,10:04:32,38.89,700,38.9,7000,38.8997,200
4769,0.5,0.28,0.22,50.339999999999996,10:04:50,38.91,1000,38.93,400,38.9297,5503
4774,0.53,0.2,0.33,52.42999999999999,10:04:52,38.91,400,38.93,400,38.912,700
4812,0.49,0.2,0.29,14.160000000000002,10:05:14,38.91,400,38.92,2500,38.9101,120
4819,2.35,1.95,0.4,18.420000000000005,10:05:18,38.93,200,38.95,1400,38.9192,100
4828,0.48,0.23,0.25,23.830000000000005,10:05:23,38.94,400,38.95,1200,38.945,100
4850,0.3,0.08,0.22,31.759999999999998,10:05:31,38.94,100,38.95,500,38.9458,500
4862,0.39,0.21,0.18,35.669999999999995,10:05:35,38.94,400,38.95,400,38.943000000000005,1000
4869,0.26,0.08,0.18,37.82999999999999,10:05:37,38.94,400,38.95,600,38.9401,500
4907,0.42000000000000004,0.22,0.2,51.92999999999997,10:05:51,38.96,200,38.97,200,38.9601,6000
4928,0.37,0.19,0.18,0.0,10:06:00,38.95,300,38.96,400,38.96,100
4935,0.26,0.07,0.19,2.21,10:06:02,38.96,300,38.97,200,38.9635,1000
4938,3.37,3.21,0.16,6.220000000000001,10:06:06,38.96,500,38.97,200,38.965,100
4940,0.23,0.07,0.16,8.15,10:06:08,38.96,300,38.97,600,38.97,113
4949,0.38,0.21,0.17,11.870000000000003,10:06:11,38.94,600,38.95,500,38.9467,1000
4962,0.31,0.15,0.16,24.009999999999998,10:06:24,38.92,100,38.93,700,38.9289,100
4976,0.31,0.09,0.22,27.919999999999995,10:06:27,38.92,600,38.93,800,38.927,200
4982,0.5,0.2,0.3,30.209999999999994,10:06:30,38.92,600,38.93,800,38.9292,400
5005,0.41000000000000003,0.08,0.33,38.24999999999999,10:06:38,38.92,600,38.93,900,38.925,100
5026,0.28,0.08,0.2,46.050000000000026,10:06:46,38.91,300,38.92,1000,38.9199,500
5031,0.36,0.18,0.18,47.980000000000025,10:06:47,38.91,400,38.92,900,38.917,1200
5037,0.3,0.09,0.21,49.90000000000002,10:06:49,38.91,400,38.92,900,38.9108,100
5056,0.38,0.22,0.16,55.98000000000003,10:06:55,38.92,100,38.93,600,38.9269,1000
5063,0.27,0.08,0.19,57.93000000000003,10:06:57,38.92,100,38.93,600,38.9299,100
5099,0.33999999999999997,0.18,0.16,12.780000000000001,10:07:12,38.91,700,38.92,700,38.9121,3000
5107,0.25,0.08,0.17,15.030000000000001,10:07:15,38.91,700,38.92,800,38.9154,385
5125,0.38,0.18,0.2,21.030000000000012,10:07:21,38.91,800,38.92,800,38.9155,200
5256,0.38,0.21,0.17,18.209999999999997,10:08:18,38.93,300,38.94,500,38.9369,3000
5283,0.36,0.13,0.23,28.07,10:08:28,38.92,1400,38.93,1600,38.9293,200
5376,0.37,0.17,0.2,1.6600000000000001,10:09:01,38.92,1200,38.93,1600,38.9233,1000
5386,2.83,2.65,0.18,15.490000000000002,10:09:15,38.9,700,38.92,600,38.9068,1000
5426,0.26,0.08,0.18,31.74000000000001,10:09:31,38.9,500,38.91,800,38.9012,1000
5450,0.37,0.18,0.19,39.709999999999994,10:09:39,38.86,600,38.87,300,38.8622,4000
5546,0.32,0.12,0.2,0.0,10:13:00,38.74,500,38.75,500,38.7499,100
5557,0.35000000000000003,0.07,0.28,4.1499999999999995,10:13:04,38.75,400,38.76,600,38.7525,100
5559,1.82,1.57,0.25,6.64,10:13:06,38.75,400,38.76,600,38.759,100
5570,0.36,0.09,0.27,14.1,10:13:14,38.73,800,38.75,800,38.7405,300
5575,1.53,1.22,0.31,17.02,10:13:17,38.74,400,38.75,500,38.7467,229
5608,0.47,0.23,0.24,32.19,10:13:32,38.73,600,38.74,300,38.7344,100
5664,0.38,0.21,0.17,52.140000000000015,10:13:52,38.72,400,38.73,300,38.7234,1000
5715,0.36,0.17,0.19,5.750000000000001,10:14:05,38.71,600,38.72,700,38.7158,300
5725,0.39,0.22,0.17,19.76,10:14:19,38.75,400,38.76,400,38.7571,350
5748,0.36,0.17,0.19,27.740000000000002,10:14:27,38.76,900,38.78,100,38.7705,450
5760,0.26,0.09,0.17,31.950000000000006,10:14:31,38.77,600,38.79,400,38.7899,2500
5779,0.38,0.21,0.17,37.79000000000001,10:14:37,38.79,300,38.8,500,38.7993,200
5785,0.25,0.08,0.17,39.69000000000002,10:14:39,38.79,300,38.81,1000,38.8078,5100
5849,0.49,0.22,0.27,2.0300000000000002,10:15:02,38.76,200,38.77,500,38.7605,100
5868,0.68,0.22,0.46,18.02,10:15:18,38.76,100,38.77,100,38.7699,200
5946,0.25,0.07,0.18,45.63000000000001,10:15:45,38.8,200,38.81,500,38.8069,900
5960,0.24000000000000002,0.07,0.17,49.53000000000003,10:15:49,38.81,4100,38.82,400,38.8099,100
5967,0.24000000000000002,0.07,0.17,51.67000000000003,10:15:51,38.8,500,38.82,500,38.8087,3619
5995,0.28,0.07,0.21,0.0,10:16:00,38.79,400,38.81,400,38.805,100
6001,0.26,0.08,0.18,2.19,10:16:02,38.79,600,38.81,400,38.7961,1500
6018,0.26,0.08,0.18,13.68,10:16:13,38.79,600,38.8,400,38.7958,300
6037,0.26,0.07,0.19,24.219999999999995,10:16:24,38.77,500,38.78,300,38.7722,6000
6099,0.33,0.08,0.25,44.390000000000015,10:16:44,38.77,700,38.78,700,38.7797,300
6122,0.63,0.24,0.39,52.33000000000002,10:16:52,38.77,800,38.78,700,38.7766,500
6128,0.25,0.07,0.18,54.25000000000002,10:16:54,38.77,800,38.78,700,38.7753,100
6176,0.26,0.07,0.19,22.070000000000007,10:17:22,38.76,600,38.78,500,38.7677,2000
6248,0.33,0.08,0.25,48.10000000000004,10:17:48,38.78,100,38.79,600,38.789,186
6268,0.55,0.12,0.43,58.290000000000035,10:17:58,38.78,800,38.79,400,38.781,110
6318,52.14,51.78,0.36,0.0,10:19:00,38.73,300,38.74,400,38.7301,3000
6389,0.44999999999999996,0.24,0.21,26.359999999999996,10:19:26,38.73,1100,38.74,400,38.735,100
6394,0.42000000000000004,0.23,0.19,28.37,10:19:28,38.73,1100,38.74,600,38.7353,500
6488,0.36,0.12,0.24,29.660000000000004,10:20:29,38.79,1000,38.8,500,38.7911,100
6489,0.30000000000000004,0.07,0.23,29.960000000000004,10:20:29,38.79,900,38.8,600,38.7908,100
6622,2.64,2.23,0.41,10.22,10:22:10,38.77,600,38.78,200,38.779,250
6677,0.47000000000000003,0.08,0.39,42.190000000000026,10:22:42,38.77,300,38.78,400,38.777,700
6727,2.94,2.48,0.46,0.0,10:23:00,38.75,500,38.76,100,38.7567,400
6728,0.77,0.23,0.54,0.77,10:23:00,38.75,500,38.76,300,38.7534,500
6732,2.2,1.76,0.44,4.76,10:23:04,38.75,500,38.76,200,38.7558,500
6735,0.52,0.17,0.35,8.19,10:23:08,38.75,700,38.76,200,38.7599,2200
6762,0.31,0.07,0.24,23.659999999999997,10:23:23,38.76,400,38.77,300,38.7647,100
6844,0.28,0.07,0.21,0.0,10:24:00,38.77,1000,38.78,300,38.778,300
6900,0.49,0.18,0.31,34.059999999999995,10:24:34,38.78,400,38.79,500,38.788000000000004,2300
6972,4.779999999999999,4.47,0.31,10.54,10:25:10,38.78,500,38.79,400,38.7875,100
7017,0.48000000000000004,0.2,0.28,34.099999999999994,10:25:34,38.79,600,38.8,300,38.7953,200
7039,0.41000000000000003,0.14,0.27,44.01999999999999,10:25:44,38.81,500,38.82,1000,38.8167,1000
7179,0.4,0.15,0.25,53.879999999999995,10:26:53,38.8,600,38.81,400,38.801,168
7199,0.24000000000000002,0.07,0.17,4.91,10:27:04,38.81,3600,38.82,600,38.8147,250
7278,0.42,0.21,0.21,5.66,10:28:05,38.82,800,38.83,500,38.8235,980
7522,0.26,0.07,0.19,43.840000000000025,10:29:43,38.81,1200,38.82,1200,38.8168,500
7549,0.4,0.22,0.18,51.92000000000003,10:29:51,38.81,1300,38.82,1200,38.8158,130
7554,0.26,0.08,0.18,53.79000000000003,10:29:53,38.81,1300,38.82,1000,38.8124,200
7649,0.37,0.14,0.23,37.459999999999994,10:30:37,38.8,1500,38.81,600,38.806999999999995,497
7722,3.88,3.58,0.3,6.71,10:31:06,38.75,500,38.76,1200,38.751,2300
7782,0.4,0.18,0.22,34.03,10:31:34,38.76,700,38.77,200,38.7642,150
7801,0.33,0.13,0.2,40.100000000000016,10:31:40,38.76,100,38.77,500,38.7608,100
7804,0.4,0.23,0.17,0.0,10:33:00,38.78,700,38.79,500,38.7836,1000
7811,0.41000000000000003,0.24,0.17,4.830000000000001,10:33:04,38.77,800,38.78,300,38.7744,1000
7832,0.29000000000000004,0.12,0.17,11.580000000000005,10:33:11,38.77,400,38.78,900,38.7775,100
7952,0.41000000000000003,0.21,0.2,4.0,10:34:04,38.78,600,38.79,200,38.7834,394
7969,0.38,0.14,0.24,15.870000000000001,10:34:15,38.78,300,38.79,500,38.787,500
7973,0.3,0.08,0.22,17.96,10:34:17,38.78,300,38.79,600,38.7849,100
8114,0.47000000000000003,0.08,0.39,31.669999999999998,10:35:31,38.77,700,38.78,900,38.7792,100
8183,0.5900000000000001,0.14,0.45,30.37,10:36:30,38.78,600,38.79,700,38.7853,165
8256,0.6000000000000001,0.28,0.32,19.74000000000001,10:37:19,38.75,800,38.76,700,38.7592,100
8391,0.43,0.07,0.36,45.41,10:38:45,38.76,8800,38.77,400,38.7601,300
8429,0.61,0.17,0.44,16.810000000000002,10:39:16,38.76,9000,38.77,600,38.7668,2000
8444,0.94,0.24,0.7,28.55,10:39:28,38.76,9000,38.77,600,38.7685,100
8498,1.2,0.5,0.7,14.949999999999996,10:40:14,38.77,2100,38.78,400,38.7728,200
8520,0.6000000000000001,0.14,0.46,32.15,10:40:32,38.8,500,38.81,600,38.8054,100
8558,0.5800000000000001,0.2,0.38,55.88000000000003,10:40:55,38.8,600,38.81,1200,38.8008,100
8577,0.6000000000000001,0.14,0.46,0.0,10:41:00,38.8,1000,38.81,800,38.8053,500
8584,0.62,0.25,0.37,8.02,10:41:08,38.79,700,38.8,800,38.791,200
8614,0.5700000000000001,0.07,0.5,27.95,10:41:27,38.77,900,38.78,500,38.7794,506
8823,0.59,0.08,0.51,47.81000000000002,10:43:47,38.75,800,38.76,500,38.753,600
8838,0.5900000000000001,0.07,0.52,2.0,10:44:02,38.74,400,38.75,1200,38.7411,200
8852,2.2,1.66,0.54,12.559999999999999,10:44:12,38.73,500,38.74,600,38.739000000000004,500
8857,0.7899999999999999,0.09,0.7,16.139999999999997,10:44:16,38.73,500,38.74,600,38.7399,500
8919,0.44,0.07,0.37,53.76000000000002,10:44:53,38.71,3100,38.72,700,38.7192,100
8952,0.5900000000000001,0.2,0.39,21.38,10:45:21,38.73,1500,38.74,400,38.7343,207
8996,0.58,0.08,0.5,49.559999999999995,10:45:49,38.74,800,38.75,300,38.7487,500
9009,0.77,0.22,0.55,57.57000000000001,10:45:57,38.74,200,38.75,1400,38.7449,100
9108,0.62,0.19,0.43,5.39,10:47:05,38.74,400,38.75,500,38.7489,100
9188,0.59,0.08,0.51,0.0,10:48:00,38.73,600,38.74,300,38.7456,258
9204,2.38,1.77,0.61,17.58,10:48:17,38.73,500,38.74,400,38.731,3885
9308,0.44,0.08,0.36,20.070000000000004,10:49:20,38.72,100,38.73,500,38.7211,100
9332,0.7699999999999999,0.08,0.69,34.210000000000015,10:49:34,38.73,300,38.74,300,38.7371,200
9456,0.44,0.07,0.37,58.16,10:50:58,38.72,700,38.73,1000,38.7289,200
9471,2.39,1.81,0.58,12.23,10:51:12,38.7,7700,38.71,500,38.7092,100
9526,0.79,0.17,0.62,50.53000000000002,10:51:50,38.7,7300,38.71,300,38.7089,100
9529,0.6000000000000001,0.07,0.53,52.36000000000003,10:51:52,38.7,7400,38.71,500,38.702,180
9559,0.76,0.07,0.69,19.550000000000004,10:52:19,38.69,500,38.7,800,38.6999,100
9564,0.6100000000000001,0.27,0.34,22.600000000000005,10:52:22,38.69,700,38.7,800,38.6908,100
9605,0.59,0.08,0.51,49.97000000000002,10:52:49,38.7,200,38.71,500,38.705,100
9645,2.21,1.62,0.59,0.0,10:53:00,38.7,200,38.71,400,38.7058,1000
9766,0.46,0.07,0.39,6.6899999999999995,10:56:06,38.69,400,38.7,2000,38.6901,145
9897,0.6,0.08,0.52,58.37000000000003,10:57:58,38.66,900,38.67,700,38.665,150
9926,3.18,2.58,0.6,21.769999999999996,10:58:21,38.63,400,38.64,600,38.6318,300
9937,0.5700000000000001,0.07,0.5,27.97,10:58:27,38.63,1100,38.64,400,38.6399,120
9972,0.6100000000000001,0.27,0.34,48.00000000000001,10:58:48,38.64,300,38.65,800,38.645,100
10005,0.97,0.4,0.57,6.369999999999999,10:59:06,38.63,900,38.64,700,38.625,1300
10012,0.58,0.29,0.29,11.61,10:59:11,38.63,400,38.64,600,38.6354,300
10018,2.77,2.34,0.43,17.59,10:59:17,38.63,400,38.64,400,38.635,100
10097,0.76,0.23,0.53,12.169999999999998,11:00:12,38.62,300,38.63,700,38.6275,200
10144,0.43,0.12,0.31,43.78000000000001,11:00:43,38.62,100,38.63,700,38.6299,400
10228,0.61,0.2,0.41,41.6,11:01:41,38.64,400,38.65,300,38.6445,200
10257,0.76,0.07,0.69,0.76,11:04:00,38.62,700,38.63,200,38.6224,718
10261,0.7699999999999999,0.08,0.69,4.329999999999999,11:04:04,38.62,500,38.63,600,38.6256,129
10270,0.63,0.17,0.46,10.15,11:04:10,38.61,600,38.62,500,38.615,150
10273,0.59,0.08,0.51,12.110000000000001,11:04:12,38.61,600,38.62,300,38.611,3750
10287,0.75,0.22,0.53,22.11,11:04:22,38.61,400,38.62,500,38.6193,100
10306,0.59,0.09,0.5,34.330000000000005,11:04:34,38.6,11000,38.61,500,38.6057,300
10323,0.6200000000000001,0.07,0.55,0.0,11:05:00,38.57,600,38.58,600,38.575,100
10326,0.81,0.26,0.55,2.17,11:05:02,38.57,600,38.58,500,38.5761,1300
10329,0.7999999999999999,0.08,0.72,4.39,11:05:04,38.56,600,38.57,800,38.56,400
10332,0.6200000000000001,0.28,0.34,6.59,11:05:06,38.56,700,38.57,800,38.5619,1200
10370,0.77,0.36,0.41,35.96000000000002,11:05:35,38.54,600,38.55,400,38.545,200
10422,0.59,0.18,0.41,7.8,11:06:07,38.53,200,38.54,500,38.535,100
10430,1.37,0.8,0.57,16.57,11:06:16,38.52,1300,38.53,400,38.5222,100
10434,0.58,0.09,0.49,20.18,11:06:20,38.52,1100,38.53,600,38.525,100
10437,0.5700000000000001,0.12,0.45,21.78,11:06:21,38.52,1100,38.53,1000,38.5235,200
10469,0.43,0.07,0.36,39.599999999999994,11:06:39,38.52,800,38.53,1100,38.5201,100
10510,0.44,0.13,0.31,0.0,11:07:00,38.54,600,38.55,600,38.5499,6000
10529,1.39,0.94,0.45,16.77,11:07:16,38.54,500,38.55,1200,38.5411,100
10601,0.5700000000000001,0.07,0.5,57.76,11:07:57,38.52,400,38.53,900,38.5242,100
10620,0.58,0.08,0.5,4.8,11:08:04,38.52,700,38.53,1600,38.5265,200
10638,0.8,0.07,0.73,17.47,11:08:17,38.51,4200,38.52,1600,38.5199,800
10651,0.5900000000000001,0.07,0.52,27.220000000000002,11:08:27,38.51,4000,38.52,2500,38.5162,100
10672,0.44,0.07,0.37,40.67,11:08:40,38.5,24200,38.51,3500,38.505,100
10682,0.6,0.09,0.51,47.08000000000001,11:08:47,38.49,4100,38.5,1600,38.4934,1000
10685,0.58,0.08,0.5,0.0,11:09:00,38.49,4100,38.5,2200,38.495,100
10696,0.56,0.07,0.49,5.99,11:09:05,38.49,4100,38.5,1300,38.49,100
10699,4.99,4.47,0.52,11.98,11:09:11,38.49,4200,38.5,1700,38.4908,2000
10713,0.5800000000000001,0.07,0.51,19.800000000000004,11:09:19,38.48,2600,38.49,1400,38.48,130
10717,0.59,0.17,0.42,21.830000000000002,11:09:21,38.48,2600,38.49,1400,38.485,100
10721,0.5900000000000001,0.19,0.4,24.020000000000003,11:09:24,38.48,2600,38.49,1400,38.481,460
10731,0.5800000000000001,0.07,0.51,30.000000000000007,11:09:30,38.48,1000,38.49,2100,38.4858,200
10738,0.5700000000000001,0.07,0.5,34.00000000000001,11:09:34,38.46,17100,38.47,700,38.46,100
10740,0.56,0.22,0.34,35.01000000000001,11:09:35,38.46,17100,38.47,700,38.465,100
10742,0.58,0.21,0.37,36.03000000000001,11:09:36,38.46,16400,38.47,1000,38.4609,100
10752,0.5599999999999999,0.21,0.35,41.81000000000001,11:09:41,38.46,16100,38.47,1000,38.4621,139
10758,0.61,0.18,0.43,45.180000000000014,11:09:45,38.46,16000,38.47,1000,38.4611,100
10759,0.43,0.14,0.29,45.610000000000014,11:09:45,38.46,16000,38.47,1000,38.47,113
10770,0.57,0.08,0.49,51.76000000000001,11:09:51,38.46,15600,38.47,1000,38.4699,100
10791,0.44,0.07,0.37,3.42,11:10:03,38.45,2800,38.46,1500,38.4511,100
10795,1.58,1.07,0.51,6.61,11:10:06,38.45,2700,38.46,1200,38.4512,1000
10797,0.5800000000000001,0.07,0.51,7.62,11:10:07,38.45,2000,38.46,1300,38.45,773
10800,0.61,0.17,0.44,14.03,11:10:14,38.45,2000,38.46,1200,38.4522,200
10802,0.44,0.07,0.37,16.23,11:10:16,38.45,2000,38.46,1400,38.4557,100
10805,0.5700000000000001,0.07,0.5,17.810000000000002,11:10:17,38.45,2100,38.46,1400,38.4593,200
10816,0.5700000000000001,0.07,0.5,23.830000000000005,11:10:23,38.45,2100,38.46,900,38.455,100
10818,0.56,0.07,0.49,24.820000000000004,11:10:24,38.45,2100,38.46,900,38.4501,300
10830,0.64,0.18,0.46,31.65,11:10:31,38.44,2100,38.45,1000,38.441,100
10834,0.6000000000000001,0.2,0.4,34.04,11:10:34,38.44,1600,38.45,1000,38.44,172
10846,0.59,0.24,0.35,42.030000000000015,11:10:42,38.44,1700,38.45,800,38.445,100
10904,0.6,0.22,0.38,21.820000000000004,11:11:21,38.45,2000,38.46,600,38.4521,147
10930,0.5900000000000001,0.19,0.4,36.04000000000002,11:11:36,38.45,1500,38.46,700,38.4599,1000
10943,0.62,0.12,0.5,44.05000000000002,11:11:44,38.45,1500,38.46,900,38.4567,1000
10953,0.59,0.08,0.51,50.24000000000003,11:11:50,38.45,1500,38.46,600,38.4554,170
10970,4.17,3.61,0.56,5.79,11:12:05,38.45,1500,38.46,700,38.451,100
11025,0.8300000000000001,0.18,0.65,48.43,11:12:48,38.47,600,38.48,800,38.475,397
11050,0.62,0.08,0.54,6.030000000000001,11:13:06,38.51,600,38.52,1700,38.515,100
11058,0.62,0.08,0.54,12.039999999999997,11:13:12,38.51,1300,38.52,1400,38.5134,500
11081,0.78,0.07,0.71,32.21000000000001,11:13:32,38.52,800,38.53,900,38.5261,210
11139,1.21,0.6,0.61,2.76,11:14:02,38.54,1000,38.55,1500,38.5442,1000
11158,0.44,0.08,0.36,14.379999999999999,11:14:14,38.53,1000,38.54,1100,38.5393,500
11179,0.5700000000000001,0.24,0.33,26.770000000000007,11:14:26,38.53,2300,38.54,1200,38.5333,3000
11189,0.6,0.24,0.36,32.59000000000002,11:14:32,38.53,2300,38.54,1100,38.5399,100
11312,0.6,0.17,0.43,52.40000000000001,11:17:52,38.48,400,38.49,500,38.4819,2500
11400,0.63,0.14,0.49,54.360000000000014,11:18:54,38.5,1100,38.51,800,38.5033,3657
11436,0.79,0.27,0.52,20.429999999999996,11:19:20,38.47,500,38.48,200,38.4798,100
11438,0.95,0.07,0.88,22.199999999999996,11:19:22,38.48,400,38.49,1200,38.4792,100
11469,0.44,0.08,0.36,41.459999999999994,11:19:41,38.48,100,38.49,500,38.4844,300
11542,0.6000000000000001,0.07,0.53,39.940000000000005,11:20:39,38.51,3400,38.52,1100,38.5124,1900
11554,0.61,0.08,0.53,47.95000000000001,11:20:47,38.51,4200,38.52,1000,38.5116,2340
11639,0.61,0.13,0.48,53.570000000000014,11:21:53,38.49,500,38.5,900,38.4999,200
11687,0.6599999999999999,0.25,0.41,23.869999999999997,11:22:23,38.49,500,38.5,1000,38.4964,1200
11704,0.44999999999999996,0.15,0.3,33.67,11:22:33,38.49,700,38.5,900,38.4944,200
11794,0.6100000000000001,0.07,0.54,41.740000000000016,11:23:41,38.48,600,38.49,400,38.4842,200
11822,0.5900000000000001,0.07,0.52,0.0,11:24:00,38.48,500,38.49,300,38.4892,200
11835,0.61,0.21,0.4,13.0,11:24:13,38.48,600,38.49,400,38.4801,3000
11846,0.6000000000000001,0.28,0.32,23.830000000000002,11:24:23,38.49,500,38.5,900,38.4966,150
11859,0.59,0.08,0.51,32.22000000000001,11:24:32,38.49,400,38.5,1000,38.4901,300
11860,0.6000000000000001,0.07,0.53,32.820000000000014,11:24:32,38.49,400,38.5,1000,38.491,1000
11886,0.44,0.07,0.37,48.04000000000003,11:24:48,38.48,400,38.49,600,38.4885,200
11893,0.76,0.14,0.62,52.41000000000003,11:24:52,38.47,3300,38.48,200,38.479,500
11896,0.7899999999999999,0.09,0.7,54.440000000000026,11:24:54,38.47,1300,38.48,500,38.4799,3000
11901,0.76,0.33,0.43,0.0,11:25:00,38.47,1800,38.48,600,38.471,200
11977,0.94,0.35,0.59,58.02999999999999,11:25:58,38.49,300,38.5,700,38.4968,1000
12000,0.76,0.21,0.55,18.56,11:26:18,38.49,2100,38.5,500,38.4998,124
12063,0.74,0.07,0.67,0.0,11:29:00,38.52,1000,38.53,1100,38.5293,200
12147,2.5700000000000003,1.76,0.81,6.44,11:30:06,38.52,500,38.53,1000,38.5246,200
12200,9.42,8.89,0.53,12.44,11:31:12,38.51,700,38.52,1000,38.5146,250
12214,0.64,0.21,0.43,24.639999999999997,11:31:24,38.53,1100,38.54,1200,38.5392,100
12337,0.61,0.22,0.39,41.839999999999996,11:32:41,38.53,800,38.54,1200,38.538000000000004,600
12359,0.6,0.18,0.42,54.04999999999999,11:32:54,38.52,1000,38.53,700,38.5266,492
12391,0.5900000000000001,0.07,0.52,11.450000000000001,11:33:11,38.52,700,38.53,900,38.521,200
12401,0.5900000000000001,0.13,0.46,17.46,11:33:17,38.51,200,38.52,1900,38.5159,500
12538,0.63,0.21,0.42,53.98000000000001,11:34:53,38.49,1500,38.5,300,38.4933,1000
12556,0.6000000000000001,0.07,0.53,6.199999999999999,11:35:06,38.5,500,38.51,2300,38.5007,1000
12575,0.59,0.18,0.41,5.1499999999999995,11:36:05,38.55,800,38.56,700,38.5592,100
12579,0.61,0.18,0.43,7.36,11:36:07,38.55,800,38.56,500,38.555,100
12590,0.58,0.08,0.5,13.33,11:36:13,38.56,500,38.57,1100,38.565,100
12662,0.57,0.21,0.36,35.56,11:37:35,38.56,2800,38.57,2700,38.5608,100
12673,0.44,0.07,0.37,41.77,11:37:41,38.56,300,38.57,2700,38.556999999999995,1300
12691,0.59,0.17,0.42,51.789999999999985,11:37:51,38.54,600,38.55,1200,38.5492,300
12791,0.75,0.24,0.51,0.0,11:41:00,38.55,500,38.56,800,38.5599,150
12799,3.9899999999999998,3.4,0.59,8.82,11:41:08,38.55,500,38.56,700,38.5575,100
12804,0.62,0.21,0.41,11.84,11:41:11,38.57,1000,38.58,500,38.573,1000
12825,0.75,0.07,0.68,28.17,11:41:28,38.57,300,38.58,500,38.5746,200
13010,0.36,0.17,0.19,51.9,11:42:51,38.6,1000,38.61,500,38.6039,225
13054,4.21,3.98,0.23,16.91,11:43:16,38.61,500,38.62,1000,38.6167,500
13108,0.45,0.07,0.38,40.30000000000002,11:43:40,38.61,600,38.62,500,38.6147,100
13163,0.39,0.21,0.18,6.870000000000001,11:45:06,38.68,1000,38.69,600,38.6862,200
13222,0.34,0.17,0.17,24.909999999999993,11:45:24,38.69,800,38.7,400,38.6892,100
13278,0.24000000000000002,0.07,0.17,0.0,11:46:00,38.69,500,38.7,1100,38.6993,500
13311,0.54,0.29,0.25,22.39,11:46:22,38.65,4500,38.66,100,38.655,100
13316,0.38,0.21,0.17,24.220000000000002,11:46:24,38.66,500,38.67,100,38.6611,100
13432,0.29000000000000004,0.09,0.2,0.0,11:47:00,38.66,200,38.67,500,38.6637,2000
13487,0.4,0.18,0.22,23.959999999999997,11:47:23,38.63,400,38.64,400,38.6375,100
13577,0.25,0.08,0.17,53.72,11:47:53,38.64,1300,38.65,1000,38.6407,1000
13634,0.33999999999999997,0.16,0.18,27.769999999999992,11:48:27,38.62,600,38.63,600,38.6264,100
13640,0.42000000000000004,0.2,0.22,29.839999999999993,11:48:29,38.61,500,38.62,600,38.6199,1000
13732,0.45,0.27,0.18,0.0,11:49:00,38.62,300,38.63,800,38.6192,100
13751,0.25,0.08,0.17,9.65,11:49:09,38.62,200,38.63,700,38.6244,166
13832,0.26,0.07,0.19,43.84000000000001,11:49:43,38.62,900,38.63,800,38.6254,100
13870,0.41000000000000003,0.18,0.23,56.18000000000001,11:49:56,38.62,900,38.63,800,38.6246,680
14181,0.55,0.23,0.32,57.89000000000003,11:51:57,38.64,400,38.65,800,38.6458,1000
14218,0.32,0.13,0.19,15.13,11:52:15,38.66,600,38.67,500,38.669000000000004,3750
14220,0.31,0.07,0.24,15.930000000000001,11:52:15,38.66,500,38.67,500,38.6675,100
14263,0.41000000000000003,0.22,0.19,32.320000000000014,11:52:32,38.67,600,38.68,600,38.6756,400
14375,0.4,0.2,0.2,0.65,11:53:00,38.67,400,38.68,700,38.673,1000
14383,1.7,1.51,0.19,8.5,11:53:08,38.66,500,38.67,1000,38.6642,2000
14384,0.32,0.12,0.2,8.82,11:53:08,38.66,600,38.67,1000,38.6667,1000
14441,0.35,0.18,0.17,26.600000000000005,11:53:26,38.66,700,38.67,600,38.6663,633
14470,0.25,0.07,0.18,36.800000000000004,11:53:36,38.66,700,38.67,600,38.6657,100
14493,0.55,0.21,0.34,45.15000000000002,11:53:45,38.66,700,38.67,300,38.6649,441
14526,0.25,0.07,0.18,14.639999999999997,11:54:14,38.66,1100,38.67,400,38.668,1000
14716,0.38,0.12,0.26,32.15000000000001,11:55:32,38.72,600,38.73,400,38.7259,500
14753,0.45,0.26,0.19,46.27000000000002,11:55:46,38.74,900,38.75,700,38.7493,470
14799,0.25,0.07,0.18,0.0,11:56:00,38.75,800,38.76,1100,38.7552,100
14807,0.27,0.07,0.2,6.3199999999999985,11:56:06,38.76,1100,38.77,700,38.7575,100
14815,0.33999999999999997,0.15,0.19,10.139999999999999,11:56:10,38.76,800,38.77,700,38.7693,1100
14844,0.25,0.07,0.18,21.950000000000003,11:56:21,38.78,900,38.79,5700,38.7811,1000
14990,0.25,0.07,0.18,19.71,11:57:19,38.8,400,38.81,1000,38.8192,100
15009,0.47000000000000003,0.27,0.2,26.08,11:57:26,38.79,200,38.8,800,38.7913,3750
15015,0.52,0.21,0.31,28.209999999999997,11:57:28,38.79,300,38.8,800,38.7975,200
15094,0.37,0.18,0.19,56.11000000000002,11:57:56,38.79,500,38.8,1300,38.7925,700
15107,0.41,0.12,0.29,0.0,11:58:00,38.79,600,38.8,1700,38.7988,600
15136,0.53,0.25,0.28,22.29,11:58:22,38.79,6600,38.8,1000,38.7944,590
15141,0.26,0.07,0.19,23.830000000000002,11:58:23,38.79,6600,38.8,900,38.7987,661
15285,0.41000000000000003,0.21,0.2,15.449999999999998,11:59:15,38.8,500,38.81,800,38.8051,100
15353,0.33,0.14,0.19,39.0,11:59:39,38.81,300,38.82,1300,38.8116,200
15365,0.29,0.08,0.21,43.21,11:59:43,38.81,300,38.82,1300,38.8148,100
15375,0.31,0.08,0.23,47.04,11:59:47,38.81,800,38.82,1300,38.8101,250
15448,0.47,0.22,0.25,22.039999999999992,12:00:22,38.83,1500,38.84,900,38.8342,1000
15522,0.39,0.23,0.16,45.84999999999999,12:00:45,38.85,400,38.86,400,38.8536,1000
15546,0.35,0.17,0.18,54.00000000000001,12:00:54,38.85,800,38.86,300,38.8583,200
15577,0.27,0.07,0.2,3.8699999999999997,12:01:03,38.85,800,38.86,500,38.8504,650
15728,0.4,0.23,0.17,6.050000000000001,12:02:06,38.82,500,38.83,300,38.821,100
15869,0.24000000000000002,0.07,0.17,0.0,12:03:00,38.83,300,38.84,1800,38.8467,100
15909,1.04,0.87,0.17,16.79,12:03:16,38.81,400,38.82,500,38.8161,218
15933,0.31,0.08,0.23,28.09,12:03:28,38.81,400,38.82,700,38.8125,1000
15950,0.27,0.08,0.19,34.00000000000001,12:03:34,38.8,900,38.81,800,38.8044,500
16080,0.4,0.19,0.21,27.55,12:04:27,38.77,3000,38.78,800,38.7742,275
16087,0.41000000000000003,0.15,0.26,30.010000000000005,12:04:30,38.77,3000,38.78,1000,38.7707,500
16194,1.01,0.74,0.27,0.0,12:05:00,38.76,300,38.77,600,38.7635,1000
16407,0.33,0.14,0.19,29.879999999999992,12:06:29,38.74,500,38.75,700,38.7442,2000
16433,0.26,0.07,0.19,37.94999999999998,12:06:37,38.74,500,38.75,900,38.7446,150
16514,4.23,3.96,0.27,8.64,12:07:08,38.74,300,38.75,600,38.7492,100
16526,0.23,0.07,0.16,14.880000000000003,12:07:14,38.74,1600,38.75,500,38.7443,750
16615,0.28,0.07,0.21,44.760000000000026,12:07:44,38.75,500,38.76,700,38.7568,300
16703,0.4,0.21,0.19,20.049999999999997,12:08:20,38.73,1100,38.74,1100,38.7393,300
16731,0.26,0.07,0.19,29.889999999999997,12:08:29,38.73,1000,38.74,1100,38.7321,6000
16742,0.39,0.17,0.22,33.92000000000001,12:08:33,38.72,500,38.73,400,38.7293,1890
16797,0.36,0.18,0.18,0.0,12:09:00,38.72,900,38.73,500,38.7258,1000
17054,0.24000000000000002,0.07,0.17,39.839999999999996,12:10:39,38.74,100,38.75,2100,38.741,100
17129,0.41000000000000003,0.24,0.17,2.14,12:11:02,38.75,800,38.76,600,38.7597,100
17149,0.30000000000000004,0.07,0.23,12.080000000000002,12:11:12,38.74,1200,38.75,600,38.7479,7000
17185,0.35,0.17,0.18,26.150000000000002,12:11:26,38.74,700,38.75,800,38.7459,300
17252,0.4,0.23,0.17,46.22000000000001,12:11:46,38.74,900,38.75,800,38.7401,300
17392,0.37,0.18,0.19,41.9,12:12:41,38.71,500,38.72,500,38.7121,6000
17427,0.27,0.07,0.2,53.89,12:12:53,38.69,800,38.7,400,38.691,300
17532,0.35,0.18,0.17,39.85000000000001,12:13:39,38.68,700,38.69,600,38.681,500
17539,0.23,0.07,0.16,41.89000000000001,12:13:41,38.68,700,38.69,1000,38.6834,500
17590,0.27,0.07,0.2,57.94000000000001,12:13:57,38.68,10400,38.69,800,38.6813,116
17658,0.26,0.07,0.19,25.960000000000004,12:14:25,38.69,500,38.7,1300,38.696999999999996,1000
17670,0.27,0.08,0.19,29.730000000000004,12:14:29,38.69,200,38.7,1500,38.6985,250
17717,0.42000000000000004,0.23,0.19,48.24000000000003,12:14:48,38.69,2400,38.7,1100,38.6995,200
17757,0.42000000000000004,0.1,0.32,3.6399999999999997,12:15:03,38.69,600,38.7,800,38.6925,100
17787,0.30000000000000004,0.07,0.23,23.750000000000004,12:15:23,38.69,400,38.7,900,38.6942,155
17920,0.55,0.23,0.32,6.140000000000001,12:16:06,38.69,5300,38.7,600,38.6966,1500
17947,0.38,0.18,0.2,20.040000000000003,12:16:20,38.67,400,38.68,700,38.6713,3000
17952,0.3,0.08,0.22,21.900000000000006,12:16:21,38.67,1000,38.68,200,38.671,900
17957,0.58,0.23,0.35,23.970000000000006,12:16:23,38.67,1000,38.68,200,38.6725,100
18009,0.25,0.08,0.17,41.860000000000014,12:16:41,38.67,4200,38.68,500,38.6746,300
18112,0.52,0.21,0.31,28.369999999999994,12:17:28,38.64,600,38.65,1600,38.6495,500
18124,0.23,0.07,0.16,32.08999999999999,12:17:32,38.64,8800,38.65,1800,38.6469,200
18318,0.33999999999999997,0.18,0.16,34.559999999999995,12:18:34,38.63,1100,38.64,400,38.6392,100
18500,0.26,0.09,0.17,39.9,12:19:39,38.62,8800,38.63,1800,38.626999999999995,155
18537,0.33999999999999997,0.18,0.16,52.210000000000015,12:19:52,38.62,9000,38.63,1700,38.6211,100
18598,0.31,0.08,0.23,23.95,12:20:23,38.62,600,38.63,2000,38.6261,300
18702,0.43000000000000005,0.26,0.17,0.0,12:21:00,38.6,6000,38.61,2100,38.6008,100
18716,2.56,2.35,0.21,7.09,12:21:07,38.6,6300,38.61,2100,38.605,100
18990,0.28,0.08,0.2,48.02000000000001,12:22:48,38.56,2500,38.57,7300,38.5607,400
19089,0.33,0.13,0.2,21.64,12:23:21,38.56,700,38.57,500,38.5689,100
19095,0.37,0.14,0.23,23.790000000000003,12:23:23,38.56,700,38.57,500,38.5692,100
19104,0.32,0.09,0.23,26.88000000000001,12:23:26,38.56,700,38.57,500,38.5698,100
19122,0.3,0.09,0.21,33.51,12:23:33,38.56,500,38.57,600,38.5699,200
19128,0.29,0.08,0.21,35.71,12:23:35,38.56,700,38.57,600,38.5657,400
19139,0.47,0.26,0.21,39.99000000000001,12:23:39,38.56,700,38.57,500,38.5658,1000
19177,3.42,3.16,0.26,11.870000000000001,12:24:11,38.56,2100,38.57,300,38.5654,500
19202,0.29000000000000004,0.09,0.2,21.940000000000005,12:24:21,38.56,300,38.57,400,38.567,500
19264,0.69,0.25,0.44,46.13999999999997,12:24:46,38.56,700,38.57,900,38.5659,800
19389,0.37,0.17,0.2,41.86999999999999,12:25:41,38.62,600,38.63,100,38.6283,500
19442,0.28,0.09,0.19,8.13,12:26:08,38.66,700,38.67,1200,38.6601,1100
19450,1.56,1.23,0.33,14.93,12:26:14,38.66,900,38.67,1200,38.6668,680
19451,0.27,0.07,0.2,15.2,12:26:15,38.66,900,38.67,1200,38.6632,1000
19464,0.45999999999999996,0.21,0.25,22.03,12:26:22,38.64,6200,38.65,1100,38.6485,500
19486,0.28,0.07,0.21,29.830000000000002,12:26:29,38.66,500,38.67,600,38.6634,150
19492,0.42000000000000004,0.23,0.19,32.07,12:26:32,38.66,500,38.67,600,38.6658,3000
19495,0.39,0.2,0.19,33.150000000000006,12:26:33,38.66,500,38.67,300,38.6677,100
19734,0.23,0.07,0.16,0.0,12:28:00,38.66,900,38.67,800,38.6647,100
19764,1.7,1.5,0.2,17.480000000000004,12:28:17,38.65,1200,38.66,1400,38.6544,280
20005,0.26,0.07,0.19,47.74999999999999,12:29:47,38.65,700,38.66,500,38.6564,1000
20075,0.39,0.21,0.18,6.1,12:30:06,38.64,500,38.65,900,38.6499,200
20165,0.41000000000000003,0.2,0.21,41.12000000000001,12:30:41,38.64,1100,38.65,400,38.6453,100
20285,0.24000000000000002,0.07,0.17,39.75,12:31:39,38.71,900,38.72,100,38.7154,1000
20305,0.23,0.07,0.16,45.929999999999986,12:31:45,38.72,1200,38.73,200,38.7277,3000
20380,0.45999999999999996,0.24,0.22,20.179999999999996,12:32:20,38.72,500,38.73,800,38.7215,500
20396,0.24000000000000002,0.07,0.17,25.910000000000007,12:32:25,38.72,600,38.73,600,38.7205,1000
20409,0.3,0.08,0.22,29.960000000000015,12:32:29,38.71,600,38.72,600,38.7166,200
20478,0.5800000000000001,0.27,0.31,0.0,12:33:00,38.71,600,38.72,500,38.711,1000
20604,0.28,0.08,0.2,49.839999999999996,12:33:49,38.7,3100,38.71,500,38.7068,500
20807,0.36,0.18,0.18,2.01,12:35:02,38.74,800,38.75,900,38.7485,120
21003,0.26,0.07,0.19,17.11,12:36:17,38.76,800,38.77,500,38.760999999999996,1000
21023,0.32,0.15,0.17,23.269999999999992,12:36:23,38.76,600,38.77,500,38.769,2400
21230,0.42000000000000004,0.2,0.22,44.18000000000001,12:37:44,38.75,500,38.76,400,38.7532,1500
21280,0.41000000000000003,0.2,0.21,0.0,12:38:00,38.75,600,38.76,300,38.7537,800
21325,0.6100000000000001,0.27,0.34,21.97,12:38:21,38.75,600,38.76,400,38.7553,500
21351,2.54,2.31,0.23,32.849999999999994,12:38:32,38.76,800,38.77,700,38.7654,300
21620,0.38,0.18,0.2,54.050000000000004,12:40:54,38.74,1600,38.75,700,38.7415,1800
21787,0.81,0.64,0.17,0.81,12:44:00,38.72,1200,38.73,600,38.7256,100
21856,0.31,0.13,0.18,22.80000000000001,12:44:22,38.71,1600,38.72,900,38.7199,100
22032,0.7,0.38,0.32,9.87,12:46:09,38.72,700,38.73,700,38.7296,600
22116,0.29,0.08,0.21,43.93,12:46:43,38.72,100,38.73,600,38.7266,500
22408,0.25,0.08,0.17,16.87,12:48:16,38.76,1100,38.77,3200,38.763000000000005,1500
22825,0.23,0.07,0.16,24.040000000000006,12:51:24,38.78,400,38.79,1600,38.7866,600
23071,0.37,0.13,0.24,39.88999999999998,12:52:39,38.8,600,38.81,1100,38.8037,1135
23191,0.35,0.17,0.18,36.010000000000005,12:53:36,38.78,700,38.79,700,38.7885,1000
23347,0.28,0.07,0.21,43.86000000000002,12:54:43,38.77,200,38.78,600,38.7772,200
23402,3.42,3.1,0.32,6.76,12:55:06,38.77,600,38.78,600,38.7746,300
23465,0.24000000000000002,0.07,0.17,36.76000000000001,12:55:36,38.77,500,38.78,500,38.7785,500
23583,0.24,0.08,0.16,9.930000000000001,12:56:09,38.77,2600,38.78,700,38.7715,500
23772,0.48,0.31,0.17,34.25,12:57:34,38.84,500,38.85,800,38.842,499
23836,0.23,0.07,0.16,54.01999999999998,12:57:54,38.85,300,38.86,2000,38.8599,100
23843,0.36,0.2,0.16,56.059999999999974,12:57:56,38.85,200,38.86,2500,38.8513,3000
24240,0.26,0.08,0.18,43.14000000000001,13:01:43,38.84,1000,38.85,800,38.8446,150
24386,0.36,0.2,0.16,26.800000000000015,13:02:26,38.84,800,38.85,300,38.8458,2000
24986,0.25,0.07,0.18,28.07000000000001,13:09:28,38.75,400,38.76,800,38.7556,1900
25017,0.25,0.07,0.18,37.87000000000001,13:09:37,38.75,800,38.76,700,38.7585,600
25093,2.8200000000000003,2.54,0.28,14.34,13:10:14,38.73,500,38.74,800,38.7313,6000
25728,0.5700000000000001,0.07,0.5,0.0,13:16:00,38.77,8000,38.78,800,38.7748,100
25837,0.43,0.11,0.32,27.799999999999997,13:17:27,38.74,2100,38.75,1000,38.7407,100
26028,0.61,0.23,0.38,20.939999999999998,13:19:20,38.75,600,38.76,900,38.7501,200
26076,0.5599999999999999,0.08,0.48,0.5599999999999999,13:20:00,38.76,200,38.77,800,38.7652,100
26324,0.6499999999999999,0.18,0.47,42.30000000000002,13:22:42,38.8,1100,38.81,900,38.8093,100
26398,0.81,0.18,0.63,36.610000000000014,13:23:36,38.79,900,38.8,400,38.7954,100
26468,0.5800000000000001,0.07,0.51,30.020000000000003,13:24:30,38.79,1200,38.8,1100,38.793,1200
26491,1.2100000000000002,0.09,1.12,47.18000000000001,13:24:47,38.77,500,38.78,1400,38.7725,1200
26593,1.01,0.18,0.83,32.21,13:26:32,38.82,500,38.83,1200,38.828,200
26637,1.3800000000000001,0.07,1.31,44.21,13:27:44,38.82,700,38.83,2100,38.8246,250
26655,1.21,0.18,1.03,12.400000000000002,13:28:12,38.83,700,38.84,1000,38.839,100
26657,1.3599999999999999,0.38,0.98,15.360000000000001,13:28:15,38.83,1000,38.84,1000,38.8357,325
26693,1.38,0.23,1.15,57.830000000000034,13:28:57,38.8,900,38.81,900,38.8067,300
26702,3.01,1.71,1.3,3.01,13:29:03,38.8,900,38.81,900,38.8012,4000
26740,1.03,0.09,0.94,4.83,13:30:04,38.79,700,38.8,500,38.7956,250
26842,1.22,0.09,1.13,19.58,13:32:19,38.77,1500,38.78,800,38.7713,7000
26880,1.1900000000000002,0.07,1.12,3.6000000000000005,13:33:03,38.76,900,38.77,600,38.7675,100
26930,1.39,0.22,1.17,25.39,13:34:25,38.74,2400,38.75,700,38.7466,1777
27019,1.0,0.09,0.91,18.99,13:36:18,38.75,1100,38.76,800,38.7514,100
27115,1.1900000000000002,0.07,1.12,14.82,13:38:14,38.73,1000,38.74,700,38.7366,1200
27134,1.19,0.3,0.89,39.199999999999996,13:38:39,38.73,500,38.74,600,38.7311,100
27237,1.39,0.22,1.17,29.380000000000003,13:41:29,38.76,400,38.77,800,38.7666,1000
27252,1.04,0.13,0.91,46.620000000000005,13:41:46,38.77,1400,38.78,500,38.7738,100
27436,1.2,0.07,1.13,42.82,13:45:42,38.77,1700,38.78,600,38.771,100
27463,1.65,0.18,1.47,13.070000000000002,13:46:13,38.76,500,38.77,1400,38.7622,5900
27491,1.1900000000000002,0.07,1.12,49.82,13:46:49,38.77,1000,38.78,500,38.7734,2000
27679,1.02,0.24,0.78,12.02,13:50:12,38.74,800,38.75,1100,38.7495,500
27710,1.3900000000000001,0.08,1.31,0.0,13:51:00,38.72,500,38.73,800,38.7268,347
27862,0.97,0.23,0.74,53.20000000000001,13:53:53,38.71,500,38.72,800,38.7175,100
27883,3.41,2.69,0.72,16.020000000000003,13:54:16,38.72,1000,38.73,500,38.7242,150
27931,1.2,0.33,0.87,7.42,13:55:07,38.72,1000,38.73,700,38.721,100
27948,1.2,0.18,1.02,29.819999999999993,13:55:29,38.71,9100,38.72,400,38.7101,966
27971,1.3900000000000001,0.09,1.3,2.58,13:56:02,38.71,7100,38.72,1100,38.7152,100
27999,0.98,0.08,0.9,33.769999999999996,13:56:33,38.69,700,38.7,1600,38.6935,1000
28075,0.81,0.07,0.74,55.56,13:57:55,38.69,500,38.7,400,38.6975,100
28091,3.21,2.0,1.21,18.0,13:58:18,38.73,400,38.74,200,38.7367,2000
28112,1.39,0.22,1.17,44.16000000000002,13:58:44,38.73,300,38.74,700,38.7335,100
28196,1.21,0.08,1.13,16.19,14:00:16,38.73,300,38.74,300,38.736999999999995,5200
28254,1.02,0.18,0.84,35.99000000000001,14:01:35,38.71,1400,38.72,300,38.7148,100
28287,2.81,1.79,1.02,10.820000000000002,14:02:10,38.71,2100,38.72,800,38.7122,7000
28304,0.8200000000000001,0.07,0.75,27.219999999999995,14:02:27,38.71,2200,38.72,800,38.7134,200
28310,1.0,0.18,0.82,32.989999999999995,14:02:32,38.71,2200,38.72,600,38.717,1600
28346,1.2,0.17,1.03,19.0,14:03:19,38.65,3400,38.66,500,38.650999999999996,350
28374,1.18,0.23,0.95,0.0,14:04:00,38.66,1300,38.67,700,38.6622,1000
28458,1.2,0.15,1.05,46.160000000000004,14:05:46,38.67,600,38.68,500,38.6799,100
28501,1.42,0.14,1.28,39.23,14:06:39,38.67,500,38.68,500,38.6715,100
28515,0.8200000000000001,0.07,0.75,56.01000000000001,14:06:56,38.67,1000,38.68,500,38.6737,500
28527,1.4300000000000002,0.07,1.36,3.0300000000000002,14:07:03,38.67,1100,38.68,500,38.6701,500
28577,1.5899999999999999,0.57,1.02,17.59,14:08:17,38.67,800,38.68,1000,38.6734,200
28579,1.02,0.18,0.84,19.82,14:08:19,38.67,800,38.68,1100,38.6786,260
28603,0.81,0.07,0.74,45.39,14:08:45,38.67,3600,38.68,900,38.6772,1000
28688,1.2000000000000002,0.08,1.12,20.009999999999998,14:10:20,38.66,700,38.67,2700,38.6643,150
28737,0.81,0.07,0.74,21.220000000000002,14:11:21,38.66,600,38.67,2700,38.6665,1000
28781,3.19,2.38,0.81,8.629999999999999,14:12:08,38.66,700,38.67,2500,38.6646,165
28819,0.81,0.07,0.74,46.21999999999999,14:12:46,38.66,1200,38.67,2500,38.6661,400
28859,0.8200000000000001,0.07,0.75,30.209999999999997,14:13:30,38.67,700,38.68,800,38.6754,101
28901,3.58,2.89,0.69,18.39,14:14:18,38.67,700,38.68,900,38.6765,200
29056,2.6,1.77,0.83,16.200000000000003,14:17:16,38.66,700,38.67,1100,38.6656,100
29095,1.01,0.07,0.94,53.0,14:17:53,38.67,900,38.68,1700,38.676,200
29164,1.7999999999999998,0.96,0.84,1.7999999999999998,14:19:01,38.7,600,38.71,1100,38.7043,575
29221,1.0,0.21,0.79,5.390000000000001,14:20:05,38.69,600,38.7,900,38.6919,4350
29335,0.6,0.08,0.52,31.83000000000001,14:21:31,38.67,900,38.68,1200,38.678000000000004,679
29375,0.6499999999999999,0.24,0.41,0.6499999999999999,14:22:00,38.68,700,38.69,600,38.6899,400
29406,0.43,0.12,0.31,23.490000000000002,14:22:23,38.65,900,38.66,600,38.6568,500
29438,0.43,0.08,0.35,40.700000000000024,14:22:40,38.63,800,38.64,400,38.6339,200
29456,0.62,0.2,0.42,50.06000000000003,14:22:50,38.63,700,38.64,800,38.6344,100
29527,0.61,0.18,0.43,16.02,14:23:16,38.64,600,38.65,700,38.6455,250
29572,0.62,0.21,0.41,40.08,14:23:40,38.64,600,38.65,600,38.6466,250
29787,0.65,0.15,0.5,33.75,14:26:33,38.61,1600,38.62,600,38.6166,500
30034,0.6,0.08,0.52,22.42,14:29:22,38.63,400,38.64,900,38.633,100
30059,0.6399999999999999,0.07,0.57,38.25000000000001,14:29:38,38.63,800,38.64,600,38.6393,1700
30170,0.74,0.27,0.47,35.19,14:30:35,38.63,3000,38.64,1400,38.6385,258
30228,0.44,0.13,0.31,27.419999999999998,14:31:27,38.62,11000,38.63,13700,38.6201,2450
30381,4.37,3.58,0.79,15.600000000000001,14:33:15,38.62,700,38.63,600,38.6236,600
30449,0.77,0.18,0.59,16.970000000000002,14:34:16,38.61,700,38.62,500,38.6158,300
30477,0.8,0.18,0.62,36.72000000000001,14:34:36,38.61,600,38.62,500,38.6141,600
30504,0.64,0.21,0.43,13.790000000000001,14:36:13,38.62,900,38.63,1100,38.6245,663
30510,0.59,0.08,0.51,17.37,14:36:17,38.61,1700,38.62,1400,38.6146,200
30556,1.03,0.58,0.45,10.429999999999998,14:37:10,38.61,1500,38.62,2200,38.6101,200
30594,0.79,0.18,0.61,38.569999999999986,14:37:38,38.6,12200,38.61,2200,38.6098,1700
30617,0.8500000000000001,0.2,0.65,6.09,14:38:06,38.6,12000,38.61,2300,38.603,998
30675,0.76,0.3,0.46,51.21000000000003,14:38:51,38.59,1300,38.6,500,38.595,100
30691,0.61,0.13,0.48,1.6099999999999999,14:39:01,38.6,1200,38.61,600,38.6001,200
30710,0.64,0.14,0.5,17.64,14:39:17,38.6,1700,38.61,1000,38.6046,300
30713,1.4,0.95,0.45,20.39,14:39:20,38.6,1700,38.61,900,38.6099,5000
30729,0.6000000000000001,0.2,0.4,29.779999999999998,14:39:29,38.62,1100,38.63,600,38.629,4450
31346,0.6200000000000001,0.07,0.55,0.0,14:47:00,38.61,900,38.62,700,38.6155,290
31386,0.5700000000000001,0.13,0.44,37.32999999999999,14:47:37,38.62,900,38.63,800,38.6263,800
31393,0.5700000000000001,0.07,0.5,41.12999999999999,14:47:41,38.62,900,38.63,800,38.6277,6000
31397,0.43,0.07,0.36,43.16999999999999,14:47:43,38.62,1200,38.63,800,38.6279,2800
31482,0.43,0.07,0.36,36.480000000000004,14:48:36,38.62,1400,38.63,1100,38.6226,400
31485,0.6,0.17,0.43,38.230000000000004,14:48:38,38.62,1400,38.63,1100,38.6288,2000
31601,0.44,0.07,0.37,55.84,14:49:55,38.61,200,38.62,1300,38.6149,124
31612,0.5900000000000001,0.14,0.45,3.62,14:50:03,38.6,1100,38.61,800,38.6128,100
31673,0.5900000000000001,0.13,0.46,58.95000000000001,14:50:58,38.59,900,38.6,900,38.5957,200
31680,0.74,0.14,0.6,0.0,14:51:00,38.59,1000,38.6,900,38.5915,1600
31754,0.5800000000000001,0.07,0.51,0.0,14:52:00,38.61,1100,38.62,700,38.6137,1900
31770,0.98,0.53,0.45,13.39,14:52:13,38.63,900,38.64,400,38.6334,400
31794,0.43,0.07,0.36,29.860000000000007,14:52:29,38.64,1000,38.65,700,38.6448,282
31848,0.6000000000000001,0.07,0.53,0.0,14:53:00,38.63,600,38.64,600,38.6366,1000
31857,0.6100000000000001,0.07,0.54,7.59,14:53:07,38.63,500,38.64,900,38.631,1200
31914,0.74,0.2,0.54,47.94000000000002,14:53:47,38.63,3000,38.64,900,38.6355,100
31923,0.6100000000000001,0.07,0.54,53.57000000000003,14:53:53,38.63,3000,38.64,900,38.6396,400
32030,3.21,2.57,0.64,14.399999999999999,14:55:14,38.68,700,38.69,800,38.6843,300
32070,0.59,0.08,0.51,9.17,14:56:09,38.72,1700,38.73,600,38.7232,2000
32145,0.5800000000000001,0.27,0.31,28.629999999999995,14:57:28,38.72,300,38.73,1900,38.7285,400
32384,0.6100000000000001,0.27,0.34,3.84,15:00:03,38.72,600,38.73,1100,38.7254,100
32401,0.5700000000000001,0.2,0.37,21.82,15:00:21,38.72,400,38.73,1100,38.7201,1250
32415,0.5800000000000001,0.14,0.44,29.799999999999997,15:00:29,38.72,200,38.73,1000,38.7246,500
32437,0.43,0.07,0.36,41.63999999999999,15:00:41,38.72,600,38.73,700,38.7299,548
32682,0.66,0.12,0.54,47.829999999999984,15:03:47,38.73,900,38.74,600,38.7356,100
32687,0.65,0.14,0.51,0.0,15:04:00,38.73,900,38.74,500,38.7384,495
32747,0.77,0.14,0.63,44.00000000000001,15:04:44,38.74,1200,38.75,900,38.7434,200
32780,0.61,0.08,0.53,7.84,15:05:07,38.72,600,38.73,800,38.7208,100
32834,0.75,0.14,0.61,47.99000000000001,15:05:47,38.73,1800,38.74,600,38.7308,100
33100,0.63,0.2,0.43,21.779999999999998,15:09:21,38.72,1100,38.73,700,38.7237,600
33120,0.45,0.07,0.38,33.620000000000005,15:09:33,38.72,1200,38.73,700,38.7224,500
33140,0.63,0.17,0.46,45.410000000000025,15:09:45,38.72,3100,38.73,700,38.7257,200
33174,0.6399999999999999,0.07,0.57,10.22,15:10:10,38.74,100,38.75,2400,38.7481,478
33396,0.5800000000000001,0.07,0.51,50.000000000000014,15:12:50,38.75,3300,38.76,1800,38.7593,300
33545,0.44,0.08,0.36,25.6,15:14:25,38.78,1000,38.79,2000,38.7804,120
33974,0.6200000000000001,0.28,0.34,16.45,15:19:16,38.76,3300,38.77,1200,38.7634,2000
34324,0.6,0.08,0.52,33.65,15:23:33,38.72,600,38.73,2100,38.7207,100
34342,0.5800000000000001,0.07,0.51,45.82000000000001,15:23:45,38.72,1300,38.73,1900,38.7283,159
34546,0.43999999999999995,0.09,0.35,10.42,15:26:10,38.73,1300,38.74,1100,38.7307,120
34593,0.59,0.08,0.51,42.39,15:26:42,38.73,900,38.74,2200,38.736,117
34643,2.37,1.82,0.55,17.76,15:27:17,38.73,3200,38.74,2300,38.7346,275
34817,0.79,0.18,0.61,16.2,15:29:16,38.72,1200,38.73,700,38.7231,1200
34829,0.61,0.12,0.49,24.810000000000006,15:29:24,38.72,1600,38.73,1000,38.7255,150
34943,0.6100000000000001,0.27,0.34,5.800000000000001,15:31:05,38.73,1300,38.74,1000,38.7358,1000
35288,0.75,0.08,0.67,2.0,15:35:02,38.72,1200,38.73,1000,38.7226,1500
35546,0.61,0.13,0.48,56.07000000000001,15:37:56,38.71,4400,38.72,1700,38.7173,1650
35562,0.78,0.17,0.61,9.379999999999999,15:38:09,38.68,900,38.69,3000,38.6837,800
35639,0.44,0.12,0.32,0.0,15:39:00,38.69,1100,38.7,2100,38.6924,420
35650,2.39,1.95,0.44,12.17,15:39:12,38.68,1000,38.69,900,38.687,500
35654,3.38,2.83,0.55,18.580000000000002,15:39:18,38.68,1200,38.69,900,38.6884,200
35879,0.6300000000000001,0.07,0.56,48.62000000000001,15:41:48,38.69,1200,38.7,1500,38.6907,1107
36022,0.5800000000000001,0.07,0.51,38.17000000000001,15:43:38,38.68,2900,38.69,800,38.6854,500
36328,0.79,0.17,0.62,2.21,15:47:02,38.67,1500,38.68,600,38.6766,500
36351,0.44,0.08,0.36,21.44,15:47:21,38.67,1500,38.68,1100,38.6757,300
36398,0.45,0.08,0.37,49.69000000000005,15:47:49,38.67,1800,38.68,1400,38.6708,100
36581,0.61,0.24,0.37,57.980000000000004,15:49:57,38.67,1300,38.68,2000,38.6742,1000
36764,0.7999999999999999,0.09,0.71,30.02,15:52:30,38.69,2400,38.7,2600,38.6922,1000
36819,0.76,0.08,0.68,10.01,15:53:10,38.69,3200,38.7,4400,38.6948,400
37122,0.44,0.14,0.3,51.86000000000002,15:56:51,38.65,2400,38.66,1000,38.6597,100
37182,0.77,0.07,0.7,6.390000000000001,15:59:06,38.68,1800,38.69,10800,38.6844,500
