,Total Delay,Request Delay,Saving Delay,Arrival Time,Time,Bid,Bid Size,Ask,Ask Size,Last Price,Last Size
0,0.6499999999999999,0.3,0.35,0.6499999999999999,09:30:00,78.51,600,78.56,100,78.535,380
20,0.4,0.18,0.22,7.88,09:30:07,78.56,100,78.6,700,78.56,100
32,0.43,0.21,0.22,12.59,09:30:12,78.53,300,78.6,900,78.54,100
56,0.30000000000000004,0.07,0.23,0.0,09:31:00,78.53,300,78.56,100,78.5645,178
59,0.33,0.1,0.23,1.1900000000000002,09:31:01,78.53,200,78.56,100,78.545,100
75,0.89,0.62,0.27,11.639999999999999,09:31:11,78.53,100,78.55,300,78.55,107
80,1.4100000000000001,1.07,0.34,16.65,09:31:16,78.53,200,78.57,100,78.5301,100
99,0.27,0.07,0.2,23.06,09:31:23,78.53,200,78.57,400,78.5699,400
110,0.5,0.28,0.22,27.250000000000004,09:31:27,78.53,200,78.57,400,78.564,101
138,0.38,0.07,0.31,37.160000000000004,09:31:37,78.53,200,78.57,500,78.5675,130
202,2.2199999999999998,2.03,0.19,9.8,09:32:09,78.47,100,78.54,100,78.5,100
209,1.96,1.75,0.21,13.600000000000001,09:32:13,78.44,200,78.52,100,78.48,200
309,0.25,0.07,0.18,45.34000000000002,09:32:45,78.44,300,78.5,100,78.47,100
352,0.35,0.18,0.17,9.8,09:33:09,78.44,600,78.47,200,78.455,100
356,2.15,1.91,0.24,14.98,09:33:14,78.42,500,78.45,100,78.44,300
359,0.35,0.18,0.17,15.84,09:33:15,78.32,100,78.36,100,78.36,100
362,2.69,2.48,0.21,19.009999999999998,09:33:19,78.31,300,78.35,200,78.335,200
370,0.66,0.28,0.38,22.090000000000003,09:33:22,78.28,400,78.32,100,78.3,100
399,0.38,0.21,0.17,31.950000000000006,09:33:31,78.25,100,78.32,200,78.281,194
445,0.39,0.21,0.18,47.820000000000014,09:33:47,78.29,300,78.32,300,78.305,100
446,0.25,0.07,0.18,48.070000000000014,09:33:48,78.32,100,78.33,100,78.33,100
509,2.14,1.95,0.19,0.0,09:34:00,78.26,300,78.31,100,78.28,100
594,0.38,0.14,0.24,38.9,09:34:38,78.27,100,78.3,100,78.2916,200
600,0.35000000000000003,0.08,0.27,41.01,09:34:41,78.27,500,78.3,100,78.2999,260
614,0.38,0.08,0.3,0.0,09:35:00,78.2,300,78.26,200,78.24,100
617,3.8,3.55,0.25,4.83,09:35:04,78.2,200,78.26,400,78.2,100
641,0.4,0.18,0.22,22.53,09:35:22,78.21,300,78.26,500,78.21,100
689,0.28,0.07,0.21,40.66000000000001,09:35:40,78.24,100,78.26,400,78.23,300
767,1.8299999999999998,1.63,0.2,4.359999999999999,09:36:04,78.21,200,78.24,300,78.215,100
780,0.43,0.19,0.24,18.330000000000002,09:36:18,78.18,100,78.19,200,78.19,100
790,0.38,0.09,0.29,22.240000000000002,09:36:22,78.18,100,78.19,400,78.18,100
800,0.44000000000000006,0.17,0.27,26.140000000000008,09:36:26,78.17,100,78.18,100,78.175,100
805,0.65,0.28,0.37,28.220000000000006,09:36:28,78.16,100,78.18,100,78.16,100
809,0.42,0.12,0.3,29.950000000000006,09:36:29,78.15,1100,78.18,100,78.17,100
846,0.75,0.21,0.54,46.32999999999999,09:36:46,78.16,100,78.19,500,78.165,100
893,0.28,0.07,0.21,5.82,09:37:05,78.07,200,78.1,100,78.1,100
901,2.69,2.4,0.29,14.19,09:37:14,78.02,100,78.08,100,78.09,100
905,0.42000000000000004,0.1,0.32,15.8,09:37:15,78.07,100,78.1,200,78.07,100
914,0.41000000000000003,0.21,0.2,19.94,09:37:19,78.07,100,78.1,200,78.08,100
918,0.49,0.14,0.35,21.8,09:37:21,78.09,100,78.11,200,78.11,100
1016,4.37,4.13,0.24,0.0,09:38:00,78.06,300,78.11,200,78.06,100
1023,0.39,0.11,0.28,3.0100000000000002,09:38:03,78.03,300,78.09,200,78.04,100
1028,0.34,0.08,0.26,5.010000000000001,09:38:05,78.03,300,78.1,200,78.065,200
1148,2.41,2.17,0.24,10.21,09:39:10,78.12,100,78.14,200,78.13,100
1149,0.26,0.07,0.19,10.47,09:39:10,78.1,300,78.16,100,78.14,100
1266,0.52,0.28,0.24,0.0,09:40:00,78.22,400,78.27,400,78.26,100
1273,0.31,0.09,0.22,4.2,09:40:04,78.22,200,78.25,100,78.22,100
1283,2.42,2.13,0.29,11.22,09:40:11,78.23,200,78.25,100,78.25,100
1295,0.29000000000000004,0.07,0.22,19.1,09:40:19,78.23,300,78.25,100,78.2413,150
1297,0.3,0.08,0.22,19.750000000000004,09:40:19,78.25,300,78.29,200,78.27,100
1325,0.33,0.08,0.25,29.75,09:40:29,78.25,300,78.29,200,78.29,100
1362,0.4,0.2,0.2,43.579999999999984,09:40:43,78.26,300,78.29,200,78.275,100
1493,0.38,0.21,0.17,25.700000000000003,09:41:25,78.21,300,78.24,500,78.2286,125
1498,0.41000000000000003,0.22,0.19,27.750000000000004,09:41:27,78.21,400,78.24,100,78.225,100
1503,0.3,0.08,0.22,29.530000000000005,09:41:29,78.22,100,78.24,100,78.235,100
1543,0.42000000000000004,0.22,0.2,0.0,09:42:00,78.16,500,78.2,100,78.1678,424
1547,0.47,0.22,0.25,1.9100000000000001,09:42:01,78.17,100,78.2,100,78.185,167
1618,0.43000000000000005,0.15,0.28,41.93999999999999,09:42:41,78.18,200,78.21,600,78.1986,100
1680,0.45,0.2,0.25,7.91,09:43:07,78.1,400,78.15,500,78.15,500
1688,0.46,0.26,0.2,12.310000000000004,09:43:12,78.15,300,78.16,200,78.155,400
1799,0.6,0.24,0.36,58.21,09:43:58,78.18,300,78.2,100,78.1905,313
1822,0.36,0.18,0.18,3.9799999999999995,09:44:03,78.18,100,78.19,400,78.195,100
1886,0.35,0.17,0.18,35.74999999999999,09:44:35,78.14,300,78.16,200,78.1533,190
2046,0.41000000000000003,0.15,0.26,45.80000000000002,09:45:45,78.18,100,78.2,300,78.193,225
2107,2.08,1.85,0.23,11.12,09:46:11,78.2,300,78.21,100,78.205,100
2203,0.33,0.14,0.19,51.81000000000003,09:46:51,78.11,400,78.14,1200,78.12,200
2257,4.91,4.57,0.34,15.370000000000001,09:47:15,78.09,300,78.11,200,78.1012,202
2258,0.44,0.23,0.21,15.81,09:47:15,78.1,100,78.11,300,78.1002,200
2508,0.30000000000000004,0.07,0.23,53.71000000000001,09:48:53,78.11,100,78.13,300,78.12899999999999,450
2550,2.28,1.94,0.34,8.139999999999999,09:49:08,78.11,200,78.12,300,78.1135,582
2756,0.34,0.07,0.27,49.80000000000002,09:50:49,78.13,400,78.14,200,78.133,100
2791,0.26,0.07,0.19,6.019999999999999,09:51:06,78.12,100,78.13,100,78.1238,126
3165,0.26,0.08,0.18,35.889999999999986,09:53:35,78.12,300,78.13,100,78.112,1027
3207,0.38,0.22,0.16,49.88999999999996,09:53:49,78.09,100,78.1,200,78.0999,150
3237,2.25,2.07,0.18,5.18,09:54:05,78.04,200,78.06,200,78.05,100
3274,0.24000000000000002,0.07,0.17,27.850000000000005,09:54:27,78.03,100,78.05,200,78.03,100
3336,0.38,0.21,0.17,47.87000000000002,09:54:47,78.01,100,78.02,100,78.01,100
3342,0.33,0.17,0.16,49.75000000000002,09:54:49,78.01,200,78.02,100,78.02,100
3367,0.36,0.18,0.18,58.05000000000003,09:54:58,78.0,2100,78.01,500,78.0,100
3392,0.29,0.08,0.21,9.809999999999999,09:55:09,77.97,100,77.98,200,77.97,100
3398,0.33999999999999997,0.13,0.21,11.979999999999997,09:55:11,77.97,200,77.99,300,77.98,100
3474,0.31,0.08,0.23,43.88000000000001,09:55:43,78.02,4900,78.04,100,78.0193,2000
3543,0.91,0.66,0.25,20.380000000000003,09:56:20,78.06,300,78.08,200,78.0793,100
3674,0.26,0.07,0.19,6.16,09:57:06,78.04,200,78.06,200,78.059,125
3707,0.29,0.08,0.21,20.959999999999994,09:57:20,78.03,6000,78.05,300,78.045,100
3740,0.38,0.17,0.21,33.12,09:57:33,78.05,300,78.06,200,78.0525,860
3833,0.24000000000000002,0.07,0.17,25.98,09:58:25,78.13,200,78.14,400,78.1332,300
3858,0.35,0.16,0.19,33.99000000000001,09:58:33,78.13,200,78.14,300,78.1367,100
3903,0.45000000000000007,0.17,0.28,50.120000000000005,09:58:50,78.14,400,78.15,100,78.141,102
3949,2.23,1.97,0.26,9.729999999999999,09:59:09,78.13,300,78.14,100,78.135,100
3972,0.25,0.07,0.18,19.7,09:59:19,78.12,400,78.13,100,78.125,100
4222,2.2,1.96,0.24,11.5,10:01:11,78.09,1400,78.1,300,78.095,100
4337,0.36,0.19,0.17,51.670000000000044,10:01:51,78.05,200,78.06,100,78.0568,128
4462,0.56,0.25,0.31,48.28000000000003,10:02:48,78.03,300,78.04,300,78.0356,100
4478,0.34,0.08,0.26,54.06000000000003,10:02:54,78.03,300,78.04,300,78.0359,250
4907,0.42000000000000004,0.22,0.2,49.72999999999997,10:05:49,78.09,500,78.1,200,78.0901,748
5005,0.41000000000000003,0.08,0.33,38.24999999999999,10:06:38,78.09,100,78.11,300,78.0902,100
5349,0.30000000000000004,0.07,0.23,49.900000000000006,10:08:49,78.03,100,78.04,500,78.0317,169
5355,0.32,0.08,0.24,51.790000000000006,10:08:51,78.02,100,78.03,400,78.025,100
5378,4.11,3.81,0.3,0.0,10:09:00,77.99,100,78.01,500,77.99,100
5383,0.8999999999999999,0.59,0.31,5.98,10:09:05,77.98,200,78.0,100,77.985,100
5462,168.17,168.0,0.17,0.0,10:12:00,78.07,300,78.08,300,78.075,128
5513,0.44,0.19,0.25,16.490000000000002,10:12:16,78.07,500,78.08,600,78.0732,200
5546,0.32,0.12,0.2,0.0,10:13:00,78.06,600,78.07,300,78.0634,116
5575,1.53,1.22,0.31,17.02,10:13:17,78.06,100,78.08,500,78.0681,134
5635,0.39,0.18,0.21,42.12000000000001,10:13:42,78.13,200,78.15,300,78.115,100
5779,0.38,0.21,0.17,36.05000000000002,10:14:36,78.07,100,78.08,200,78.0799,600
5812,0.41000000000000003,0.24,0.17,46.06000000000004,10:14:46,78.08,200,78.09,100,78.085,100
5868,0.68,0.22,0.46,18.02,10:15:18,78.09,300,78.11,300,78.0988,133
5896,0.33,0.14,0.19,29.79999999999999,10:15:29,78.09,300,78.1,100,78.105,100
6001,0.26,0.08,0.18,0.0,10:16:00,78.12,100,78.13,100,78.1229,200
6030,1.88,1.53,0.35,19.700000000000003,10:16:19,78.12,400,78.13,400,78.1299,500
6213,0.43,0.24,0.19,34.11000000000001,10:17:34,78.13,400,78.15,100,78.1424,184
6268,0.55,0.12,0.43,56.340000000000025,10:17:56,78.15,200,78.16,100,78.1292,100
6352,0.29000000000000004,0.07,0.22,12.509999999999998,10:19:12,78.11,300,78.12,100,78.1111,400
6442,0.36,0.15,0.21,10.26,10:20:10,78.08,300,78.1,100,78.0875,100
6569,0.64,0.28,0.36,16.099999999999998,10:21:16,78.07,400,78.08,1300,78.0747,1183
6647,0.49,0.18,0.31,23.600000000000005,10:22:23,78.03,200,78.04,300,78.035,100
6671,0.5599999999999999,0.08,0.48,36.10000000000001,10:22:36,78.04,300,78.05,400,78.0392,100
6735,0.52,0.17,0.35,14.349999999999998,10:23:14,77.98,500,78.0,100,77.983,100
6742,0.53,0.24,0.29,21.97,10:23:21,77.99,400,78.01,100,77.995,100
6793,0.41000000000000003,0.17,0.24,42.089999999999996,10:23:42,78.0,400,78.01,400,78.005,100
6905,0.5,0.18,0.32,24.72999999999999,10:24:24,77.97,100,77.98,400,77.975,100
6939,0.48,0.19,0.29,39.0,10:24:39,77.96,100,77.98,400,77.969,100
6952,0.38,0.08,0.3,44.74000000000001,10:24:44,77.96,100,77.97,100,77.9601,100
6972,4.779999999999999,4.47,0.31,8.329999999999998,10:25:08,77.96,100,77.98,300,77.95,100
6978,0.39,0.12,0.27,11.619999999999997,10:25:11,77.97,200,77.98,100,77.9799,200
7001,0.4,0.08,0.32,23.869999999999994,10:25:23,77.97,200,78.0,400,77.98100000000001,197
7053,0.33,0.08,0.25,47.729999999999976,10:25:47,78.01,400,78.02,200,78.015,200
7142,0.32,0.07,0.25,19.480000000000004,10:26:19,78.01,200,78.02,100,78.0101,200
7146,0.44,0.07,0.37,21.600000000000005,10:26:21,78.01,100,78.03,300,78.0299,2000
7348,0.35000000000000003,0.07,0.28,34.10000000000001,10:28:34,78.02,100,78.03,100,78.0247,250
7364,0.28,0.09,0.19,39.85000000000001,10:28:39,78.02,100,78.03,300,78.0265,250
7856,0.27,0.07,0.2,20.61000000000001,10:33:20,78.01,200,78.02,500,78.0199,100
8070,0.64,0.08,0.56,0.0,10:35:00,77.99,300,78.0,500,78.0068,200
8186,0.5800000000000001,0.27,0.31,27.840000000000003,10:36:27,78.01,200,78.02,300,78.0144,150
8203,0.58,0.09,0.49,37.839999999999996,10:36:37,78.01,200,78.02,600,78.0157,500
8266,0.6,0.17,0.43,23.490000000000006,10:37:23,78.01,200,78.02,600,78.0111,100
8270,0.62,0.26,0.36,25.69000000000001,10:37:25,78.01,200,78.02,600,78.01899999999999,100
8302,0.5700000000000001,0.07,0.5,45.260000000000026,10:37:45,78.02,400,78.03,600,78.0211,100
8340,2.96,2.43,0.53,7.1499999999999995,10:38:07,78.02,100,78.03,500,78.0201,100
8344,0.62,0.19,0.43,11.969999999999999,10:38:11,78.02,300,78.03,100,78.0216,460
8458,0.76,0.14,0.62,30.330000000000005,10:39:30,78.01,300,78.02,400,78.0182,2500
8523,0.61,0.08,0.53,33.95,10:40:33,78.02,400,78.03,600,78.0254,100
8564,0.61,0.2,0.41,59.290000000000035,10:40:59,78.02,400,78.03,800,78.021,184
8584,0.62,0.25,0.37,15.649999999999999,10:41:15,78.04,400,78.05,700,78.0438,100
8657,0.62,0.23,0.39,0.0,10:42:00,77.99,300,78.0,300,77.991,100
8769,2.19,1.73,0.46,11.42,10:43:11,77.99,300,78.0,400,77.999,200
8789,0.8099999999999999,0.21,0.6,26.62,10:43:26,77.99,100,78.0,600,77.9911,100
8860,0.59,0.08,0.51,20.019999999999996,10:44:20,77.99,200,78.0,400,77.9947,102
9009,0.77,0.22,0.55,57.57000000000001,10:45:57,78.02,500,78.03,200,78.0236,2700
9051,0.6200000000000001,0.07,0.55,24.609999999999996,10:46:24,78.01,700,78.02,100,78.0175,100
9113,4.0,3.48,0.52,11.77,10:47:11,78.04,300,78.05,400,78.0413,100
9117,1.5699999999999998,1.0,0.57,17.189999999999998,10:47:17,78.04,300,78.05,400,78.0453,160
9179,0.59,0.09,0.5,54.42999999999999,10:47:54,78.12,300,78.13,400,78.1201,156
9384,0.5800000000000001,0.07,0.51,1.8,10:50:01,78.08,200,78.09,600,78.0826,100
9471,2.39,1.81,0.58,0.0,10:51:00,78.04,100,78.06,300,78.0534,400
9477,0.64,0.18,0.46,5.989999999999999,10:51:05,78.03,600,78.06,400,78.0402,3000
9513,0.61,0.21,0.4,29.939999999999998,10:51:29,78.05,200,78.07,300,78.051,103
9645,2.21,1.62,0.59,19.429999999999996,10:53:19,78.05,200,78.06,200,78.055,200
9714,0.56,0.2,0.36,58.04,10:53:58,78.05,300,78.06,400,78.0532,100
9735,2.1799999999999997,1.65,0.53,10.8,10:54:10,78.05,300,78.06,300,78.0501,541
9747,0.5800000000000001,0.07,0.51,20.21,10:54:20,78.05,300,78.06,300,78.053,300
9756,118.97,118.36,0.61,0.0,10:56:00,78.02,300,78.03,300,78.0244,150
9763,0.79,0.2,0.59,4.67,10:56:04,78.02,300,78.03,300,78.0228,524
9839,0.5800000000000001,0.07,0.51,9.749999999999998,10:57:09,78.04,300,78.05,400,78.0467,192
9921,1.3900000000000001,0.79,0.6,6.17,10:58:06,78.09,500,78.1,300,78.09899999999999,100
10093,0.77,0.17,0.6,0.77,11:00:00,78.07,200,78.08,100,78.079,450
10256,135.06,134.46,0.6,0.0,11:04:00,78.14,300,78.15,300,78.1412,125
10264,0.6000000000000001,0.14,0.46,6.33,11:04:06,78.14,300,78.15,400,78.1469,150
10303,0.65,0.21,0.44,32.54,11:04:32,78.14,200,78.15,600,78.145,100
10342,0.5800000000000001,0.07,0.51,15.77,11:05:15,78.13,300,78.15,600,78.1371,135
10538,0.44,0.08,0.36,19.66,11:07:19,78.14,200,78.15,500,78.1457,100
10608,0.43,0.07,0.36,0.0,11:08:00,78.14,300,78.15,500,78.1435,800
10781,0.62,0.24,0.38,51.830000000000005,11:09:51,78.14,300,78.15,600,78.1465,100
10843,0.64,0.2,0.44,36.81000000000001,11:10:36,78.14,400,78.15,500,78.1485,100
10921,0.63,0.23,0.4,17.259999999999998,11:11:17,78.14,700,78.15,900,78.1446,108
11119,0.6,0.24,0.36,55.80000000000002,11:13:55,78.03,100,78.04,200,78.0301,300
11201,108.41,107.97,0.44,0.0,11:16:00,78.08,500,78.1,200,78.086,180
11223,0.62,0.24,0.38,14.08,11:16:14,78.05,200,78.07,200,78.0633,100
11240,0.63,0.26,0.37,4.050000000000001,11:17:04,78.06,400,78.08,100,78.0602,100
11376,0.78,0.17,0.61,3.99,11:18:03,78.07,500,78.09,200,78.071,125
11394,0.5900000000000001,0.07,0.52,15.979999999999999,11:18:15,78.05,300,78.06,100,78.0599,300
11420,1.38,0.88,0.5,7.43,11:19:07,78.07,100,78.08,100,78.0766,150
11433,0.77,0.07,0.7,20.010000000000005,11:19:20,78.07,200,78.08,100,78.0769,100
11476,0.95,0.35,0.6,48.019999999999996,11:19:48,78.07,100,78.08,100,78.0735,100
11611,0.7799999999999999,0.09,0.69,15.77,11:21:15,78.06,400,78.08,200,78.0688,602
11674,0.59,0.09,0.5,20.039999999999996,11:22:20,78.08,300,78.09,200,78.0899,190
11794,0.6100000000000001,0.07,0.54,44.16000000000002,11:23:44,78.07,200,78.08,400,78.0768,200
11982,0.6499999999999999,0.18,0.47,0.0,11:26:00,78.07,300,78.08,200,78.0775,384
12069,0.94,0.07,0.87,4.8,11:29:04,78.02,200,78.03,300,78.0282,100
12148,18.869999999999997,18.13,0.74,25.31,11:30:25,78.02,300,78.03,300,78.0234,200
12241,0.5900000000000001,0.07,0.52,15.77,11:31:15,78.02,300,78.03,500,78.0217,256
12408,0.61,0.08,0.53,22.28,11:33:22,78.0,100,78.01,300,78.009,150
12934,0.42000000000000004,0.22,0.2,19.819999999999997,11:42:19,78.03,400,78.04,100,78.0399,100
13027,0.39,0.2,0.19,0.0,11:43:00,78.04,300,78.05,200,78.0462,6695
13098,0.52,0.24,0.28,36.110000000000014,11:43:36,78.02,300,78.04,400,78.0271,356
13142,84.78,84.59,0.19,0.0,11:45:00,78.02,200,78.03,100,78.0274,580
13311,0.54,0.29,0.25,15.5,11:46:15,78.02,200,78.03,300,78.0239,481
13446,3.2800000000000002,2.99,0.29,0.0,11:47:00,78.02,300,78.03,300,78.0267,125
13499,0.29,0.08,0.21,20.07,11:47:20,78.02,400,78.03,400,78.0232,125
13565,0.3,0.09,0.21,42.18999999999999,11:47:42,78.04,100,78.05,200,78.0408,100
13606,2.17,1.92,0.25,0.0,11:48:00,78.04,300,78.05,500,78.0449,300
13802,0.36,0.17,0.19,33.989999999999995,11:49:33,78.06,300,78.07,500,78.0635,114
13909,0.23,0.07,0.16,14.000000000000002,11:50:14,78.07,300,78.09,400,78.0813,100
13913,1.82,1.55,0.27,16.98,11:50:16,78.07,600,78.09,400,78.0757,179
13954,0.25,0.08,0.17,30.919999999999998,11:50:30,78.08,300,78.09,400,78.0832,100
14158,0.28,0.07,0.21,45.93000000000001,11:51:45,78.05,300,78.06,200,78.0565,150
14181,0.55,0.23,0.32,54.13000000000002,11:51:54,78.05,200,78.06,300,78.0572,500
14275,0.43,0.24,0.19,35.91000000000001,11:52:35,78.05,500,78.07,400,78.0591,200
14405,0.25,0.07,0.18,15.180000000000001,11:53:15,78.05,400,78.06,300,78.0556,500
14612,0.24000000000000002,0.07,0.17,36.850000000000016,11:54:36,78.05,400,78.06,200,78.0544,1809
14776,0.38,0.18,0.2,54.16000000000003,11:55:54,78.03,100,78.04,400,78.0323,400
14858,0.35,0.17,0.18,26.170000000000005,11:56:26,78.06,100,78.07,500,78.0699,100
14913,0.44999999999999996,0.21,0.24,44.43000000000003,11:56:44,78.05,300,78.06,100,78.043,150
15116,2.52,2.2,0.32,10.129999999999999,11:58:10,78.02,700,78.04,300,78.0309,100
15141,0.26,0.07,0.19,23.830000000000002,11:58:23,78.02,700,78.04,300,78.0312,256
15381,0.27,0.08,0.19,53.57999999999999,11:59:53,78.02,200,78.03,500,78.0235,112
15419,0.43,0.21,0.22,5.8500000000000005,12:00:05,78.0,1900,78.01,300,78.001,130
15611,0.33999999999999997,0.18,0.16,17.189999999999994,12:01:17,78.01,400,78.03,500,78.0168,200
15727,3.92,3.68,0.24,0.0,12:02:00,78.0,2100,78.01,400,78.0032,130
16014,0.37,0.17,0.2,43.85,12:03:43,78.04,500,78.05,100,78.0434,253
16042,0.42,0.21,0.21,2.08,12:04:02,78.04,600,78.05,200,78.0483,100
16075,0.32,0.07,0.25,19.96,12:04:19,78.0,1900,78.01,200,78.0054,100
16114,0.49,0.28,0.21,33.850000000000016,12:04:33,78.0,2000,78.01,200,78.0085,200
16194,1.01,0.74,0.27,0.0,12:05:00,78.01,300,78.02,300,78.0162,133
16364,1.23,0.92,0.31,8.91,12:06:08,78.01,900,78.02,400,78.0185,200
16366,0.25,0.08,0.17,10.95,12:06:10,78.01,900,78.02,400,78.0124,179
16556,0.4,0.21,0.19,16.299999999999997,12:07:16,77.96,100,77.97,200,77.965,100
16562,0.39,0.2,0.19,18.48,12:07:18,77.96,100,77.97,200,77.96,100
16580,0.25,0.07,0.18,24.310000000000002,12:07:24,77.95,400,77.96,600,77.9531,250
16646,0.43000000000000005,0.23,0.2,0.0,12:08:00,77.95,400,77.96,400,77.955,100
16742,0.39,0.17,0.22,41.720000000000006,12:08:41,78.02,500,78.03,200,78.029,315
16770,0.45999999999999996,0.21,0.25,51.79000000000001,12:08:51,78.03,300,78.04,200,78.03699999999999,130
17205,0.24000000000000002,0.07,0.17,26.020000000000007,12:11:26,78.03,200,78.04,400,78.0372,200
17343,0.35,0.17,0.18,23.8,12:12:23,78.03,400,78.04,300,78.039,100
17446,0.25,0.07,0.18,57.93000000000001,12:12:57,78.02,400,78.03,100,78.0238,129
17620,0.23,0.07,0.16,2.81,12:14:02,78.02,600,78.03,100,78.0259,200
17887,0.27,0.07,0.2,54.180000000000035,12:15:54,77.97,300,77.98,400,77.9768,300
17991,0.27,0.07,0.2,23.84000000000001,12:16:23,77.97,300,77.98,500,77.9754,100
18100,0.32,0.16,0.16,14.18,12:17:14,77.97,400,77.98,600,77.9763,225
18223,0.33999999999999997,0.18,0.16,0.0,12:18:00,77.94,300,77.96,200,77.9575,153
18666,0.41000000000000003,0.24,0.17,47.949999999999996,12:20:47,77.94,400,77.95,600,77.9469,100
18689,0.24000000000000002,0.07,0.17,56.01,12:20:56,77.93,300,77.94,500,77.94,100
18702,0.43000000000000005,0.26,0.17,0.0,12:21:00,77.93,300,77.94,600,77.939,100
18718,0.36,0.18,0.18,7.82,12:21:07,77.93,400,77.94,300,77.93,100
18739,2.81,2.49,0.32,21.15,12:21:21,77.93,500,77.94,500,77.9399,290
18831,0.24000000000000002,0.07,0.17,53.61,12:21:53,77.93,400,77.94,500,77.9384,2550
18882,0.28,0.09,0.19,0.0,12:22:00,77.94,300,77.95,400,77.945,100
18900,0.29000000000000004,0.07,0.22,9.84,12:22:09,77.94,400,77.95,400,77.9471,200
18912,0.41000000000000003,0.18,0.23,13.789999999999997,12:22:13,77.94,400,77.95,400,77.9446,150
18923,0.26,0.07,0.19,17.59,12:22:17,77.94,400,77.95,400,77.949,1900
19001,0.31,0.13,0.18,0.0,12:23:00,77.94,400,77.95,400,77.9465,130
19089,0.33,0.13,0.2,38.13000000000002,12:23:38,77.94,2100,77.95,600,77.9468,100
19247,0.37,0.13,0.24,34.16999999999998,12:24:34,77.94,200,77.95,800,77.9456,250
19338,0.28,0.07,0.21,0.0,12:25:00,77.94,200,77.95,800,77.9499,100
19395,0.42,0.21,0.21,21.01,12:25:21,77.94,400,77.95,200,77.9454,257
19556,0.48,0.21,0.27,56.019999999999996,12:26:56,77.94,500,77.95,200,77.9452,140
19606,0.24,0.08,0.16,19.919999999999995,12:27:19,77.94,500,77.95,400,77.9485,150
19694,0.24000000000000002,0.07,0.17,47.729999999999976,12:27:47,77.96,400,77.97,400,77.9646,1000
19790,0.27,0.09,0.18,27.900000000000006,12:28:27,77.94,400,77.95,200,77.9415,100
19832,0.36,0.18,0.18,41.81000000000001,12:28:41,77.94,500,77.95,100,77.9489,100
19960,0.37,0.18,0.19,32.05,12:29:32,77.95,300,77.96,300,77.9566,291
20081,2.5500000000000003,2.39,0.16,3.3100000000000005,12:30:03,77.95,500,77.96,800,77.9557,195
20117,0.33999999999999997,0.12,0.22,15.53,12:30:15,77.95,600,77.96,800,77.9553,136
20207,0.33,0.14,0.19,0.0,12:31:00,77.95,400,77.96,900,77.9544,160
20508,0.38,0.18,0.2,8.58,12:33:08,77.92,900,77.93,500,77.925,200
20568,0.4,0.19,0.21,35.010000000000005,12:33:35,77.93,200,77.94,700,77.9385,126
20655,0.4,0.2,0.2,0.0,12:34:00,77.92,700,77.93,800,77.92,100
20661,1.36,1.03,0.33,4.53,12:34:04,77.92,700,77.93,800,77.9262,200
20703,0.53,0.22,0.31,22.099999999999994,12:34:22,77.92,700,77.93,800,77.9299,217
20762,0.37,0.2,0.17,39.84999999999999,12:34:39,77.93,200,77.94,700,77.935,100
20807,0.36,0.18,0.18,0.0,12:35:00,77.93,500,77.94,700,77.932,200
20878,0.31000000000000005,0.14,0.17,31.82999999999999,12:35:31,77.9,1300,77.91,800,77.9,100
20885,0.31,0.13,0.18,33.949999999999996,12:35:33,77.9,1300,77.91,800,77.91,100
20923,0.26,0.08,0.18,45.759999999999984,12:35:45,77.9,1300,77.91,700,77.905,100
21301,1.81,1.51,0.3,3.08,12:38:03,77.93,400,77.94,600,77.9333,306
21359,0.3,0.08,0.22,29.639999999999997,12:38:29,77.93,300,77.94,600,77.9357,200
21389,0.31000000000000005,0.14,0.17,39.650000000000006,12:38:39,77.93,400,77.94,600,77.9361,100
21429,0.23,0.07,0.16,6.9300000000000015,12:39:06,77.92,600,77.93,300,77.923,116
21513,0.35,0.18,0.17,12.290000000000001,12:40:12,77.94,300,77.95,500,77.9431,225
21607,0.28,0.07,0.21,43.94999999999998,12:40:43,77.94,400,77.95,100,77.9475,100
21766,0.38,0.18,0.2,39.000000000000014,12:41:39,77.95,300,77.96,500,77.9599,300
22053,0.44,0.2,0.24,23.979999999999997,12:46:23,77.88,200,77.89,400,77.89,100
22065,0.31,0.08,0.23,28.08999999999999,12:46:28,77.88,1300,77.89,400,77.88,100
22092,0.43,0.21,0.22,38.190000000000005,12:46:38,77.88,1300,77.89,200,77.885,100
22147,0.4,0.2,0.2,56.00000000000002,12:46:56,77.88,600,77.89,400,77.8884,236
22160,0.42000000000000004,0.19,0.23,0.0,12:47:00,77.88,300,77.89,400,77.8864,100
22192,2.29,1.93,0.36,21.439999999999998,12:47:21,77.9,200,77.91,300,77.9075,100
22211,0.37,0.19,0.18,27.909999999999997,12:47:27,77.9,100,77.91,400,77.9042,2800
22272,0.26,0.07,0.19,47.82000000000003,12:47:47,77.88,300,77.89,500,77.8813,150
22384,0.35,0.17,0.18,25.850000000000005,12:48:25,77.86,300,77.87,600,77.86,100
22436,0.31000000000000005,0.14,0.17,41.87000000000002,12:48:41,77.86,500,77.87,600,77.87,100
22521,0.43000000000000005,0.23,0.2,16.9,12:49:16,77.87,400,77.89,100,77.8845,500
22603,0.43,0.24,0.19,47.15999999999999,12:49:47,77.86,500,77.88,300,77.8733,200
22658,0.44999999999999996,0.24,0.21,14.669999999999993,12:50:14,77.87,500,77.88,100,77.8754,250
22705,0.35,0.18,0.17,30.520000000000007,12:50:30,77.87,400,77.88,400,77.873,100
22806,0.25,0.07,0.18,9.83,12:51:09,77.87,700,77.88,500,77.8769,100
23255,0.37,0.18,0.19,0.9700000000000001,12:54:00,77.87,1000,77.89,600,77.875,100
23272,0.29,0.08,0.21,15.860000000000001,12:54:15,77.88,800,77.89,400,77.8895,100
23416,0.24000000000000002,0.07,0.17,20.779999999999998,12:55:20,77.88,100,77.89,700,77.8899,210
23475,0.38,0.22,0.16,39.77000000000001,12:55:39,77.89,400,77.9,200,77.895,100
23714,3.21,2.87,0.34,7.140000000000001,12:57:07,77.89,800,77.9,400,77.8943,194
23747,0.44,0.23,0.21,26.359999999999996,12:57:26,77.91,500,77.92,400,77.9175,100
23938,0.4,0.23,0.17,25.709999999999987,12:58:25,77.89,300,77.9,1000,77.8947,100
24107,0.28,0.08,0.2,29.240000000000006,13:00:29,77.89,1000,77.9,700,77.8956,125
24222,0.28,0.07,0.21,44.019999999999975,13:01:44,77.9,200,77.91,500,77.9053,100
24452,1.7899999999999998,1.63,0.16,0.0,13:03:00,77.91,400,77.92,800,77.915,100
24459,3.23,3.06,0.17,5.32,13:03:05,77.91,400,77.92,800,77.9168,200
24469,0.35,0.18,0.17,8.510000000000002,13:03:08,77.91,500,77.92,500,77.9111,100
24476,0.25,0.07,0.18,10.290000000000003,13:03:10,77.91,400,77.92,500,77.9107,200
24980,0.35,0.14,0.21,9.52,13:09:09,77.88,400,77.89,900,77.8868,100
25030,0.43,0.22,0.21,25.589999999999993,13:09:25,77.88,600,77.89,900,77.8856,320
25177,0.4,0.2,0.2,27.449999999999992,13:10:27,77.88,700,77.89,600,77.887,405
25235,3.9499999999999997,3.57,0.38,3.9499999999999997,13:11:03,77.89,500,77.9,600,77.8938,140
25326,0.52,0.09,0.43,49.96999999999998,13:11:49,77.89,700,77.9,700,77.8936,152
25433,0.38,0.16,0.22,37.960000000000015,13:12:37,77.89,300,77.9,500,77.8935,175
25563,3.18,2.6,0.58,18.36,13:14:18,77.89,700,77.9,700,77.8969,200
25608,0.6000000000000001,0.07,0.53,42.18999999999999,13:14:42,77.89,800,77.9,700,77.8933,300
25662,0.6000000000000001,0.2,0.4,15.219999999999999,13:15:15,77.89,600,77.9,800,77.8919,185
25759,0.57,0.21,0.36,22.000000000000004,13:16:22,77.9,900,77.91,900,77.9046,253
25948,0.59,0.12,0.47,21.210000000000004,13:18:21,77.87,600,77.88,800,77.8746,102
25989,0.41000000000000003,0.09,0.32,0.0,13:19:00,77.87,800,77.88,600,77.8799,130
26022,0.59,0.18,0.41,28.0,13:19:28,77.87,700,77.88,600,77.8768,250
26028,0.61,0.23,0.38,31.979999999999997,13:19:31,77.87,700,77.88,600,77.8739,100
26289,0.43,0.07,0.36,0.0,13:22:00,77.91,600,77.92,600,77.9185,190
26319,0.57,0.08,0.49,16.22,13:22:16,77.89,800,77.9,500,77.8972,612
26554,1.9700000000000002,0.88,1.09,0.0,13:26:00,77.97,900,77.98,300,77.971,242
26572,1.0,0.07,0.93,20.990000000000006,13:26:20,77.97,800,77.98,300,77.9701,7177
26602,1.3900000000000001,0.1,1.29,0.0,13:27:00,77.97,900,77.98,800,77.9733,509
26721,1.3900000000000001,0.07,1.32,42.38,13:29:42,77.93,300,77.94,300,77.9343,700
26900,1.1900000000000002,0.09,1.1,32.410000000000004,13:33:32,77.9,600,77.91,700,77.9058,250
26917,1.2000000000000002,0.14,1.06,0.0,13:34:00,77.9,1000,77.91,500,77.90100000000001,150
26974,1.4000000000000001,0.07,1.33,11.6,13:35:11,77.9,1400,77.91,400,77.9038,100
27014,1.01,0.08,0.93,7.42,13:36:07,77.9,1500,77.91,500,77.9034,200
27104,1.4000000000000001,0.07,1.33,56.21000000000001,13:37:56,77.9,3300,77.91,700,77.9052,128
27136,1.01,0.08,0.93,41.39999999999999,13:38:41,77.9,3300,77.91,900,77.9035,209
27149,1.21,0.07,1.14,57.219999999999985,13:38:57,77.91,600,77.92,800,77.9133,170
27211,54.8,53.89,0.91,0.0,13:41:00,77.91,1500,77.92,400,77.9199,190
27251,1.2,0.17,1.03,45.580000000000005,13:41:45,77.91,1000,77.92,600,77.9146,149
27295,1.37,0.14,1.23,55.36999999999998,13:42:55,77.9,3100,77.91,300,77.9056,100
27383,1.41,0.28,1.13,38.02999999999999,13:44:38,77.92,700,77.93,600,77.9213,220
27647,0.8200000000000001,0.07,0.75,48.199999999999996,13:49:48,77.87,500,77.88,1100,77.8757,150
27733,1.2000000000000002,0.09,1.11,18.009999999999998,13:51:18,77.87,800,77.88,700,77.87100000000001,103
27756,1.18,0.2,0.98,0.0,13:52:00,77.87,900,77.88,800,77.8787,510
27775,0.99,0.21,0.78,23.599999999999994,13:52:23,77.85,15100,77.86,600,77.85,100
27782,0.8200000000000001,0.07,0.75,29.819999999999993,13:52:29,77.85,15100,77.86,600,77.855,100
27806,1.5699999999999998,0.42,1.15,54.76,13:52:54,77.85,15100,77.86,800,77.8567,300
27811,1.19,0.17,1.02,0.0,13:53:00,77.83,200,77.84,900,77.83,100
27814,1.1800000000000002,0.14,1.04,3.4000000000000004,13:53:03,77.82,400,77.83,700,77.825,100
27816,1.01,0.18,0.83,5.41,13:53:05,77.82,400,77.83,700,77.82,100
27825,0.99,0.2,0.79,16.0,13:53:16,77.83,100,77.84,600,77.835,1100
27926,1.1900000000000002,0.07,1.12,0.0,13:55:00,77.86,100,77.87,300,77.8625,100
27999,0.98,0.08,0.9,33.769999999999996,13:56:33,77.87,300,77.89,400,77.8701,123
28028,0.98,0.34,0.64,1.7999999999999998,13:57:01,77.86,700,77.87,200,77.865,200
28105,1.19,0.22,0.97,25.159999999999997,13:58:25,77.84,200,77.89,100,77.84,100
28129,2.01,0.94,1.07,5.4,13:59:05,77.84,500,77.85,200,77.845,100
28284,1.2,0.07,1.13,13.579999999999998,14:02:13,77.9,200,77.91,300,77.9099,110
28314,1.03,0.08,0.95,45.99999999999998,14:02:45,77.9,400,77.92,200,77.9125,147
28363,1.01,0.08,0.93,46.0,14:03:46,77.9,300,77.91,100,77.9057,100
28488,0.99,0.27,0.72,12.98,14:06:12,77.93,300,77.94,300,77.9372,529
28508,1.3800000000000001,0.26,1.12,35.970000000000006,14:06:35,77.92,200,77.93,300,77.922,200
28522,1.03,0.16,0.87,1.03,14:07:01,77.92,400,77.94,400,77.9292,106
28578,1.21,0.19,1.02,22.400000000000002,14:08:22,77.93,400,77.95,200,77.947,150
28676,1.42,0.23,1.19,13.37,14:10:13,77.98,400,77.99,200,77.9775,400
28750,0.82,0.08,0.74,37.78999999999999,14:11:37,77.97,300,77.98,600,77.9726,100
28787,3.0100000000000002,2.33,0.68,21.6,14:12:21,77.95,2500,77.96,300,77.9528,1541
28870,0.98,0.07,0.91,26.609999999999996,14:13:26,77.94,900,77.95,400,77.9455,100
28993,1.02,0.12,0.9,53.81999999999999,14:15:53,77.95,500,77.96,400,77.9534,100
29359,0.77,0.24,0.53,37.810000000000024,14:21:37,77.86,100,77.87,400,77.8658,100
29371,0.78,0.15,0.63,45.81000000000003,14:21:45,77.86,100,77.87,400,77.8699,100
29582,0.6,0.17,0.43,0.0,14:24:00,77.9,600,77.91,100,77.9095,100
29666,0.7999999999999999,0.23,0.57,0.0,14:25:00,77.91,700,77.93,300,77.929,100
29842,0.79,0.2,0.59,6.19,14:27:06,77.91,300,77.92,200,77.9139,104
29898,0.5700000000000001,0.26,0.31,41.97,14:27:41,77.91,400,77.92,200,77.9138,200
30089,0.5700000000000001,0.14,0.43,46.41000000000003,14:29:46,77.91,300,77.92,300,77.9166,275
30093,0.57,0.08,0.49,0.0,14:30:00,77.91,300,77.92,300,77.9167,100
30189,0.5900000000000001,0.28,0.31,0.0,14:31:00,77.9,400,77.91,600,77.9069,186
30290,0.6000000000000001,0.14,0.46,0.0,14:32:00,77.89,300,77.9,400,77.8975,300
30293,0.63,0.08,0.55,2.0100000000000002,14:32:02,77.89,200,77.9,400,77.8929,128
30300,0.75,0.23,0.52,8.77,14:32:08,77.89,200,77.9,400,77.8927,100
30346,0.8200000000000001,0.17,0.65,42.39000000000001,14:32:42,77.87,200,77.88,800,77.8719,244
30485,104.82,104.3,0.52,0.0,14:36:00,77.86,400,77.87,500,77.8638,111
30867,2.4,1.92,0.48,0.0,14:41:00,77.86,400,77.87,100,77.8663,100
30882,0.5900000000000001,0.07,0.52,13.41,14:41:13,77.86,400,77.87,300,77.8634,201
30914,0.6100000000000001,0.07,0.54,37.150000000000006,14:41:37,77.86,500,77.87,400,77.8656,128
31137,0.6200000000000001,0.07,0.55,22.019999999999996,14:44:22,77.85,800,77.86,800,77.859,112
31364,0.62,0.24,0.38,17.37,14:47:17,77.86,100,77.87,400,77.8502,189
31416,0.59,0.24,0.35,53.52,14:47:53,77.86,400,77.87,500,77.8657,102
31519,0.45,0.14,0.31,3.630000000000001,14:49:03,77.85,100,77.86,400,77.8566,260
31616,3.81,3.33,0.48,11.420000000000002,14:50:11,77.84,500,77.85,500,77.8485,100
31627,0.77,0.27,0.5,22.59,14:50:22,77.86,600,77.87,500,77.869,100
31640,0.7999999999999999,0.22,0.58,32.41,14:50:32,77.86,600,77.87,400,77.8601,780
31696,0.76,0.09,0.67,22.34,14:51:22,77.85,700,77.86,600,77.85300000000001,100
31760,0.5900000000000001,0.07,0.52,0.0,14:52:00,77.83,300,77.84,800,77.831,136
31801,0.57,0.09,0.48,30.000000000000007,14:52:30,77.83,500,77.84,700,77.8385,120
31805,0.61,0.17,0.44,32.45000000000001,14:52:32,77.83,500,77.84,500,77.8375,100
31906,0.78,0.07,0.71,44.320000000000014,14:53:44,77.82,300,77.83,500,77.8265,150
31934,0.5700000000000001,0.17,0.4,2.0,14:54:02,77.8,1400,77.81,200,77.81,100
31944,4.17,3.72,0.45,12.0,14:54:12,77.81,100,77.82,700,77.817,109
31990,0.62,0.17,0.45,43.99,14:54:43,77.82,100,77.83,300,77.8225,150
32158,0.62,0.08,0.54,14.429999999999998,14:57:14,77.84,500,77.85,200,77.84899999999999,100
32201,0.5700000000000001,0.07,0.5,0.0,14:58:00,77.85,400,77.86,100,77.851,145
32271,0.6,0.25,0.35,51.74000000000003,14:58:51,77.84,200,77.85,400,77.8456,500
32553,0.78,0.23,0.55,1.56,15:02:01,77.86,700,77.87,400,77.867,315
32569,0.79,0.07,0.72,22.15,15:02:22,77.86,600,77.87,500,77.8642,134
32611,0.7999999999999999,0.22,0.58,0.0,15:03:00,77.86,700,77.87,300,77.8675,100
32647,0.7899999999999999,0.08,0.71,30.45,15:03:30,77.89,600,77.9,400,77.8966,100
32857,0.84,0.24,0.6,0.0,15:06:00,77.89,700,77.9,500,77.899,200
33031,0.81,0.18,0.63,22.040000000000003,15:08:22,77.92,100,77.93,600,77.9275,100
33243,0.5700000000000001,0.14,0.43,0.0,15:11:00,77.93,300,77.95,400,77.9434,100
33374,0.6499999999999999,0.08,0.57,0.0,15:12:00,77.93,900,77.94,900,77.9375,100
33533,0.43,0.08,0.35,25.830000000000005,15:14:25,77.92,300,77.93,900,77.9229,122
33775,0.61,0.08,0.53,2.61,15:17:02,77.89,400,77.9,500,77.8944,200
33853,0.61,0.17,0.44,56.21000000000003,15:17:56,77.89,500,77.9,300,77.8946,124
33896,0.43,0.07,0.36,25.8,15:18:25,77.87,600,77.89,900,77.883,250
33943,0.58,0.08,0.5,0.0,15:19:00,77.88,300,77.89,400,77.8885,100
33983,0.5900000000000001,0.13,0.46,36.370000000000005,15:19:36,77.89,300,77.9,300,77.8999,147
34001,0.6,0.17,0.43,48.19000000000002,15:19:48,77.89,400,77.9,600,77.8958,100
34143,0.62,0.2,0.42,15.029999999999998,15:21:15,77.89,900,77.9,700,77.8901,246
34295,0.61,0.18,0.43,11.599999999999998,15:23:11,77.87,300,77.88,400,77.8756,650
34378,0.45,0.07,0.38,9.219999999999999,15:24:09,77.88,300,77.89,200,77.8831,139
34426,0.6100000000000001,0.07,0.54,46.24,15:24:46,77.88,400,77.89,500,77.8838,132
34528,0.5900000000000001,0.14,0.45,51.54000000000001,15:25:51,77.87,900,77.88,500,77.8765,385
34624,0.59,0.12,0.47,0.0,15:27:00,77.89,300,77.9,500,77.8968,150
34706,0.6200000000000001,0.07,0.55,0.0,15:28:00,77.9,500,77.91,800,77.9062,375
34817,0.79,0.18,0.61,20.409999999999997,15:29:20,77.89,700,77.9,800,77.89699999999999,1475
34957,0.6,0.08,0.52,6.79,15:31:06,77.89,1000,77.9,500,77.8984,100
35236,0.72,0.19,0.53,32.56,15:34:32,77.86,800,77.87,500,77.8575,100
35245,0.6000000000000001,0.27,0.33,37.98000000000001,15:34:37,77.9,400,77.91,700,77.8931,100
35415,0.44,0.08,0.36,21.560000000000002,15:36:21,77.9,400,77.91,400,77.9085,100
35430,0.61,0.23,0.38,29.740000000000006,15:36:29,77.9,400,77.91,600,77.9066,100
35452,0.5900000000000001,0.07,0.52,42.140000000000015,15:36:42,77.9,400,77.91,600,77.903,124
35520,0.62,0.09,0.53,39.21,15:37:39,77.91,600,77.92,600,77.9161,100
35738,2.16,1.6,0.56,14.23,15:40:14,77.88,400,77.89,500,77.8869,100
35742,2.42,1.85,0.57,18.259999999999998,15:40:18,77.88,300,77.89,700,77.889,100
35763,0.64,0.27,0.37,34.04,15:40:34,77.87,500,77.88,400,77.8725,100
35826,0.57,0.08,0.49,14.0,15:41:14,77.84,200,77.85,500,77.8448,100
35853,0.59,0.17,0.42,29.830000000000005,15:41:29,77.84,700,77.85,900,77.847,800
35905,2.0,1.35,0.65,0.0,15:42:00,77.84,600,77.85,1200,77.8412,1581
36012,1.17,0.74,0.43,30.370000000000005,15:43:30,77.84,400,77.85,800,77.8461,400
36068,0.57,0.08,0.49,0.0,15:44:00,77.84,600,77.85,1100,77.84100000000001,170
36093,0.44,0.14,0.3,18.23,15:44:18,77.83,900,77.84,100,77.8301,113
36149,0.6,0.08,0.52,54.21000000000003,15:44:54,77.8,2000,77.81,300,77.805,200
36162,0.58,0.21,0.37,5.8,15:45:05,77.78,400,77.79,300,77.79,100
36178,1.58,1.03,0.55,18.979999999999997,15:45:18,77.78,1100,77.79,500,77.785,100
36188,0.59,0.1,0.49,25.989999999999995,15:45:25,77.78,1100,77.79,1500,77.78,400
36215,0.58,0.16,0.42,41.790000000000006,15:45:41,77.78,1200,77.79,1500,77.78699999999999,750
36260,0.59,0.12,0.47,10.02,15:46:10,77.78,1800,77.79,1700,77.7801,101
36289,0.5900000000000001,0.07,0.52,30.05999999999999,15:46:30,77.78,2300,77.79,1300,77.7867,100
36339,0.6100000000000001,0.07,0.54,12.25,15:47:12,77.77,1100,77.78,900,77.775,200
36341,0.6300000000000001,0.07,0.56,14.440000000000001,15:47:14,77.76,1400,77.77,600,77.77,100
36343,0.5700000000000001,0.23,0.34,15.630000000000003,15:47:15,77.75,2200,77.76,500,77.76,100
36351,0.44,0.08,0.36,21.44,15:47:21,77.75,2200,77.76,1700,77.755,500
36353,0.6,0.13,0.47,22.640000000000004,15:47:22,77.75,1100,77.76,1700,77.75,200
36355,0.5800000000000001,0.12,0.46,23.800000000000004,15:47:23,77.74,400,77.75,800,77.7412,162
36358,0.58,0.08,0.5,25.630000000000003,15:47:25,77.74,600,77.75,900,77.74,200
36381,0.5900000000000001,0.07,0.52,39.85000000000003,15:47:39,77.73,400,77.74,500,77.73,100
36398,0.45,0.08,0.37,49.69000000000005,15:47:49,77.74,400,77.75,1400,77.747,1000
36456,0.63,0.23,0.4,34.38999999999999,15:48:34,77.75,1800,77.76,700,77.751,100
36490,0.6200000000000001,0.07,0.55,58.39999999999999,15:48:58,77.75,2100,77.76,1200,77.7569,100
36496,0.5800000000000001,0.07,0.51,1.7500000000000002,15:49:01,77.75,2100,77.76,1300,77.7566,600
36500,0.5900000000000001,0.14,0.45,4.140000000000001,15:49:04,77.75,2100,77.76,1100,77.7525,100
36560,0.44,0.08,0.36,45.640000000000015,15:49:45,77.75,1500,77.76,2100,77.7585,203
36574,0.5900000000000001,0.14,0.45,53.78000000000001,15:49:53,77.73,200,77.74,400,77.735,300
36588,0.5900000000000001,0.13,0.46,0.0,15:50:00,77.69,100,77.7,400,77.69,200
36591,0.6,0.18,0.42,1.81,15:50:01,77.69,100,77.7,1200,77.7,400
36609,0.8,0.07,0.73,20.380000000000006,15:50:20,77.69,600,77.7,600,77.695,100
36624,0.61,0.23,0.38,30.00000000000001,15:50:30,77.69,500,77.7,1400,77.6975,330
36627,0.5900000000000001,0.07,0.52,32.02000000000002,15:50:32,77.68,500,77.69,700,77.685,200
36640,0.85,0.13,0.72,42.230000000000025,15:50:42,77.68,1200,77.69,1300,77.689,100
36672,0.74,0.17,0.57,12.359999999999998,15:51:12,77.7,700,77.71,700,77.705,400
36681,0.81,0.18,0.63,20.409999999999993,15:51:20,77.7,900,77.71,700,77.7075,300
36692,0.77,0.18,0.59,28.79999999999999,15:51:28,77.69,1400,77.7,1600,77.6969,200
36710,0.64,0.08,0.56,42.41,15:51:42,77.7,900,77.71,200,77.71,100
36736,0.61,0.08,0.53,1.5899999999999999,15:52:01,77.7,1800,77.71,2100,77.7066,130
36741,0.81,0.07,0.74,5.75,15:52:05,77.7,2100,77.71,2100,77.707,600
36766,0.79,0.07,0.72,31.4,15:52:31,77.7,2900,77.71,1800,77.7025,100
36794,0.95,0.36,0.59,50.160000000000025,15:52:50,77.68,1300,77.69,1400,77.681,104
36808,0.63,0.17,0.46,0.0,15:53:00,77.68,1400,77.69,1300,77.68,200
36824,0.79,0.18,0.61,14.219999999999999,15:53:14,77.68,1800,77.69,1300,77.6801,102
36828,3.3499999999999996,2.65,0.7,21.409999999999997,15:53:21,77.68,1800,77.69,1600,77.6875,330
36961,0.78,0.2,0.58,50.03,15:54:50,77.7,1500,77.71,700,77.70100000000001,100
36980,0.7899999999999999,0.22,0.57,2.2,15:55:02,77.7,1500,77.71,1800,77.7069,125
37003,0.61,0.08,0.53,24.38,15:55:24,77.72,600,77.73,500,77.72,100
37005,0.65,0.22,0.43,25.769999999999996,15:55:25,77.72,1300,77.73,400,77.725,100
37009,0.6499999999999999,0.24,0.41,28.379999999999995,15:55:28,77.73,500,77.74,400,77.7301,106
37017,0.6,0.08,0.52,33.96,15:55:33,77.73,1300,77.74,1300,77.7375,150
37035,0.77,0.09,0.68,46.330000000000005,15:55:46,77.73,1700,77.74,1400,77.7355,200
37062,0.63,0.24,0.39,8.450000000000001,15:56:08,77.73,800,77.74,2700,77.7357,800
37083,0.5700000000000001,0.07,0.5,22.63,15:56:22,77.73,1200,77.74,1000,77.7365,400
37138,0.61,0.23,0.38,1.9899999999999998,15:57:01,77.74,600,77.75,2200,77.745,100
37157,1.01,0.37,0.64,19.830000000000002,15:57:19,77.75,1500,77.76,800,77.759,100
37167,0.79,0.17,0.62,28.210000000000004,15:57:28,77.77,300,77.78,1100,77.771,100
37170,0.8600000000000001,0.18,0.68,30.630000000000006,15:57:30,77.77,1600,77.78,1300,77.7754,100
37172,0.6799999999999999,0.08,0.6,32.260000000000005,15:57:32,77.77,1800,77.78,1300,77.7799,200
37176,0.75,0.29,0.46,1.9700000000000002,15:59:01,77.77,1600,77.78,2800,77.7785,200
37186,0.61,0.2,0.41,10.41,15:59:10,77.77,2000,77.78,3100,77.7701,104
