,Total Delay,Request Delay,Saving Delay,Arrival Time,Time,Bid,Bid Size,Ask,Ask Size,Last Price,Last Size
0,0.6499999999999999,0.3,0.35,0.6499999999999999,09:30:00,105.24,200,105.49,200,105.235,100
206,0.24000000000000002,0.07,0.17,0.0,09:32:00,105.26,200,105.41,200,105.39,100
234,0.23,0.07,0.16,10.040000000000001,09:32:10,105.27,200,105.37,200,105.37,100
246,0.36,0.18,0.18,14.120000000000003,09:32:14,105.13,100,105.36,200,105.26,100
252,0.24000000000000002,0.07,0.17,16.210000000000004,09:32:16,104.95,100,105.36,200,104.985,100
370,0.66,0.28,0.38,0.0,09:33:00,104.87,300,105.1,100,104.885,100
464,0.39,0.17,0.22,32.27000000000001,09:33:32,104.83,100,105.09,100,104.965,100
499,0.38,0.19,0.19,0.0,09:34:00,104.83,100,105.09,100,104.8793,100
535,0.39,0.08,0.31,23.829999999999995,09:34:23,104.83,100,105.08,200,104.955,100
561,0.26,0.08,0.18,33.78999999999999,09:34:33,104.83,100,105.07,200,104.85,100
604,0.4,0.12,0.28,49.99999999999999,09:34:49,104.83,100,105.06,100,104.96,5500
657,0.54,0.28,0.26,0.0,09:35:00,105.09,100,105.27,800,105.2,100
759,0.38,0.21,0.17,0.0,09:36:00,105.12,100,105.24,100,105.23,100
767,1.8299999999999998,1.63,0.2,4.359999999999999,09:36:04,104.95,100,105.1,100,105.12,100
828,0.26,0.08,0.18,38.079999999999984,09:36:38,104.98,100,105.24,800,105.1,100
901,2.69,2.4,0.29,0.0,09:37:00,104.83,800,105.05,200,104.945,200
998,0.48,0.21,0.27,0.0,09:38:00,104.82,300,105.04,800,104.87,100
1137,0.31,0.08,0.23,0.0,09:39:00,104.83,200,105.03,200,105.03,100
1197,0.53,0.17,0.36,27.93,09:39:27,104.93,100,105.03,100,105.02,100
1216,0.49,0.22,0.27,36.27000000000002,09:39:36,104.83,100,104.96,800,104.86,100
1336,0.44,0.2,0.24,0.0,09:40:00,104.86,200,104.95,200,104.905,100
1519,0.38,0.08,0.3,0.0,09:41:00,104.93,100,105.06,300,105.0,100
1523,0.47,0.09,0.38,1.8299999999999998,09:41:01,104.87,100,105.03,800,104.93,100
1543,0.42000000000000004,0.22,0.2,0.0,09:42:00,104.93,100,105.01,100,104.98,100
1566,0.41000000000000003,0.09,0.32,18.380000000000003,09:42:18,104.92,200,105.01,100,104.92,100
1577,0.48,0.17,0.31,24.02,09:42:24,104.99,800,105.11,900,105.05,100
1648,0.5700000000000001,0.27,0.3,54.10999999999998,09:42:54,104.85,1200,105.01,100,104.89,100
1700,0.31,0.1,0.21,0.0,09:43:00,104.83,100,104.92,200,104.82,290
1703,1.58,1.25,0.33,3.45,09:43:03,104.83,100,104.92,200,104.8301,100
1705,0.32,0.09,0.23,4.17,09:43:04,104.9,400,105.04,100,104.97,100
1985,0.5700000000000001,0.28,0.29,0.0,09:45:00,104.93,200,105.04,100,105.04,100
2009,0.43,0.21,0.22,9.830000000000002,09:45:09,105.11,100,105.21,800,105.13,100
2107,2.08,1.85,0.23,0.0,09:46:00,105.07,800,105.18,100,105.08,100
2112,2.15,1.73,0.42,3.46,09:46:03,105.18,100,105.29,300,105.18,100
2135,0.41000000000000003,0.2,0.21,16.869999999999997,09:46:16,105.18,800,105.42,300,105.31,100
2185,0.39,0.18,0.21,34.78999999999999,09:46:34,105.21,100,105.39,100,105.34,100
2209,0.53,0.27,0.26,42.79,09:46:42,105.29,100,105.46,100,105.38,100
2309,0.32999999999999996,0.09,0.24,0.0,09:47:00,105.29,200,105.5,200,105.42,100
2496,0.41000000000000003,0.21,0.2,5.91,09:48:05,105.36,100,105.49,100,105.36,100
2514,0.49,0.27,0.22,12.030000000000001,09:48:12,105.45,100,105.5,200,105.45,100
2519,0.44,0.14,0.3,14.11,09:48:14,105.48,100,105.6,1100,105.48,100
2524,0.51,0.2,0.31,0.0,09:49:00,105.48,100,105.59,800,105.6,100
2544,0.45,0.18,0.27,12.21,09:49:12,105.5,100,105.59,100,105.5265,500
2610,0.32,0.08,0.24,45.63999999999999,09:49:45,105.54,100,105.62,100,105.58,100
2616,0.33,0.07,0.26,47.74,09:49:47,105.33,100,105.55,100,105.53,100
2673,0.45,0.12,0.33,0.0,09:50:00,105.43,100,105.55,100,105.44,100
2779,0.44999999999999996,0.21,0.24,0.0,09:51:00,105.38,100,105.54,800,105.46,400
2804,0.38,0.16,0.22,13.930000000000001,09:51:13,105.44,800,105.62,300,105.55,100
2842,0.29000000000000004,0.07,0.22,29.880000000000003,09:51:29,105.58,100,105.72,300,105.64,100
2922,0.41000000000000003,0.18,0.23,0.0,09:52:00,105.61,100,105.74,700,105.66,100
2932,1.1,0.85,0.25,4.620000000000001,09:52:04,105.61,300,105.74,700,105.61,100
3239,0.31,0.12,0.19,0.0,09:54:00,105.54,100,105.65,100,105.56,100
3469,0.52,0.24,0.28,0.0,09:55:00,105.18,800,105.38,300,105.35,100
3479,0.27,0.07,0.2,3.8600000000000003,09:55:03,105.21,100,105.38,800,105.3052,100
3494,0.3,0.09,0.21,9.75,09:55:09,105.22,1100,105.33,300,105.33,200
3558,0.58,0.23,0.35,0.0,09:56:00,105.24,100,105.31,100,105.27,8200
3622,0.37,0.12,0.25,23.85,09:56:23,105.33,100,105.48,100,105.41,100
3677,1.35,1.06,0.29,0.0,09:57:00,105.27,300,105.43,100,105.32,100
3949,2.23,1.97,0.26,0.0,09:59:00,105.43,400,105.53,100,105.43,100
4107,0.32,0.07,0.25,0.0,10:00:00,105.47,800,105.64,100,105.555,100
4179,0.56,0.25,0.31,36.26,10:00:36,105.55,800,105.64,200,105.595,200
4196,0.74,0.17,0.57,46.26999999999999,10:00:46,105.59,200,105.72,100,105.67,100
4202,1.21,0.77,0.44,0.0,10:01:00,105.45,100,105.69,100,105.54,100
4399,0.25,0.07,0.18,0.0,10:02:00,105.49,300,105.66,700,105.59,100
4478,0.34,0.08,0.26,27.860000000000003,10:02:27,105.61,200,105.73,100,105.69,100
4494,0.36,0.12,0.24,0.0,10:03:00,105.7,100,105.76,300,105.73,100
4691,0.26,0.07,0.19,5.949999999999999,10:04:05,105.75,100,105.79,100,105.7899,100
4697,0.26,0.07,0.19,8.019999999999998,10:04:08,105.64,200,105.79,300,105.74,100
4949,0.38,0.21,0.17,0.0,10:06:00,105.74,200,105.84,100,105.79,100
4952,2.39,2.14,0.25,7.01,10:06:07,105.79,200,105.84,100,105.84,100
5070,0.37,0.18,0.19,0.0,10:07:00,105.68,100,105.8,100,105.743,250
5131,0.55,0.24,0.31,30.00000000000001,10:07:30,105.5,800,105.72,100,105.615,100
5484,0.23,0.07,0.16,6.210000000000001,10:12:06,105.58,200,105.66,300,105.6259,100
5497,0.45,0.2,0.25,10.2,10:12:10,105.58,200,105.66,300,105.6267,100
5813,0.23,0.07,0.16,48.03000000000003,10:14:48,105.45,100,105.53,800,105.5,100
6021,0.24000000000000002,0.07,0.17,0.0,10:16:00,105.49,200,105.59,100,105.49,100
6159,2.81,2.47,0.34,9.3,10:17:09,105.51,400,105.58,200,105.51,100
6602,0.62,0.1,0.52,29.990000000000006,10:21:29,105.47,100,105.6,800,105.52,200
6647,0.49,0.18,0.31,23.600000000000005,10:22:23,105.56,200,105.66,300,105.57,100
6872,0.39,0.07,0.32,8.46,10:24:08,105.59,800,105.67,100,105.63,100
6879,0.57,0.21,0.36,13.19,10:24:13,105.61,400,105.65,100,105.62,100
6972,4.779999999999999,4.47,0.31,10.54,10:25:10,105.7,300,105.77,100,105.76,100
6978,0.39,0.12,0.27,13.829999999999998,10:25:13,105.73,200,105.77,100,105.75,100
6996,0.37,0.08,0.29,23.69,10:25:23,105.72,100,105.77,400,105.7437,148
6997,0.43,0.14,0.29,24.12,10:25:24,105.63,900,105.7,100,105.7,100
7025,0.35000000000000003,0.07,0.28,37.82999999999999,10:25:37,105.64,100,105.68,400,105.65,136
7034,0.33,0.08,0.25,41.72999999999999,10:25:41,105.64,200,105.69,100,105.68,100
7099,0.4,0.08,0.32,16.31,10:26:16,105.61,200,105.69,200,105.6601,100
7159,0.66,0.27,0.39,44.529999999999994,10:26:44,105.69,200,105.71,200,105.725,100
7162,0.44,0.08,0.36,46.03999999999999,10:26:46,105.69,200,105.7,300,105.71,200
7185,37.42,37.15,0.27,0.0,10:27:00,105.79,200,105.87,800,105.82,100
7293,0.25,0.08,0.17,15.73,10:28:15,105.69,800,105.77,200,105.77,100
7359,0.44,0.24,0.2,38.07000000000001,10:28:38,105.67,200,105.75,400,105.72,100
7381,0.38,0.17,0.21,46.000000000000014,10:28:46,105.68,200,105.73,100,105.719,200
7593,0.42,0.21,0.21,12.52,10:30:12,105.77,100,105.84,100,105.78,100
7693,0.62,0.24,0.38,55.45,10:30:55,105.79,100,105.85,100,105.8,200
7726,0.32,0.07,0.25,0.0,10:31:00,105.78,100,105.85,200,105.81,100
7804,0.4,0.23,0.17,0.0,10:33:00,105.86,100,105.9,100,105.86,200
7829,0.41000000000000003,0.24,0.17,10.810000000000004,10:33:10,105.88,100,105.98,100,105.9,172
7874,0.38,0.19,0.19,26.790000000000017,10:33:26,105.91,100,105.99,200,105.94,100
7941,0.36,0.12,0.24,2.2,10:34:02,105.93,1000,105.99,100,105.96,100
7946,0.41000000000000003,0.21,0.2,4.04,10:34:04,105.93,1000,105.99,100,105.93,100
7959,0.5900000000000001,0.26,0.33,12.3,10:34:12,106.01,100,106.08,100,106.01,100
8004,0.34,0.14,0.2,32.05,10:34:32,105.99,200,106.08,800,106.08,250
8203,0.58,0.09,0.49,0.0,10:36:00,106.0,400,106.03,100,106.02,100
8212,0.85,0.28,0.57,6.25,10:36:06,106.01,100,106.06,200,106.03,100
8253,0.6000000000000001,0.14,0.46,0.0,10:37:00,106.01,200,106.06,200,106.0326,100
8366,0.44,0.07,0.37,18.26,10:38:18,105.99,100,106.03,100,105.99,100
8377,0.61,0.17,0.44,24.840000000000003,10:38:24,105.99,100,106.02,100,106.0,100
8401,0.62,0.18,0.44,38.85000000000001,10:38:38,105.94,100,106.0,200,105.98,100
8558,0.5800000000000001,0.2,0.38,28.139999999999993,10:40:28,105.94,100,105.99,100,105.965,500
8874,0.6100000000000001,0.07,0.54,24.0,10:44:24,105.92,100,105.95,200,105.95,100
8885,0.59,0.08,0.51,30.56,10:44:30,105.87,100,105.95,400,105.92,100
8895,0.5800000000000001,0.07,0.51,36.35,10:44:36,105.83,100,105.95,800,105.8935,100
9034,0.5900000000000001,0.26,0.33,0.0,10:46:00,105.86,100,105.9,100,105.89,100
9060,0.76,0.17,0.59,16.169999999999995,10:46:16,105.82,100,105.85,200,105.83,100
9065,0.5900000000000001,0.07,0.52,19.80999999999999,10:46:19,105.82,100,105.9,300,105.85,100
9434,0.5900000000000001,0.07,0.52,0.0,10:50:00,105.75,300,105.84,400,105.795,100
9529,0.6000000000000001,0.07,0.53,40.129999999999995,10:51:40,105.62,200,105.75,100,105.625,100
9672,0.57,0.08,0.49,0.0,10:53:00,105.64,200,105.74,800,105.685,300
9815,0.44,0.08,0.36,0.0,10:57:00,105.72,300,105.77,200,105.7564,550
10007,2.17,1.58,0.59,11.190000000000001,10:59:11,105.7,100,105.78,100,105.745,200
10106,0.58,0.15,0.43,0.0,11:00:00,105.7,100,105.78,200,105.735,200
10713,0.5800000000000001,0.07,0.51,3.96,11:09:03,105.6,100,105.65,200,105.6498,116
10923,0.5800000000000001,0.14,0.44,0.0,11:11:00,105.62,300,105.67,200,105.62100000000001,250
11859,0.59,0.08,0.51,19.220000000000002,11:24:19,105.76,100,105.81,100,105.755,100
12014,0.61,0.08,0.53,0.0,11:26:00,105.8,200,105.89,100,105.88,194
12526,0.66,0.27,0.39,23.810000000000002,11:34:23,105.76,100,105.85,100,105.8107,1200
12625,0.98,0.41,0.57,0.0,11:37:00,105.95,200,106.0,800,105.97,100
12868,0.43,0.14,0.29,45.59000000000002,11:41:45,105.99,500,106.06,200,106.06,300
12905,1.42,1.16,0.26,12.929999999999998,11:42:12,106.05,200,106.1,400,106.1,100
12909,3.11,2.79,0.32,16.759999999999998,11:42:16,105.99,100,106.04,100,106.05,100
12955,0.29000000000000004,0.07,0.22,33.859999999999985,11:42:33,106.0,200,106.08,100,106.04,100
13393,0.35,0.14,0.21,46.150000000000006,11:46:46,106.02,300,106.06,100,106.0499,100
14458,0.25,0.08,0.17,36.84000000000002,11:53:36,106.01,100,106.08,100,106.01100000000001,500
14481,0.56,0.28,0.28,45.16000000000003,11:53:45,106.0,100,106.07,100,106.035,200
14844,0.25,0.07,0.18,15.9,11:56:15,106.04,300,106.07,200,106.07,100
15194,0.3,0.08,0.22,0.0,11:58:00,105.89,100,105.96,200,105.9599,175
16048,2.82,2.61,0.21,0.0,12:04:00,105.92,200,106.02,100,106.005,100
16307,0.39,0.19,0.2,0.0,12:05:00,105.92,100,105.99,100,105.9501,281
16754,0.27,0.07,0.2,0.0,12:08:00,105.96,100,105.99,300,105.975,100
19567,0.49,0.27,0.22,0.0,12:27:00,106.0,100,106.04,200,106.001,2000
20311,0.23,0.07,0.16,0.0,12:31:00,105.96,300,105.99,200,105.9811,1000
20769,0.26,0.08,0.18,44.0,12:34:44,105.94,100,106.0,200,105.9702,1200
21692,0.38,0.21,0.17,1.88,12:41:01,105.7,200,105.75,100,105.7251,125
21786,149.10999999999999,148.89,0.22,0.0,12:44:00,105.63,300,105.68,200,105.6612,165
21890,2.8,2.46,0.34,0.0,12:45:00,105.65,100,105.7,100,105.665,100
21920,0.34,0.17,0.17,20.18,12:45:20,105.59,200,105.68,100,105.635,100
22561,0.53,0.2,0.33,39.95,12:49:39,105.61,100,105.65,100,105.616,448
22603,0.43,0.24,0.19,55.95999999999999,12:49:55,105.56,200,105.65,100,105.605,120
23300,0.37,0.17,0.2,0.0,12:54:00,105.66,400,105.74,100,105.6978,100
24172,0.25,0.09,0.16,11.810000000000002,13:01:11,105.62,200,105.66,100,105.6575,100
25240,0.36000000000000004,0.08,0.28,0.0,13:11:00,105.56,300,105.58,100,105.5699,187
25741,3.98,3.44,0.54,0.0,13:16:00,105.54,200,105.59,100,105.58200000000001,500
26366,0.82,0.24,0.58,8.250000000000002,13:23:08,105.55,100,105.58,200,105.565,100
26753,1.01,0.07,0.94,0.0,13:30:00,105.56,200,105.61,200,105.5847,100
27745,1.04,0.14,0.9,0.0,13:51:00,105.46,100,105.49,100,105.47,100
28004,0.97,0.08,0.89,39.550000000000004,13:56:39,105.36,200,105.43,200,105.4,100
28182,2.2199999999999998,1.17,1.05,0.0,14:00:00,105.33,100,105.38,300,105.355,400
28719,3.9800000000000004,2.99,0.99,4.99,14:11:04,105.41,100,105.45,100,105.425,100
29101,1.1800000000000002,0.08,1.1,0.0,14:18:00,105.54,100,105.58,100,105.5603,100
30170,0.74,0.27,0.47,7.9799999999999995,14:30:07,105.53,100,105.56,700,105.545,100
30211,0.8,0.24,0.56,0.0,14:31:00,105.56,100,105.59,300,105.575,100
31287,0.74,0.26,0.48,0.0,14:46:00,105.53,300,105.56,200,105.53299999999999,221
32158,0.62,0.08,0.54,0.0,14:57:00,105.48,400,105.53,200,105.48100000000001,100
32564,1.5899999999999999,1.01,0.58,0.0,15:02:00,105.5,100,105.54,100,105.535,100
34124,1.81,1.18,0.63,5.21,15:21:05,105.58,200,105.59,300,105.585,100
34948,0.76,0.1,0.66,5.77,15:31:05,105.54,100,105.55,300,105.5475,100
35233,0.77,0.21,0.56,27.980000000000004,15:34:27,105.51,100,105.52,400,105.515,100
36089,0.62,0.2,0.42,13.989999999999998,15:44:13,105.44,100,105.47,200,105.455,100
36155,0.57,0.09,0.48,0.0,15:45:00,105.47,200,105.49,800,105.485,100
36229,0.6,0.18,0.42,48.22000000000001,15:45:48,105.47,200,105.48,200,105.475,100
36375,0.59,0.12,0.47,27.980000000000004,15:47:27,105.46,300,105.47,100,105.4635,287
36567,0.5599999999999999,0.08,0.48,27.98,15:49:27,105.49,200,105.5,300,105.495,100
36674,2.0100000000000002,1.35,0.66,15.209999999999997,15:51:15,105.26,100,105.29,600,105.275,100
36681,0.81,0.18,0.63,20.409999999999993,15:51:20,105.27,300,105.29,700,105.28,100
36721,0.76,0.07,0.69,50.57999999999999,15:51:50,105.25,200,105.27,200,105.25,100
36745,2.4299999999999997,1.9,0.53,14.559999999999999,15:52:14,105.21,200,105.23,400,105.22,100
36753,0.77,0.25,0.52,21.729999999999997,15:52:21,105.22,400,105.24,300,105.24,100
36775,0.45,0.07,0.38,37.81000000000001,15:52:37,105.2,500,105.22,1200,105.21,100
36782,0.61,0.14,0.47,42.01000000000001,15:52:42,105.17,100,105.2,1500,105.17,100
36796,0.5900000000000001,0.07,0.52,51.58000000000003,15:52:51,105.14,200,105.16,1500,105.15,100
36808,0.63,0.17,0.46,0.0,15:53:00,105.14,300,105.17,200,105.155,100
36811,0.6,0.08,0.52,1.8000000000000003,15:53:01,105.14,400,105.17,200,105.1599,200
36817,0.6000000000000001,0.07,0.53,5.620000000000001,15:53:05,105.14,100,105.16,100,105.14,100
36847,0.6399999999999999,0.07,0.57,34.260000000000005,15:53:34,105.13,300,105.16,400,105.145,100
36852,0.6399999999999999,0.07,0.57,38.03,15:53:38,105.15,100,105.17,200,105.16,100
36896,0.79,0.18,0.61,8.8,15:54:08,105.13,300,105.14,700,105.1303,200
36911,0.6,0.24,0.36,20.240000000000002,15:54:20,105.17,200,105.19,100,105.19,199
36932,0.41000000000000003,0.09,0.32,32.00000000000001,15:54:32,105.17,200,105.18,100,105.175,100
37094,0.6,0.21,0.39,34.02000000000001,15:56:34,105.22,500,105.23,400,105.225,100
37258,0.59,0.21,0.38,59.76000000000003,15:59:59,105.27,400,105.31,400,105.3,100
37264,0.65,0.23,0.42,63.970000000000034,16:00:03,105.29,7500,105.31,500,105.29,163
