,Total Delay,Request Delay,Saving Delay,Arrival Time,Time,Bid,Bid Size,Ask,Ask Size,Last Price,Last Size
0,0.6499999999999999,0.3,0.35,0.6499999999999999,09:30:00,30.84,300,30.96,600,31.1,16883
12,0.35,0.16,0.19,4.76,09:30:04,30.84,100,30.96,600,30.85,100
42,0.32,0.07,0.25,16.54,09:30:16,30.84,100,30.96,600,30.9,100
169,0.27,0.07,0.2,0.0,09:31:00,30.88,100,30.95,300,30.89,100
197,2.11,1.93,0.18,2.9299999999999997,09:32:02,30.86,100,30.89,300,30.88,100
202,2.2199999999999998,2.03,0.19,12.73,09:32:12,30.85,100,30.89,300,30.87,100
220,0.37,0.21,0.16,19.81,09:32:19,30.83,200,30.87,100,30.83,100
246,0.36,0.18,0.18,27.96999999999999,09:32:27,30.78,100,30.81,100,30.78,100
264,0.24000000000000002,0.07,0.17,34.23999999999999,09:32:34,30.82,200,30.85,100,30.82,348
343,2.23,1.98,0.25,0.0,09:33:00,30.78,1400,30.8,300,30.79,100
350,3.75,3.46,0.29,5.78,09:33:05,30.72,200,30.75,200,30.73,100
354,2.19,1.96,0.23,9.16,09:33:09,30.71,100,30.74,500,30.725,100
365,0.42000000000000004,0.23,0.19,16.55,09:33:16,30.69,300,30.72,200,30.71,100
370,0.66,0.28,0.38,18.680000000000003,09:33:18,30.68,300,30.72,500,30.7,100
381,0.41000000000000003,0.22,0.19,22.490000000000006,09:33:22,30.72,200,30.75,100,30.74,100
653,0.44,0.22,0.22,0.0,09:35:00,30.65,200,30.68,500,30.67,100
686,0.6200000000000001,0.28,0.34,12.48,09:35:12,30.66,400,30.69,400,30.68,300
689,0.28,0.07,0.21,13.82,09:35:13,30.68,100,30.7,200,30.69,100
1027,0.36000000000000004,0.08,0.28,17.55,09:38:17,30.64,600,30.66,500,30.66,100
1080,0.46,0.23,0.23,42.17999999999999,09:38:42,30.63,400,30.64,200,30.64,100
1108,0.35000000000000003,0.08,0.27,53.76999999999998,09:38:53,30.62,300,30.64,500,30.63,300
1127,0.44,0.18,0.26,0.0,09:39:00,30.6,100,30.61,300,30.62,100
1132,0.47,0.23,0.24,2.16,09:39:02,30.6,500,30.62,700,30.61,117
1187,0.34,0.08,0.26,30.16000000000001,09:39:30,30.62,600,30.63,200,30.625,300
1220,0.29000000000000004,0.07,0.22,43.89000000000003,09:39:43,30.63,200,30.64,200,30.65,100
1269,2.0100000000000002,1.81,0.2,0.0,09:40:00,30.66,100,30.67,200,30.665,100
1519,0.38,0.08,0.3,48.379999999999995,09:41:48,30.71,800,30.73,400,30.72,100
1547,0.47,0.22,0.25,0.0,09:42:00,30.71,800,30.72,400,30.715,600
1721,0.32,0.08,0.24,28.22,09:43:28,30.74,800,30.75,500,30.75,100
1735,0.43,0.18,0.25,33.830000000000005,09:43:33,30.74,300,30.75,700,30.755,100
1736,0.6000000000000001,0.27,0.33,34.43000000000001,09:43:34,30.74,300,30.75,700,30.745,100
2233,0.25,0.07,0.18,2.02,09:47:02,30.7,200,30.71,700,30.705,500
2239,0.28,0.07,0.21,4.04,09:47:04,30.68,200,30.69,1000,30.685,100
2279,0.5,0.21,0.29,24.439999999999994,09:47:24,30.66,400,30.67,700,30.675,100
2550,2.28,1.94,0.34,20.35,09:49:20,30.68,1000,30.69,800,30.6862,300
2870,0.29000000000000004,0.07,0.22,41.98999999999999,09:51:41,30.69,200,30.7,400,30.695,135
3183,0.28,0.1,0.18,45.63999999999997,09:53:45,30.67,500,30.68,300,30.6775,400
3266,0.43000000000000005,0.26,0.17,23.950000000000006,09:54:23,30.76,300,30.77,400,30.76,100
3384,0.4,0.1,0.3,0.0,09:55:00,30.77,500,30.78,300,30.77,100
3434,0.39,0.19,0.2,26.209999999999997,09:55:26,30.77,400,30.78,300,30.7799,200
3504,0.44,0.21,0.23,53.64000000000002,09:55:53,30.78,300,30.8,500,30.8,100
3592,0.36,0.19,0.17,39.999999999999986,09:56:39,30.83,500,30.85,2300,30.84,100
3616,0.4,0.22,0.18,47.97,09:56:47,30.86,100,30.87,500,30.86,100
3657,0.38,0.09,0.29,0.0,09:57:00,30.85,100,30.86,400,30.865,100
3869,0.37,0.17,0.2,38.0,09:58:38,30.92,300,30.94,600,30.93,100
3875,0.35,0.12,0.23,40.150000000000006,09:58:40,30.91,100,30.92,300,30.92,100
3941,2.56,2.22,0.34,5.35,09:59:05,30.91,100,30.92,200,30.91,100
4179,0.56,0.25,0.31,44.36999999999998,10:00:44,30.93,1400,30.95,200,30.94,100
4806,0.38,0.19,0.19,7.670000000000001,10:05:07,30.95,300,30.96,200,30.95,100
4928,0.37,0.19,0.18,0.0,10:06:00,30.97,300,30.98,400,30.97,100
4952,2.39,2.14,0.25,18.880000000000003,10:06:18,30.97,300,30.98,500,30.98,800
4962,0.31,0.15,0.16,24.009999999999998,10:06:24,30.99,400,31.01,200,30.99,100
5010,0.35,0.09,0.26,40.18,10:06:40,30.99,100,31.0,400,31.01,100
5113,0.28,0.08,0.2,10.079999999999998,10:07:10,30.96,200,30.97,500,30.96,100
5560,2.4,2.01,0.39,6.9399999999999995,10:13:06,30.99,200,31.0,600,31.0,100
7893,0.25,0.08,0.17,22.009999999999994,10:33:22,30.88,200,30.89,600,30.885,100
8237,1.78,1.26,0.52,1.78,10:37:01,30.91,500,30.92,500,30.915,169
8733,0.5800000000000001,0.14,0.44,48.23000000000001,10:42:48,31.0,700,31.02,400,31.02,100
8772,1.19,0.7,0.49,17.599999999999998,10:43:17,31.02,500,31.03,200,31.03,100
8777,0.65,0.13,0.52,21.63,10:43:21,31.03,400,31.05,300,31.04,100
8786,0.79,0.28,0.51,28.21,10:43:28,31.03,300,31.04,100,31.05,100
8794,0.6000000000000001,0.07,0.53,33.980000000000004,10:43:33,31.02,300,31.03,100,31.0299,105
8797,0.59,0.09,0.5,35.98000000000001,10:43:35,31.02,200,31.03,300,31.0201,1700
8902,0.45,0.14,0.31,20.219999999999995,10:44:20,31.0,400,31.01,800,31.015,100
9389,0.62,0.18,0.44,4.03,10:50:04,31.0,300,31.01,600,31.005,100
9756,118.97,118.36,0.61,0.0,10:56:00,30.99,300,31.0,700,30.995,100
9784,0.64,0.18,0.46,18.87,10:56:18,30.97,400,30.98,300,30.985,100
9808,0.5800000000000001,0.07,0.51,0.0,10:57:00,30.97,200,30.98,1100,30.975,100
10392,0.62,0.21,0.41,46.04000000000001,11:05:46,30.98,400,30.99,200,30.9875,300
10837,0.6000000000000001,0.07,0.53,28.23,11:10:28,31.02,300,31.03,200,31.025,100
10840,0.63,0.08,0.55,30.419999999999998,11:10:30,31.01,500,31.02,300,31.0101,100
10974,0.6,0.23,0.37,7.569999999999999,11:12:07,31.03,200,31.04,100,31.035,500
10981,0.5900000000000001,0.07,0.52,14.729999999999999,11:12:14,31.04,300,31.05,400,31.045,200
11002,0.7699999999999999,0.08,0.69,32.14,11:12:32,31.05,400,31.06,200,31.06,100
11005,0.6300000000000001,0.07,0.56,33.970000000000006,11:12:33,31.05,300,31.06,200,31.055,300
11025,0.8300000000000001,0.18,0.65,47.99,11:12:47,31.06,300,31.07,200,31.07,100
11038,0.79,0.26,0.53,57.95000000000001,11:12:57,31.07,300,31.08,300,31.08,100
11073,0.78,0.17,0.61,20.010000000000005,11:13:20,31.07,100,31.08,300,31.075,700
11243,0.6000000000000001,0.07,0.53,0.0,11:17:00,31.09,400,31.1,600,31.09,100
11251,0.5800000000000001,0.18,0.4,11.809999999999999,11:17:11,31.08,200,31.09,400,31.085,100
12451,0.43999999999999995,0.09,0.35,46.04,11:33:46,30.96,500,30.97,800,30.9725,100
12477,2.15,1.64,0.51,0.0,11:34:00,30.96,600,30.97,1400,30.965,100
12642,0.61,0.1,0.51,18.81,11:37:18,30.87,700,30.88,300,30.8799,100
12655,0.58,0.22,0.36,26.779999999999998,11:37:26,30.88,300,30.89,500,30.8875,100
13244,0.25,0.08,0.17,3.8699999999999997,11:45:03,30.92,300,30.93,300,30.9299,1325
13259,0.32,0.14,0.18,8.01,11:45:08,30.92,300,30.93,300,30.925,100
13404,0.47,0.23,0.24,31.769999999999996,11:46:31,30.94,300,30.95,300,30.945,100
13870,0.41000000000000003,0.18,0.23,37.18999999999999,11:49:37,30.93,1100,30.94,600,30.935,100
15220,0.27,0.07,0.2,37.96,11:58:37,30.98,400,30.99,400,30.9867,1335
17734,0.39,0.17,0.22,34.12000000000001,12:14:34,30.98,700,30.99,800,30.9825,100
17920,0.55,0.23,0.32,0.0,12:16:00,30.97,500,30.98,500,30.9701,103
18204,0.28,0.11,0.17,54.059999999999995,12:17:54,30.98,1600,30.99,600,30.980999999999998,100
22983,1.01,0.74,0.27,19.920000000000005,12:52:19,31.05,300,31.06,800,31.0475,2100
23702,0.36,0.17,0.19,0.0,12:57:00,31.06,600,31.07,300,31.065,200
23736,0.31,0.13,0.18,22.060000000000002,12:57:22,31.06,600,31.07,400,31.066999999999997,200
25080,0.35000000000000003,0.07,0.28,0.0,13:10:00,31.09,500,31.1,400,31.095,500
25266,0.46,0.14,0.32,2.0,13:11:02,31.1,1100,31.11,200,31.11,100
25274,0.49,0.17,0.32,6.23,13:11:06,31.12,1000,31.13,100,31.12,100
25278,0.42,0.07,0.35,8.180000000000001,13:11:08,31.13,1100,31.14,100,31.13,100
25302,0.39,0.08,0.31,19.740000000000002,13:11:19,31.14,1400,31.15,100,31.145,200
25306,0.55,0.14,0.41,21.770000000000003,13:11:21,31.15,1100,31.16,400,31.15,100
25415,0.36,0.07,0.29,0.0,13:12:00,31.13,200,31.14,500,31.14,100
25577,0.63,0.2,0.43,0.0,13:14:00,31.12,800,31.13,100,31.125,100
26597,1.01,0.11,0.9,34.01,13:26:34,31.01,500,31.02,400,31.0142,131
27025,1.1900000000000002,0.07,1.12,0.0,13:36:00,31.03,900,31.04,300,31.031,200
27130,1.01,0.07,0.94,11.169999999999998,13:38:11,31.02,400,31.03,600,31.023000000000003,156
27365,1.2,0.21,0.99,0.0,13:44:00,30.99,800,31.0,500,30.993000000000002,328
27710,1.3900000000000001,0.08,1.31,0.0,13:51:00,31.0,1400,31.01,500,31.0014,332
27719,1.2,0.21,0.99,11.579999999999998,13:51:11,30.99,400,31.0,800,30.997,192
27733,1.2000000000000002,0.09,1.11,31.99,13:51:31,30.98,600,30.99,600,30.9869,100
27743,1.4,0.22,1.18,43.81,13:51:43,30.98,700,30.99,600,30.9899,1000
27964,1.22,0.07,1.15,56.02,13:55:56,30.99,700,31.0,200,30.9999,200
27969,1.3900000000000001,0.07,1.32,1.3900000000000001,13:56:01,30.99,500,31.0,400,30.9975,100
28293,1.02,0.19,0.83,25.409999999999997,14:02:25,30.99,900,31.0,300,30.9992,100
28794,0.81,0.07,0.74,0.0,14:12:00,30.97,800,30.98,300,30.9772,645
29055,0.81,0.14,0.67,12.2,14:17:12,30.97,600,30.98,700,30.9799,600
29830,0.58,0.08,0.5,0.0,14:27:00,30.97,500,30.98,300,30.9715,105
30163,0.59,0.16,0.43,46.00000000000003,14:30:46,30.98,500,30.99,500,30.9809,141
31203,1.17,0.67,0.5,2.42,14:45:02,30.98,500,30.99,700,30.9805,100
31760,0.5900000000000001,0.07,0.52,0.0,14:52:00,30.95,900,30.96,500,30.9599,189
31763,0.62,0.23,0.39,2.23,14:52:02,30.95,900,30.96,500,30.951,253
31914,0.74,0.2,0.54,36.56,14:53:36,30.96,2000,30.97,400,30.9699,139
32173,0.61,0.18,0.43,33.230000000000004,14:57:33,30.99,3300,31.0,400,30.999000000000002,150
32867,0.65,0.2,0.45,15.6,15:06:15,30.96,400,30.97,700,30.9675,100
32943,0.6399999999999999,0.07,0.57,4.01,15:07:04,30.96,700,30.97,1000,30.9669,156
32953,0.77,0.07,0.7,11.789999999999997,15:07:11,30.96,900,30.97,1000,30.9685,111
33760,0.78,0.27,0.51,52.51000000000002,15:16:52,30.99,800,31.0,600,30.9925,100
34875,3.85,2.77,1.08,6.4399999999999995,15:30:06,30.99,1500,31.0,1000,30.9915,3000
34954,0.61,0.08,0.53,9.789999999999997,15:31:09,30.99,1100,31.0,1600,30.9946,4000
35190,0.76,0.31,0.45,57.58000000000001,15:33:57,30.95,800,30.96,2200,30.955,100
36333,0.6000000000000001,0.07,0.53,6.82,15:47:06,30.99,1300,31.0,1500,30.991999999999997,660
36368,0.6000000000000001,0.2,0.4,31.840000000000007,15:47:31,30.98,700,30.99,900,30.9861,177
36894,0.77,0.07,0.7,7.379999999999999,15:54:07,30.99,1000,31.0,1300,30.9954,107
36966,0.78,0.24,0.54,56.640000000000015,15:54:56,31.0,1300,31.01,1500,31.0001,491
