,Total Delay,Request Delay,Saving Delay,Arrival Time,Time,Bid,Bid Size,Ask,Ask Size,Last Price,Last Size
0,0.6499999999999999,0.3,0.35,0.6499999999999999,09:30:00,114.57,100,114.7,100,114.75,200
28,0.5800000000000001,0.27,0.31,10.940000000000001,09:30:10,114.55,100,114.69,100,114.59,189
51,0.4,0.18,0.22,0.0,09:31:00,114.73,100,114.94,300,114.73,100
56,0.30000000000000004,0.07,0.23,3.0,09:31:03,114.59,100,114.99,400,114.71,100
148,0.4,0.08,0.32,44.16000000000002,09:31:44,114.6,200,114.96,300,114.62,100
264,0.24000000000000002,0.07,0.17,0.0,09:32:00,114.65,100,114.93,200,114.64,100
352,0.35,0.18,0.17,0.0,09:33:00,114.54,100,114.76,500,114.66,100
440,0.45,0.25,0.2,36.390000000000015,09:33:36,114.66,100,114.75,100,114.725,200
452,0.26,0.07,0.19,40.150000000000006,09:33:40,114.65,100,114.75,200,114.72,100
492,0.34,0.14,0.2,0.0,09:34:00,114.65,200,114.75,500,114.7,100
509,2.14,1.95,0.19,9.370000000000001,09:34:09,114.65,100,114.74,200,114.65,100
571,0.32,0.07,0.25,40.08999999999998,09:34:40,114.56,100,114.73,100,114.56,100
594,0.38,0.14,0.24,48.26999999999999,09:34:48,114.58,200,114.73,300,114.69,100
625,2.72,2.35,0.37,0.0,09:35:00,114.56,100,114.74,100,114.57,100
674,0.44999999999999996,0.21,0.24,19.77,09:35:19,114.58,600,114.73,100,114.655,100
686,0.6200000000000001,0.28,0.34,24.340000000000003,09:35:24,114.62,600,114.75,200,114.685,100
707,0.25,0.07,0.18,31.70000000000001,09:35:31,114.68,400,114.75,100,114.715,100
741,0.23,0.07,0.16,41.83000000000002,09:35:41,114.72,200,114.76,100,114.74,100
765,0.44000000000000006,0.17,0.27,0.0,09:36:00,114.75,100,114.77,100,114.76,100
771,2.1,1.83,0.27,7.4300000000000015,09:36:07,114.68,100,114.73,100,114.68,100
818,0.32,0.14,0.18,31.970000000000006,09:36:31,114.7,100,114.77,200,114.77,100
866,0.42,0.21,0.21,52.170000000000016,09:36:52,114.7,100,114.77,200,114.7025,105
905,0.42000000000000004,0.1,0.32,0.0,09:37:00,114.7,600,114.79,100,114.735,100
1023,0.39,0.11,0.28,13.91,09:38:13,114.72,200,114.78,200,114.78,100
1149,0.26,0.07,0.19,6.41,09:39:06,114.69,200,114.8,600,114.8,100
1153,0.8200000000000001,0.52,0.3,8.57,09:39:08,114.69,200,114.8,600,114.745,100
1216,0.49,0.22,0.27,36.27000000000002,09:39:36,114.77,100,114.82,100,114.795,100
1232,0.28,0.07,0.21,41.890000000000015,09:39:41,114.79,200,114.85,400,114.83,100
1245,0.42000000000000004,0.22,0.2,46.000000000000014,09:39:46,114.79,200,114.85,100,114.85,100
1266,0.52,0.28,0.24,0.0,09:40:00,114.83,100,114.9,100,114.88,100
1308,0.42,0.18,0.24,23.730000000000004,09:40:23,114.84,100,114.9,100,114.84,100
1533,0.41000000000000003,0.17,0.24,54.06999999999999,09:41:54,114.79,100,114.84,100,114.79,100
1538,0.59,0.29,0.3,56.15,09:41:56,114.79,100,114.84,100,114.7935,190
1566,0.41000000000000003,0.09,0.32,18.380000000000003,09:42:18,114.8,100,114.82,100,114.81,100
1618,0.43000000000000005,0.15,0.28,41.93999999999999,09:42:41,114.71,100,114.8,100,114.7214,500
1676,0.54,0.25,0.29,3.8200000000000003,09:43:03,114.71,100,114.77,600,114.7251,100
1725,0.36,0.09,0.27,27.7,09:43:27,114.59,100,114.69,100,114.61,100
1773,0.29000000000000004,0.07,0.22,45.830000000000005,09:43:45,114.59,100,114.65,200,114.615,100
1815,0.33,0.07,0.26,0.0,09:44:00,114.61,100,114.67,100,114.63,100
1873,0.36,0.14,0.22,27.989999999999995,09:44:27,114.63,100,114.67,100,114.645,100
2005,0.43,0.07,0.36,30.040000000000006,09:45:30,114.63,100,114.71,600,114.67,100
2061,0.44,0.2,0.24,51.87000000000002,09:45:51,114.64,100,114.71,100,114.675,100
2363,0.47,0.17,0.3,50.17999999999997,09:47:50,114.74,200,114.77,100,114.755,100
2599,0.44,0.2,0.24,41.68999999999999,09:49:41,114.63,200,114.7,100,114.665,100
2853,0.48,0.22,0.26,36.11,09:51:36,114.7,100,114.71,200,114.705,100
3568,0.55,0.21,0.34,26.029999999999998,09:56:26,114.7,100,114.74,200,114.7028,110
3778,0.26,0.07,0.19,45.17999999999999,09:57:45,114.73,100,114.75,100,114.7301,100
4014,0.34,0.17,0.17,23.880000000000006,09:59:23,114.76,200,114.78,300,114.765,200
4104,3.3400000000000003,2.95,0.39,9.100000000000001,10:00:09,114.81,200,114.84,200,114.82,200
4117,0.31,0.08,0.23,16.19,10:00:16,114.82,100,114.85,200,114.835,100
4179,0.56,0.25,0.31,46.48999999999999,10:00:46,114.81,200,114.84,400,114.825,100
4190,0.54,0.08,0.46,52.66999999999998,10:00:52,114.85,100,114.88,200,114.86,100
4223,0.41000000000000003,0.18,0.23,10.309999999999999,10:01:10,114.8,200,114.82,200,114.815,200
4404,0.33,0.07,0.26,27.959999999999994,10:02:27,114.86,600,114.89,200,114.875,100
4484,0.4,0.18,0.22,56.29000000000003,10:02:56,114.88,100,114.89,100,114.885,200
4489,0.35000000000000003,0.07,0.28,58.14000000000003,10:02:58,114.88,100,114.89,100,114.89,100
4536,0.25,0.08,0.17,18.530000000000005,10:03:18,114.84,100,114.87,200,114.865,100
4539,0.25,0.07,0.18,21.950000000000003,10:03:21,114.86,200,114.89,200,114.87,100
5591,0.46,0.26,0.2,12.010000000000002,10:13:12,114.84,300,114.87,100,114.855,200
6093,0.33999999999999997,0.13,0.21,28.459999999999997,10:16:28,114.83,300,114.86,100,114.845,100
6291,4.31,3.94,0.37,0.0,10:18:00,114.88,600,114.91,200,114.895,100
6451,1.02,0.77,0.25,10.71,10:20:10,114.89,100,114.91,200,114.9,100
6536,34.309999999999995,34.08,0.23,0.0,10:21:00,114.93,100,114.95,100,114.939,100
6563,0.71,0.23,0.48,12.68,10:21:12,114.94,100,114.97,100,114.96,100
6585,0.31,0.07,0.24,23.889999999999997,10:21:23,114.94,200,114.96,200,114.95,400
6677,0.47000000000000003,0.08,0.39,42.190000000000026,10:22:42,114.9,200,114.92,200,114.92,100
7264,0.33,0.11,0.22,1.9000000000000001,10:28:01,114.68,100,114.7,200,114.6938,100
7919,0.34,0.08,0.26,40.85000000000002,10:33:40,114.78,200,114.83,200,114.805,100
8277,0.63,0.25,0.38,29.50000000000001,10:37:29,114.62,300,114.64,200,114.6294,125
8292,0.78,0.35,0.43,39.30000000000002,10:37:39,114.61,100,114.63,600,114.605,100
8353,0.6000000000000001,0.07,0.53,23.59,10:38:23,114.54,200,114.57,200,114.555,100
8377,0.61,0.17,0.44,38.0,10:38:38,114.54,300,114.57,400,114.54,100
8423,2.21,1.42,0.79,2.95,10:39:02,114.51,300,114.56,200,114.55,100
8436,0.8300000000000001,0.27,0.56,14.18,10:39:14,114.51,100,114.54,100,114.51,100
8458,0.76,0.14,0.62,30.330000000000005,10:39:30,114.51,200,114.54,200,114.53,200
8483,0.8099999999999999,0.22,0.59,48.53000000000002,10:39:48,114.51,200,114.54,200,114.535,100
8497,4.56,3.8,0.76,11.379999999999999,10:40:11,114.57,100,114.59,100,114.58,100
9095,0.61,0.21,0.4,49.640000000000015,10:46:49,114.68,200,114.73,100,114.729,200
9756,118.97,118.36,0.61,0.0,10:55:00,114.73,400,114.76,200,114.709,200
10012,0.58,0.29,0.29,7.23,10:59:07,114.66,200,114.68,100,114.65899999999999,400
10186,4.41,3.86,0.55,18.580000000000002,11:01:18,114.69,100,114.7,200,114.695,100
10374,0.6,0.17,0.43,37.570000000000014,11:05:37,114.63,400,114.64,300,114.635,300
10506,0.6000000000000001,0.2,0.4,0.0,11:07:00,114.61,300,114.62,300,114.624,600
10526,0.6599999999999999,0.36,0.3,16.419999999999998,11:07:16,114.6,100,114.62,100,114.6,200
10542,0.5700000000000001,0.07,0.5,27.98,11:07:27,114.61,200,114.64,100,114.625,100
11202,0.44999999999999996,0.09,0.36,0.44999999999999996,11:16:00,114.64,100,114.65,200,114.6434,700
11603,0.6100000000000001,0.07,0.54,23.820000000000007,11:21:23,114.68,500,114.7,200,114.6909,150
11752,2.58,1.99,0.59,13.43,11:23:13,114.69,100,114.71,100,114.6901,100
11837,0.8,0.39,0.41,16.2,11:24:16,114.72,200,114.75,200,114.727,200
11929,0.85,0.21,0.64,0.0,11:25:00,114.73,200,114.75,100,114.7375,100
12320,0.5800000000000001,0.07,0.51,32.239999999999995,11:32:32,114.61,100,114.63,100,114.6193,100
12388,2.03,1.45,0.58,15.42,11:33:15,114.6,100,114.62,200,114.6075,100
12468,0.62,0.09,0.53,0.0,11:34:00,114.56,200,114.59,300,114.575,100
12489,0.62,0.18,0.44,19.790000000000006,11:34:19,114.58,500,114.59,200,114.585,100
12535,0.61,0.08,0.53,49.78,11:34:49,114.56,100,114.57,100,114.565,100
13142,84.78,84.59,0.19,0.0,11:45:00,114.52,400,114.54,300,114.525,100
13176,0.34,0.17,0.17,10.840000000000002,11:45:10,114.52,300,114.54,300,114.52,100
13695,0.42000000000000004,0.22,0.2,43.68999999999999,11:48:43,114.49,200,114.5,200,114.49,100
13701,0.26,0.08,0.18,45.72999999999998,11:48:45,114.44,200,114.46,200,114.45,100
13708,0.26,0.08,0.18,47.649999999999984,11:48:47,114.44,100,114.46,200,114.44,100
13738,0.30000000000000004,0.14,0.16,1.79,11:49:01,114.42,100,114.43,200,114.42,100
13745,0.28,0.1,0.18,3.9000000000000004,11:49:03,114.42,200,114.43,100,114.43,100
13858,0.31000000000000005,0.14,0.17,51.910000000000004,11:49:51,114.42,800,114.44,400,114.4313,125
13897,1.24,1.0,0.24,4.18,11:50:04,114.4,600,114.41,100,114.41,100
13925,0.35,0.19,0.16,21.879999999999995,11:50:21,114.4,400,114.42,100,114.4112,100
13958,0.44000000000000006,0.27,0.17,32.12,11:50:32,114.41,200,114.42,300,114.415,100
14079,0.25,0.07,0.18,22.029999999999994,11:51:22,114.41,200,114.42,200,114.4167,175
14139,0.42000000000000004,0.23,0.19,41.95999999999999,11:51:41,114.44,300,114.49,200,114.4786,1513
14158,0.28,0.07,0.21,48.040000000000006,11:51:48,114.44,400,114.49,300,114.465,100
14337,0.33999999999999997,0.13,0.21,31.690000000000005,11:52:31,114.45,100,114.47,200,114.46,100
14383,1.7,1.51,0.19,2.98,11:53:02,114.49,100,114.51,100,114.5,100
14558,0.41000000000000003,0.21,0.2,30.400000000000013,11:54:30,114.63,400,114.69,500,114.6762,500
14647,0.38,0.21,0.17,0.0,11:55:00,114.67,100,114.69,200,114.6725,100
14815,0.33999999999999997,0.15,0.19,4.09,11:56:04,114.68,200,114.7,300,114.6862,139
16033,2.83,2.49,0.34,0.0,12:04:00,114.66,200,114.67,200,114.6646,200
16322,0.31,0.08,0.23,54.98,12:05:54,114.65,200,114.67,200,114.654,131
16356,2.14,1.97,0.17,7.950000000000001,12:06:07,114.62,200,114.66,200,114.62899999999999,174
17282,0.37,0.21,0.16,32.07999999999999,12:11:32,114.58,200,114.63,100,114.595,100
17440,0.26,0.07,0.19,48.04000000000002,12:12:48,114.5,200,114.53,100,114.515,100
17646,0.3,0.09,0.21,20.010000000000005,12:14:20,114.54,100,114.57,100,114.5485,100
19223,0.31,0.08,0.23,29.979999999999997,12:24:29,114.54,200,114.57,100,114.545,100
19395,0.42,0.21,0.21,48.22999999999999,12:25:48,114.54,100,114.55,100,114.5432,140
19632,0.29000000000000004,0.09,0.2,30.069999999999997,12:27:30,114.61,100,114.63,200,114.6125,100
19656,0.31,0.13,0.18,37.989999999999995,12:27:37,114.6,100,114.62,200,114.6087,372
20762,0.37,0.2,0.17,45.589999999999996,12:34:45,114.59,200,114.61,100,114.5901,100
22592,0.39,0.19,0.2,50.12000000000001,12:49:50,114.47,100,114.49,200,114.48,100
22646,0.37,0.18,0.19,22.25,12:50:22,114.5,300,114.51,100,114.505,100
24012,0.28,0.08,0.2,37.480000000000004,12:58:37,114.63,400,114.67,300,114.62700000000001,100
24493,0.28,0.09,0.19,32.05,13:03:32,114.71,200,114.73,400,114.7235,100
25286,0.63,0.19,0.44,18.009999999999994,13:11:18,114.71,500,114.76,100,114.7381,150
25837,0.43,0.11,0.32,27.799999999999997,13:17:27,114.65,200,114.68,200,114.6669,400
26688,1.03,0.13,0.9,51.25000000000003,13:28:51,114.71,200,114.73,100,114.7299,100
26739,1.37,0.08,1.29,0.0,13:30:00,114.73,400,114.76,200,114.7432,110
26845,1.21,0.08,1.13,0.0,13:32:00,114.74,300,114.76,200,114.759,100
27161,1.03,0.25,0.78,0.0,13:39:00,114.82,300,114.83,200,114.829,100
27633,1.19,0.36,0.83,23.830000000000005,13:49:23,114.82,200,114.85,100,114.837,177
28803,0.98,0.23,0.75,33.60999999999999,14:12:33,114.81,100,114.84,100,114.8211,150
28961,0.98,0.33,0.65,15.390000000000004,14:15:15,114.84,100,114.86,200,114.8466,160
29161,2.19,1.45,0.74,0.0,14:19:00,114.87,100,114.9,200,114.87100000000001,100
29504,0.43000000000000005,0.09,0.34,19.78,14:23:19,114.88,100,114.9,100,114.91,100
29549,0.43,0.07,0.36,44.01000000000001,14:23:44,114.92,100,114.94,200,114.93,100
29671,0.76,0.18,0.58,0.0,14:25:00,114.92,200,114.96,200,114.94,100
29761,0.45,0.14,0.31,1.83,14:26:01,114.91,200,114.94,200,114.925,100
29884,0.61,0.17,0.44,6.0,14:27:06,114.95,500,114.99,200,114.99,100
29887,0.57,0.08,0.49,7.75,14:27:07,114.97,200,115.0,1500,114.98,100
30100,0.6000000000000001,0.07,0.53,0.0,14:30:00,114.95,300,114.98,100,114.97,100
30485,104.82,104.3,0.52,0.0,14:36:00,115.05,300,115.07,300,115.06,100
30487,0.76,0.23,0.53,1.35,14:36:01,115.07,100,115.09,200,115.07,100
30493,0.6300000000000001,0.07,0.56,5.59,14:36:05,115.06,300,115.08,200,115.0687,215
30578,0.77,0.19,0.58,36.32000000000001,14:37:36,115.05,200,115.06,200,115.05,100
30597,0.6000000000000001,0.07,0.53,49.92000000000001,14:37:49,115.03,100,115.05,600,115.04,100
30651,0.73,0.27,0.46,0.0,14:38:00,115.01,200,115.03,700,115.03,100
30710,0.64,0.14,0.5,0.0,14:39:00,114.99,300,115.01,300,115.0,200
30733,0.61,0.24,0.37,14.33,14:39:14,115.03,200,115.05,100,115.0392,100
30765,0.61,0.08,0.53,33.930000000000014,14:39:33,115.01,200,115.02,100,115.02,100
30846,0.8,0.26,0.54,20.580000000000002,14:40:20,114.99,300,115.01,100,115.01,100
31385,0.6,0.21,0.39,27.569999999999997,14:47:27,114.98,100,114.99,100,114.995,100
31386,0.5700000000000001,0.13,0.44,28.139999999999997,14:47:28,114.97,100,114.98,400,114.975,100
31859,3.1799999999999997,2.57,0.61,3.7899999999999996,14:53:03,114.95,300,114.96,100,114.9575,100
32032,0.61,0.1,0.51,15.769999999999998,14:55:15,114.93,500,114.95,100,114.935,100
32319,0.45,0.08,0.37,27.450000000000003,14:59:27,115.01,200,115.04,200,115.012,135
32389,4.21,3.6,0.61,0.0,15:00:00,115.0,100,115.01,400,115.005,100
32587,1.05,0.08,0.97,0.0,15:02:00,115.0,300,115.01,300,115.0088,100
32706,0.76,0.07,0.69,5.98,15:04:05,115.02,100,115.03,500,115.015,200
32720,0.63,0.14,0.49,17.859999999999996,15:04:17,115.01,400,115.02,100,115.0101,175
32817,0.8,0.24,0.56,28.74,15:05:28,115.03,300,115.04,100,115.035,100
33020,0.63,0.08,0.55,18.029999999999998,15:08:18,115.04,100,115.05,200,115.045,100
33045,0.62,0.17,0.45,36.019999999999996,15:08:36,115.04,200,115.05,300,115.0415,352
33088,1.6,1.12,0.48,0.0,15:09:00,115.05,100,115.07,600,115.055,100
33178,0.45,0.07,0.38,20.419999999999998,15:10:20,115.03,200,115.06,100,115.065,100
33470,0.79,0.18,0.61,40.19999999999999,15:13:40,115.08,200,115.1,200,115.09,100
33498,0.5700000000000001,0.13,0.44,0.0,15:14:00,115.09,600,115.1,100,115.095,100
33530,0.43999999999999995,0.09,0.35,24.220000000000002,15:14:24,115.06,200,115.08,300,115.08,100
34025,0.56,0.07,0.49,0.0,15:20:00,115.06,300,115.07,200,115.0699,828
34049,0.79,0.18,0.61,20.629999999999995,15:20:20,115.07,300,115.1,400,115.085,100
34084,0.5700000000000001,0.14,0.43,42.20000000000001,15:20:42,115.1,100,115.12,2200,115.11,100
34087,0.5599999999999999,0.08,0.48,43.81000000000001,15:20:43,115.13,100,115.14,100,115.139,100
34091,0.61,0.24,0.37,46.040000000000006,15:20:46,115.12,400,115.15,200,115.14,100
34121,0.6300000000000001,0.07,0.56,7.64,15:21:07,115.12,300,115.14,200,115.1275,100
34126,0.75,0.15,0.6,12.39,15:21:12,115.12,400,115.15,200,115.13,100
34146,0.5900000000000001,0.14,0.45,27.65000000000001,15:21:27,115.12,100,115.13,200,115.125,100
34213,4.590000000000001,4.15,0.44,0.0,15:22:00,115.14,400,115.17,400,115.15,100
34214,0.62,0.19,0.43,0.62,15:22:00,115.14,400,115.17,300,115.17,100
34215,0.5700000000000001,0.14,0.43,1.19,15:22:01,115.15,300,115.18,300,115.165,162
34245,0.62,0.2,0.42,21.180000000000003,15:22:21,115.17,200,115.19,100,115.18,100
34249,0.61,0.21,0.4,23.590000000000003,15:22:23,115.18,100,115.2,400,115.19,100
34268,0.59,0.16,0.43,35.55000000000002,15:22:35,115.19,400,115.2,300,115.2,100
34300,0.57,0.08,0.49,6.000000000000001,15:23:06,115.21,200,115.22,200,115.21,100
34321,0.6,0.13,0.47,17.83,15:23:17,115.22,300,115.24,200,115.22,100
34531,0.74,0.21,0.53,56.70000000000001,15:25:56,115.22,300,115.24,200,115.23,200
34532,0.61,0.14,0.47,57.31000000000001,15:25:57,115.23,300,115.25,200,115.24,100
34596,0.75,0.19,0.56,39.940000000000005,15:26:39,115.23,400,115.25,200,115.25,150
34602,0.6,0.13,0.47,43.940000000000005,15:26:43,115.23,400,115.25,300,115.2365,800
34624,0.59,0.12,0.47,0.0,15:27:00,115.25,200,115.27,100,115.26,100
34631,2.2,1.67,0.53,5.8100000000000005,15:27:05,115.25,400,115.28,100,115.27,100
34728,0.62,0.23,0.39,0.0,15:28:00,115.26,200,115.3,300,115.28,100
34732,3.39,2.77,0.62,5.17,15:28:05,115.27,100,115.3,200,115.3,100
34759,0.62,0.08,0.54,21.96,15:28:21,115.28,200,115.3,800,115.305,100
34784,0.6100000000000001,0.07,0.54,37.95000000000001,15:28:37,115.28,300,115.3,500,115.281,243
34788,0.6000000000000001,0.07,0.53,40.500000000000014,15:28:40,115.28,200,115.29,200,115.29,100
34833,0.97,0.32,0.65,11.78,15:29:11,115.28,200,115.3,300,115.2867,1500
34873,0.7899999999999999,0.08,0.71,12.38,15:30:12,115.27,500,115.28,200,115.275,755
34875,3.85,2.77,1.08,18.82,15:30:18,115.27,500,115.28,200,115.2769,1250
34957,0.6,0.08,0.52,19.78,15:31:19,115.22,200,115.23,200,115.225,100
35053,0.59,0.21,0.38,21.97,15:32:21,115.2,100,115.23,200,115.215,100
35133,0.6,0.08,0.52,15.179999999999998,15:33:15,115.18,200,115.19,100,115.185,100
35167,0.64,0.08,0.56,35.59,15:33:35,115.17,100,115.18,400,115.1723,680
35215,0.6,0.08,0.52,13.8,15:34:13,115.14,200,115.15,200,115.145,100
35255,0.43,0.08,0.35,39.38000000000001,15:34:39,115.14,200,115.15,400,115.1443,1800
35303,0.5900000000000001,0.19,0.4,0.0,15:35:00,115.12,300,115.13,500,115.12,100
35409,0.45999999999999996,0.16,0.3,0.0,15:36:00,115.1,100,115.11,200,115.1,100
35513,0.79,0.07,0.72,30.040000000000003,15:37:30,115.11,200,115.12,100,115.1146,150
35543,0.6100000000000001,0.07,0.54,49.67000000000001,15:37:49,115.11,300,115.12,300,115.1156,100
35734,0.5900000000000001,0.07,0.52,0.5900000000000001,15:40:00,115.07,100,115.08,200,115.075,200
35879,0.6300000000000001,0.07,0.56,46.44000000000001,15:41:46,115.1,200,115.11,300,115.105,200
35977,0.61,0.17,0.44,10.179999999999998,15:43:10,115.12,200,115.13,100,115.1125,100
36040,0.6,0.17,0.43,48.349999999999994,15:43:48,115.13,200,115.14,300,115.135,100
36068,0.57,0.08,0.49,4.0,15:44:04,115.11,200,115.12,600,115.115,100
36229,0.6,0.18,0.42,48.22000000000001,15:45:48,115.11,400,115.12,100,115.1225,100
36726,0.8400000000000001,0.18,0.66,53.769999999999996,15:51:53,115.13,500,115.15,200,115.1399,300
36791,0.63,0.2,0.43,47.98000000000002,15:52:47,115.15,300,115.16,300,115.155,100
36794,0.95,0.36,0.59,50.160000000000025,15:52:50,115.15,300,115.16,300,115.16,100
37132,0.6000000000000001,0.07,0.53,52.870000000000026,15:56:52,115.15,200,115.16,1400,115.1525,100
37189,0.63,0.14,0.49,12.410000000000002,15:59:12,115.11,400,115.13,100,115.1114,100
