,Total Delay,Request Delay,Saving Delay,Arrival Time,Time,Bid,Bid Size,Ask,Ask Size,Last Price,Last Size
0,0.6499999999999999,0.3,0.35,0.6499999999999999,09:30:00,91.94,200,92.15,300,92.04,200
59,0.33,0.1,0.23,0.0,09:31:00,91.95,200,92.14,300,91.95,100
65,0.31,0.07,0.24,3.81,09:31:03,91.95,100,92.08,100,91.96,100
193,0.41000000000000003,0.21,0.2,0.0,09:32:00,91.97,100,92.08,400,92.0304,250
315,0.3,0.08,0.22,50.31,09:32:50,92.0,100,92.08,300,92.05,100
338,0.3,0.08,0.22,0.0,09:33:00,91.98,100,92.04,100,92.0,100
387,0.42000000000000004,0.22,0.2,28.120000000000005,09:33:28,91.9,100,91.97,200,91.9602,300
405,0.5700000000000001,0.28,0.29,33.96,09:33:33,91.9,100,91.97,100,91.935,100
440,0.45,0.25,0.2,46.19000000000002,09:33:46,91.75,100,91.93,100,91.88,200
480,0.28,0.11,0.17,0.0,09:34:00,91.74,100,91.86,200,91.83,100
561,0.26,0.08,0.18,40.00999999999999,09:34:40,91.84,200,91.91,100,91.86,100
588,0.29000000000000004,0.07,0.22,50.01999999999999,09:34:50,91.74,100,91.84,100,91.84,100
618,0.34,0.07,0.27,0.0,09:35:00,91.74,100,91.87,100,91.825,100
647,0.43000000000000005,0.16,0.27,19.599999999999998,09:35:19,91.82,300,91.88,200,91.845,200
653,0.44,0.22,0.22,21.67,09:35:21,91.82,300,91.88,200,91.8377,100
657,0.54,0.28,0.26,23.58,09:35:23,91.79,800,91.87,100,91.82,306
689,0.28,0.07,0.21,35.489999999999995,09:35:35,91.81,200,91.9,100,91.8677,100
695,0.6200000000000001,0.28,0.34,37.749999999999986,09:35:37,91.81,300,91.9,100,91.855,200
714,0.44,0.26,0.18,43.74999999999999,09:35:43,91.84,800,91.94,100,91.89,200
751,0.4,0.23,0.17,0.0,09:36:00,91.82,800,91.95,200,91.87,100
926,0.53,0.1,0.43,30.270000000000003,09:37:30,91.74,800,91.79,200,91.765,100
934,0.35000000000000003,0.07,0.28,34.13000000000001,09:37:34,91.71,100,91.77,100,91.74,100
949,0.4,0.09,0.31,40.38,09:37:40,91.71,100,91.76,200,91.7475,100
954,0.47,0.21,0.26,42.24999999999999,09:37:42,91.71,800,91.76,200,91.71,100
965,0.42,0.18,0.24,46.14999999999999,09:37:46,91.71,800,91.76,100,91.76,100
970,0.46,0.2,0.26,48.26999999999999,09:37:48,91.71,800,91.76,100,91.735,200
1055,0.55,0.24,0.31,32.14,09:38:32,91.67,100,91.73,300,91.69,151
1075,0.30000000000000004,0.07,0.23,39.77999999999999,09:38:39,91.62,700,91.66,100,91.65,100
1094,0.45,0.14,0.31,47.79999999999999,09:38:47,91.62,200,91.66,300,91.64,200
1117,0.62,0.27,0.35,57.899999999999984,09:38:57,91.59,700,91.65,100,91.62,100
1123,0.44999999999999996,0.21,0.24,0.0,09:39:00,91.57,500,91.63,100,91.6,100
1202,0.47,0.18,0.29,37.630000000000024,09:39:37,91.54,100,91.6,300,91.55,100
1295,0.29000000000000004,0.07,0.22,10.66,09:40:10,91.51,100,91.57,400,91.53,100
1308,0.42,0.18,0.24,15.29,09:40:15,91.51,100,91.57,400,91.51,100
1325,0.33,0.08,0.25,21.309999999999995,09:40:21,91.51,100,91.57,400,91.5699,112
1368,0.32,0.07,0.25,37.29999999999999,09:40:37,91.5,100,91.57,400,91.5,100
1427,0.33,0.13,0.2,2.03,09:41:02,91.47,100,91.53,200,91.49,100
1434,0.97,0.67,0.3,6.6499999999999995,09:41:06,91.46,100,91.53,300,91.46,100
1440,0.31,0.08,0.23,12.200000000000001,09:41:12,91.42,200,91.5,100,91.41,100
1469,0.56,0.23,0.33,22.070000000000004,09:41:22,91.41,100,91.49,100,91.42,100
1498,0.41000000000000003,0.22,0.19,32.30000000000001,09:41:32,91.43,100,91.49,200,91.43,100
1519,0.38,0.08,0.3,40.34000000000001,09:41:40,91.49,200,91.64,100,91.54,100
1591,0.39,0.08,0.31,27.979999999999993,09:42:27,91.52,200,91.57,200,91.545,200
1658,0.76,0.29,0.47,56.30999999999998,09:42:56,91.5,200,91.57,300,91.52,100
1703,1.58,1.25,0.33,17.02,09:43:17,91.51,200,91.57,100,91.57,100
1705,0.32,0.09,0.23,17.74,09:43:17,91.53,300,91.6,200,91.56,100
1725,0.36,0.09,0.27,25.589999999999996,09:43:25,91.53,300,91.6,200,91.553,100
1788,0.29000000000000004,0.07,0.22,49.690000000000005,09:43:49,91.58,300,91.64,100,91.58,100
1804,0.33999999999999997,0.15,0.19,0.0,09:44:00,91.58,400,91.64,100,91.61,100
1815,0.33,0.07,0.26,4.07,09:44:04,91.59,200,91.63,1600,91.605,100
1972,1.42,1.15,0.27,2.02,09:45:02,91.57,200,91.63,100,91.5892,200
2030,0.38,0.2,0.18,27.01,09:45:27,91.6,200,91.71,100,91.655,100
2115,0.34,0.08,0.26,4.74,09:46:04,91.69,100,91.79,100,91.72,100
2163,0.33,0.07,0.26,26.659999999999993,09:46:26,91.73,100,91.82,100,91.73,100
2197,0.34,0.14,0.2,38.879999999999995,09:46:38,91.8,100,91.87,1600,91.81,100
2267,0.36,0.18,0.18,4.03,09:47:04,91.82,100,91.91,100,91.90899999999999,200
2304,0.44,0.18,0.26,18.150000000000002,09:47:18,91.84,100,91.94,100,91.9,100
2414,3.29,3.03,0.26,20.97,09:48:20,91.88,100,91.94,100,91.91,100
2444,0.32,0.15,0.17,30.909999999999993,09:48:30,91.9,300,91.91,100,91.905,100
2458,0.34,0.17,0.17,35.73,09:48:35,91.89,100,91.91,100,91.895,100
2544,0.45,0.18,0.27,12.21,09:49:12,91.82,300,91.89,100,91.85,100
2671,0.44,0.12,0.32,13.200000000000001,09:50:13,91.88,100,91.94,100,91.8801,100
2677,0.45999999999999996,0.21,0.25,16.03,09:50:16,91.89,100,91.94,100,91.9399,100
2682,0.49,0.22,0.27,18.09,09:50:18,91.9,200,91.96,100,91.93,100
2683,3.7800000000000002,3.45,0.33,21.87,09:50:21,91.9,300,91.96,100,91.94,100
2812,0.38,0.15,0.23,10.520000000000001,09:51:10,91.92,100,91.98,100,91.92,100
2858,0.29,0.08,0.21,28.499999999999996,09:51:28,91.93,100,91.98,100,91.9799,230
2932,1.1,0.85,0.25,6.74,09:52:06,91.95,400,92.02,100,92.02,100
2992,0.39,0.19,0.2,32.07,09:52:32,92.02,100,92.07,100,92.01,100
3085,0.29000000000000004,0.09,0.2,2.16,09:53:02,92.04,100,92.08,100,92.08,154
3093,3.09,2.82,0.27,10.43,09:53:10,92.04,400,92.07,100,92.055,200
3116,0.44,0.23,0.21,20.03,09:53:20,92.08,100,92.15,100,92.07,100
3239,0.31,0.12,0.19,0.0,09:54:00,92.11,200,92.17,100,92.13,100
3248,0.29,0.08,0.21,12.16,09:54:12,92.1,100,92.17,200,92.135,200
3372,0.26,0.09,0.17,0.0,09:55:00,92.1,100,92.17,200,92.1251,101
3410,0.32,0.08,0.24,20.449999999999996,09:55:20,92.08,100,92.13,100,92.1,100
3424,0.38,0.12,0.26,26.159999999999993,09:55:26,92.08,100,92.13,200,92.105,200
3469,0.52,0.24,0.28,44.150000000000006,09:55:44,92.06,100,92.09,100,92.06,100
3610,0.25,0.08,0.17,41.15,09:56:41,91.98,200,92.04,100,91.9701,100
3817,0.25,0.09,0.16,0.0,09:58:00,92.03,400,92.07,200,92.03,100
4138,0.41000000000000003,0.09,0.32,6.870000000000001,10:00:06,92.13,100,92.17,400,92.15,100
4145,0.45000000000000007,0.17,0.28,10.57,10:00:10,92.11,100,92.17,1600,92.12,100
4155,0.48,0.17,0.31,14.839999999999998,10:00:14,92.08,100,92.16,100,92.09,100
4238,0.27,0.07,0.2,0.0,10:01:00,92.1,300,92.15,200,92.1288,698
4269,0.32,0.13,0.19,10.109999999999998,10:01:10,92.1,300,92.15,200,92.125,100
4347,0.37,0.19,0.18,36.0,10:01:36,92.05,200,92.14,100,92.095,100
4410,0.38,0.09,0.29,0.0,10:02:00,92.15,100,92.17,1600,92.14,100
4462,0.56,0.25,0.31,18.07,10:02:18,92.14,200,92.17,100,92.155,100
4494,0.36,0.12,0.24,0.0,10:03:00,92.15,300,92.19,100,92.18,100
4505,0.26,0.07,0.19,3.75,10:03:03,92.16,200,92.19,100,92.17,200
4519,0.3,0.08,0.22,9.640000000000004,10:03:09,92.15,100,92.19,100,92.16,100
4645,0.32,0.13,0.19,55.859999999999985,10:03:55,92.11,500,92.16,100,92.111,100
4652,0.24000000000000002,0.07,0.17,57.85,10:03:57,92.07,300,92.16,200,92.11,100
4862,0.39,0.21,0.18,5.740000000000001,10:05:05,92.18,100,92.19,300,92.19,100
4869,0.26,0.08,0.18,7.900000000000001,10:05:07,92.18,100,92.22,100,92.2019,150
5361,0.29000000000000004,0.07,0.22,44.14999999999998,10:08:44,92.06,200,92.1,200,92.064,3938
5561,1.9400000000000002,1.6,0.34,0.0,10:13:00,91.98,300,92.03,100,91.98100000000001,250
5683,0.27,0.1,0.17,47.050000000000026,10:13:47,91.98,200,92.02,100,91.99,100
6048,0.41000000000000003,0.22,0.19,0.0,10:16:00,91.98,200,92.01,100,91.985,100
7454,0.28,0.07,0.21,13.679999999999998,10:29:13,92.1,200,92.13,200,92.1225,200
7535,0.37,0.2,0.17,41.72000000000003,10:29:41,92.1,200,92.12,200,92.1066,250
7816,0.38,0.21,0.17,6.750000000000002,10:33:06,92.15,100,92.19,100,92.165,100
7929,0.31,0.07,0.24,45.02000000000002,10:33:45,92.18,200,92.21,100,92.2,100
7998,0.29000000000000004,0.07,0.22,0.0,10:34:00,92.19,200,92.22,100,92.21,100
8021,0.46,0.14,0.32,10.01,10:34:10,92.19,200,92.22,100,92.22,100
8036,0.43,0.21,0.22,16.040000000000003,10:34:16,92.25,200,92.28,100,92.27,100
8047,0.42000000000000004,0.19,0.23,20.27,10:34:20,92.29,300,92.33,1600,92.3,100
8164,0.43,0.13,0.3,0.0,10:36:00,92.32,200,92.36,100,92.35,100
8167,0.5700000000000001,0.07,0.5,1.59,10:36:01,92.33,300,92.36,100,92.34,200
8230,0.64,0.2,0.44,0.0,10:37:00,92.31,100,92.35,200,92.32,100
8233,0.8,0.31,0.49,2.21,10:37:02,92.31,100,92.35,200,92.33,100
8248,0.59,0.09,0.5,14.950000000000001,10:37:14,92.31,200,92.35,100,92.31,100
8259,0.5900000000000001,0.07,0.52,21.53000000000001,10:37:21,92.28,500,92.3,100,92.29,100
8263,0.59,0.16,0.43,23.890000000000008,10:37:23,92.28,400,92.3,100,92.28,100
8273,0.44,0.12,0.32,29.510000000000012,10:37:29,92.26,200,92.27,100,92.26,100
8280,0.75,0.19,0.56,33.69000000000001,10:37:33,92.25,200,92.27,100,92.25,100
8366,0.44,0.07,0.37,0.0,10:38:00,92.23,100,92.26,500,92.23,100
8380,0.5800000000000001,0.14,0.44,8.16,10:38:08,92.22,200,92.26,500,92.2381,250
9068,0.6100000000000001,0.07,0.54,11.559999999999999,10:46:11,92.07,300,92.13,100,92.09100000000001,163
9919,1.4,0.93,0.47,0.0,10:58:00,92.08,200,92.11,200,92.09299999999999,165
10381,0.59,0.29,0.3,42.00000000000002,11:05:42,91.96,100,91.98,100,91.97,100
10396,0.61,0.18,0.43,50.41000000000001,11:05:50,91.96,200,92.0,100,91.98,100
11068,0.8300000000000001,0.18,0.65,22.260000000000005,11:13:22,91.99,100,92.02,500,92.0068,175
11334,0.5700000000000001,0.07,0.5,2.1500000000000004,11:18:02,92.01,100,92.02,200,92.0125,100
11731,0.5900000000000001,0.14,0.45,54.08,11:22:54,91.99,400,92.0,100,91.9999,125
11736,0.6100000000000001,0.07,0.54,0.0,11:23:00,91.99,400,92.0,100,91.995,100
11825,0.77,0.34,0.43,1.9900000000000002,11:24:01,91.96,200,91.99,300,91.9761,136
12023,0.6,0.08,0.52,10.049999999999999,11:26:10,92.01,300,92.02,200,92.015,100
12036,0.5599999999999999,0.21,0.35,0.0,11:27:00,92.01,100,92.02,400,92.005,100
12126,0.76,0.18,0.58,42.52,11:29:42,92.07,300,92.1,100,92.0789,100
12769,0.59,0.08,0.51,29.2,11:38:29,92.31,400,92.34,300,92.325,100
12776,0.5800000000000001,0.07,0.51,33.37,11:38:33,92.31,400,92.34,300,92.3145,100
12804,0.62,0.21,0.41,0.0,11:41:00,92.36,100,92.38,100,92.36,100
12897,0.26,0.08,0.18,0.0,11:42:00,92.36,400,92.4,300,92.4,100
12940,0.3,0.09,0.21,20.30000000000001,11:42:20,92.36,400,92.39,100,92.37,100
13142,84.78,84.59,0.19,0.0,11:44:00,92.37,100,92.41,300,92.39,100
14091,0.27,0.07,0.2,0.0,11:51:00,92.3,300,92.33,200,92.3001,100
14378,2.21,1.97,0.24,0.0,11:53:00,92.34,400,92.37,300,92.34100000000001,100
14619,0.29,0.08,0.21,50.12000000000002,11:54:50,92.34,300,92.37,100,92.3415,185
14806,4.1499999999999995,3.84,0.31,0.0,11:56:00,92.37,300,92.39,100,92.38,225
14895,0.37,0.2,0.17,32.190000000000005,11:56:32,92.32,300,92.35,100,92.335,100
15516,0.24,0.08,0.16,33.57,12:00:33,92.33,400,92.37,100,92.334,1000
15993,0.37,0.14,0.23,42.36000000000001,12:03:42,92.41,100,92.43,100,92.42,100
16004,0.33,0.13,0.2,46.24,12:03:46,92.41,400,92.44,100,92.43,100
16014,0.37,0.17,0.2,50.06,12:03:50,92.41,400,92.46,100,92.44,100
16059,0.31,0.08,0.23,5.35,12:04:05,92.37,400,92.42,200,92.41,100
16383,0.24000000000000002,0.07,0.17,17.869999999999997,12:06:17,92.41,400,92.44,200,92.4307,100
16496,0.26,0.07,0.19,0.0,12:07:00,92.39,200,92.43,300,92.4075,150
16673,0.32,0.14,0.18,0.0,12:08:00,92.38,100,92.42,200,92.3952,190
17451,0.38,0.18,0.2,0.0,12:13:00,92.4,200,92.44,200,92.4399,850
17677,0.32,0.12,0.2,12.029999999999998,12:14:12,92.39,300,92.43,200,92.4299,925
17705,0.28,0.07,0.21,24.000000000000004,12:14:24,92.4,200,92.43,300,92.415,100
17875,0.44,0.21,0.23,27.85,12:15:27,92.36,200,92.39,500,92.375,400
18170,0.38,0.22,0.16,46.36999999999999,12:17:46,92.43,200,92.47,100,92.46,100
18242,0.26,0.1,0.16,0.26,12:18:00,92.43,100,92.45,100,92.45,100
18501,0.33,0.16,0.17,34.509999999999984,12:19:34,92.42,100,92.45,100,92.435,100
18585,0.33,0.13,0.2,9.760000000000002,12:20:09,92.47,200,92.48,100,92.48,260
18593,0.37,0.18,0.19,13.7,12:20:13,92.47,100,92.48,200,92.475,300
18622,0.4,0.21,0.19,23.82,12:20:23,92.48,300,92.5,400,92.49,100
18672,0.24,0.08,0.16,39.52000000000001,12:20:39,92.46,100,92.49,300,92.47,793
18718,0.36,0.18,0.18,0.0,12:21:00,92.48,100,92.51,600,92.51,120
18808,0.25,0.07,0.18,38.04999999999999,12:21:38,92.48,300,92.5,100,92.5,151
20351,0.59,0.29,0.3,0.0,12:32:00,92.45,300,92.48,100,92.4668,170
20837,3.3000000000000003,3.08,0.22,18.82,12:35:18,92.41,300,92.44,100,92.4179,250
20958,0.29000000000000004,0.12,0.17,56.869999999999976,12:35:56,92.36,100,92.4,100,92.3872,116
21483,0.4,0.23,0.17,0.0,12:40:00,92.34,100,92.36,100,92.3401,100
22122,0.29,0.08,0.21,45.83,12:46:45,92.25,200,92.29,200,92.2765,469
22272,0.26,0.07,0.19,29.539999999999992,12:47:29,92.24,300,92.28,100,92.2469,209
22592,0.39,0.19,0.2,0.0,12:49:00,92.22,200,92.26,1600,92.2317,350
22642,3.65,3.29,0.36,8.89,12:50:08,92.22,100,92.26,200,92.2344,147
22812,0.37,0.18,0.19,17.820000000000004,12:51:17,92.1,200,92.15,200,92.1281,545
23415,4.83,4.66,0.17,0.0,12:55:00,92.11,100,92.14,200,92.1192,200
23702,0.36,0.17,0.19,0.0,12:57:00,92.08,400,92.11,200,92.1011,582
24463,0.43000000000000005,0.26,0.17,0.0,13:03:00,92.09,100,92.11,200,92.0968,135
24499,0.44000000000000006,0.27,0.17,12.049999999999999,13:03:12,92.09,100,92.11,100,92.0975,150
25344,0.47000000000000003,0.08,0.39,8.05,13:12:08,92.17,100,92.2,200,92.1802,300
25900,2.81,2.46,0.35,0.0,13:18:00,92.21,100,92.24,100,92.2231,175
26102,0.81,0.25,0.56,22.359999999999996,13:20:22,92.21,200,92.25,100,92.22200000000001,200
26228,0.6100000000000001,0.07,0.54,28.839999999999996,13:21:28,92.17,100,92.21,100,92.2099,300
26346,0.43999999999999995,0.09,0.35,0.0,13:22:00,92.15,100,92.19,100,92.1501,364
26512,1.2,0.07,1.13,0.0,13:25:00,92.18,200,92.22,300,92.1997,122
26563,1.39,0.18,1.21,0.0,13:26:00,92.16,200,92.19,200,92.1899,215
26693,1.38,0.23,1.15,0.0,13:28:00,92.13,100,92.16,200,92.1484,1804
26708,1.21,0.26,0.95,25.21,13:29:25,92.16,100,92.19,200,92.1699,100
26798,1.1900000000000002,0.08,1.11,0.0,13:31:00,92.17,100,92.2,100,92.1796,100
26820,1.4,0.18,1.22,27.389999999999997,13:31:27,92.18,100,92.21,100,92.189,640
27021,1.3800000000000001,0.08,1.3,17.589999999999996,13:36:17,92.13,300,92.15,200,92.132,248
27062,2.82,2.13,0.69,0.0,13:37:00,92.14,200,92.15,200,92.145,100
27730,1.39,0.24,1.15,28.38,13:51:28,91.92,100,91.95,400,91.9406,116
27739,1.1800000000000002,0.25,0.93,39.19,13:51:39,91.93,200,91.95,300,91.9385,192
28180,1.37,0.08,1.29,0.0,14:00:00,91.9,200,91.94,200,91.904,200
28312,1.37,0.07,1.3,43.769999999999975,14:02:43,91.93,100,91.98,100,91.955,100
28529,1.2,0.22,0.98,1.2,14:07:01,91.99,100,92.01,100,92.0054,100
28739,0.81,0.14,0.67,29.0,14:11:29,92.02,100,92.05,100,92.0201,235
28881,0.82,0.08,0.74,0.0,14:13:00,92.06,200,92.1,100,92.0999,100
29031,1.1700000000000002,0.07,1.1,20.790000000000003,14:16:20,92.06,200,92.09,100,92.0817,760
29183,0.8200000000000001,0.07,0.75,1.82,14:19:01,92.02,100,92.04,100,92.0317,2010
29266,0.94,0.31,0.63,13.829999999999998,14:20:13,92.02,200,92.05,200,92.035,100
29319,0.78,0.19,0.59,13.61,14:21:13,92.02,300,92.05,100,92.0441,100
29842,0.79,0.2,0.59,0.0,14:27:00,92.05,200,92.08,100,92.0799,170
29853,0.5800000000000001,0.18,0.4,9.82,14:27:09,92.05,200,92.08,200,92.056,196
30192,0.61,0.23,0.38,0.0,14:31:00,92.04,300,92.09,200,92.089,157
30639,0.6,0.17,0.43,25.619999999999997,14:38:25,92.01,300,92.04,100,92.0385,172
30968,0.81,0.2,0.61,0.0,14:42:00,91.96,200,91.99,300,91.975,100
31216,0.62,0.1,0.52,17.639999999999997,14:45:17,91.96,300,91.99,100,91.9737,400
31228,0.63,0.08,0.55,27.659999999999997,14:45:27,91.96,100,91.99,100,91.9763,103
32018,0.8,0.2,0.6,2.2199999999999998,14:55:02,91.93,100,91.95,300,91.931,300
32051,0.78,0.07,0.71,31.720000000000002,14:55:31,91.94,200,91.96,100,91.9531,100
32179,0.42,0.11,0.31,30.400000000000002,14:57:30,91.95,100,91.97,400,91.9501,157
32574,0.77,0.07,0.7,15.000000000000004,15:02:15,91.92,200,91.94,200,91.915,100
32647,0.7899999999999999,0.08,0.71,30.45,15:03:30,91.93,500,91.95,300,91.9301,600
32790,0.75,0.22,0.53,0.0,15:05:00,91.95,500,91.98,500,91.965,100
33018,0.6300000000000001,0.07,0.56,20.49,15:08:20,91.97,200,91.99,700,91.9709,101
33055,0.5700000000000001,0.07,0.5,45.830000000000005,15:08:45,91.96,200,91.99,900,91.9714,209
33350,0.94,0.36,0.58,0.0,15:12:00,92.0,200,92.01,300,92.001,150
33689,0.43,0.07,0.36,0.0,15:16:00,91.96,100,91.99,200,91.9702,185
34399,0.62,0.18,0.44,29.990000000000006,15:24:29,92.04,400,92.06,600,92.041,107
34461,2.7800000000000002,2.08,0.7,7.7700000000000005,15:25:07,92.04,300,92.06,600,92.0531,200
34497,0.75,0.18,0.57,31.949999999999996,15:25:31,92.04,200,92.06,600,92.045,100
34847,0.83,0.23,0.6,35.26999999999999,15:29:35,92.04,500,92.06,500,92.0547,200
35115,3.4099999999999997,2.84,0.57,0.0,15:33:00,91.97,300,91.99,200,91.9719,200
35120,0.59,0.12,0.47,3.5600000000000005,15:33:03,91.97,300,91.99,300,91.9812,100
35426,0.44,0.07,0.37,27.570000000000007,15:36:27,91.94,500,91.95,300,91.945,100
35516,0.6300000000000001,0.07,0.56,17.580000000000002,15:37:17,91.96,500,91.98,300,91.9712,300
35589,0.6200000000000001,0.07,0.55,21.609999999999996,15:38:21,91.96,200,91.98,200,91.9669,136
36333,0.6000000000000001,0.07,0.53,2.41,15:47:02,91.87,100,91.89,200,91.885,100
36338,2.2,1.68,0.52,7.23,15:47:07,91.85,900,91.89,200,91.865,100
36346,0.44,0.07,0.37,14.250000000000002,15:47:14,91.86,100,91.89,500,91.875,100
36422,0.61,0.17,0.44,2.1999999999999997,15:48:02,91.86,300,91.89,600,91.87299999999999,240
36591,0.6,0.18,0.42,1.81,15:50:01,91.75,100,91.77,100,91.75,200
36594,0.81,0.07,0.74,4.57,15:50:04,91.76,400,91.79,500,91.78,100
36596,1.01,0.23,0.78,6.5600000000000005,15:50:06,91.8,900,91.82,2200,91.79,100
36600,1.7999999999999998,1.15,0.65,10.780000000000001,15:50:10,91.81,300,91.83,100,91.8,100
36620,0.58,0.08,0.5,27.75000000000001,15:50:27,91.77,600,91.8,200,91.77,100
36624,0.61,0.23,0.38,30.00000000000001,15:50:30,91.77,700,91.8,100,91.785,100
36658,0.74,0.07,0.67,0.0,15:51:00,91.74,600,91.77,800,91.755,100
36794,0.95,0.36,0.59,50.160000000000025,15:52:50,91.72,400,91.74,700,91.7284,140
36881,0.7799999999999999,0.21,0.57,58.38,15:53:58,91.7,200,91.72,300,91.7,100
36888,0.59,0.12,0.47,3.21,15:54:03,91.69,800,91.72,600,91.705,100
36947,0.6,0.21,0.39,42.460000000000015,15:54:42,91.7,200,91.72,300,91.7001,101
36994,0.61,0.21,0.4,21.61,15:55:21,91.72,900,91.73,300,91.721,150
37009,0.6499999999999999,0.24,0.41,31.79,15:55:31,91.72,700,91.73,600,91.725,100
37106,0.61,0.23,0.38,42.03000000000001,15:56:42,91.69,500,91.71,600,91.6901,101
37135,0.5900000000000001,0.2,0.39,0.0,15:57:00,91.67,700,91.69,200,91.68,100
37138,0.61,0.23,0.38,1.9899999999999998,15:57:01,91.66,600,91.68,800,91.67,200
37141,0.81,0.14,0.67,4.16,15:57:04,91.67,200,91.68,600,91.6733,140
37157,1.01,0.37,0.64,19.830000000000002,15:57:19,91.67,1000,91.68,600,91.675,400
