,Total Delay,Request Delay,Saving Delay,Arrival Time,Time,Bid,Bid Size,Ask,Ask Size,Last Price,Last Size
0,0.6499999999999999,0.3,0.35,0.6499999999999999,09:30:00,41.88,200,41.91,500,41.9,100
16,0.32,0.08,0.24,6.53,09:30:06,41.88,200,41.9,100,41.91,100
51,0.4,0.18,0.22,1.98,09:31:01,41.9,100,41.91,300,41.8999,1000
56,0.30000000000000004,0.07,0.23,4.9799999999999995,09:31:04,41.9,100,41.92,400,41.9008,100
81,0.43000000000000005,0.17,0.26,22.060000000000002,09:31:22,41.91,200,41.92,500,41.915,100
99,0.27,0.07,0.2,28.040000000000003,09:31:28,41.91,500,41.92,500,41.92,100
117,0.3,0.08,0.22,34.38,09:31:34,41.92,200,41.93,100,41.925,100
186,0.29,0.08,0.21,0.0,09:32:00,41.92,200,41.93,300,41.9249,100
221,0.26,0.08,0.18,22.34,09:32:22,41.89,300,41.9,400,41.89,100
264,0.24000000000000002,0.07,0.17,36.509999999999984,09:32:36,41.89,300,41.9,400,41.8968,1500
270,0.36,0.2,0.16,38.53999999999998,09:32:38,41.89,100,41.9,400,41.88,100
276,0.24000000000000002,0.07,0.17,40.38999999999998,09:32:40,41.89,100,41.9,500,41.895,100
289,0.30000000000000004,0.14,0.16,44.40999999999999,09:32:44,41.88,100,41.89,800,41.885,100
332,0.25,0.07,0.18,58.52,09:32:58,41.87,200,41.88,100,41.87,100
343,2.23,1.98,0.25,0.0,09:33:00,41.87,300,41.88,300,41.875,100
350,3.75,3.46,0.29,5.78,09:33:05,41.86,200,41.87,400,41.86,500
354,2.19,1.96,0.23,9.16,09:33:09,41.86,200,41.87,400,41.865,100
475,0.32,0.09,0.23,54.800000000000004,09:33:54,41.85,100,41.86,400,41.85,100
511,0.48,0.27,0.21,14.19,09:34:14,41.83,200,41.84,200,41.84,100
515,1.4000000000000001,1.06,0.34,21.779999999999998,09:34:21,41.82,300,41.83,300,41.83,105
522,0.33,0.07,0.26,24.469999999999995,09:34:24,41.82,300,41.83,700,41.825,100
526,0.33,0.08,0.25,25.77999999999999,09:34:25,41.82,300,41.83,700,41.82,100
531,0.51,0.17,0.34,28.27999999999999,09:34:28,41.84,600,41.85,600,41.8401,530
577,0.43,0.14,0.29,46.29999999999999,09:34:46,41.84,400,41.85,200,41.8499,400
618,0.34,0.07,0.27,5.17,09:35:05,41.82,100,41.83,1200,41.8201,142
621,0.33,0.07,0.26,6.3500000000000005,09:35:06,41.82,300,41.83,900,41.8267,936
674,0.44999999999999996,0.21,0.24,34.75,09:35:34,41.81,500,41.82,500,41.81,100
695,0.6200000000000001,0.28,0.34,42.92,09:35:42,41.78,200,41.79,500,41.79,100
714,0.44,0.26,0.18,48.92000000000001,09:35:48,41.77,200,41.78,800,41.78,100
726,0.30000000000000004,0.1,0.2,52.67000000000001,09:35:52,41.8,500,41.81,300,41.8,100
837,0.67,0.44,0.23,44.24999999999999,09:36:44,41.78,400,41.79,500,41.7821,400
854,0.4,0.08,0.32,52.089999999999996,09:36:52,41.76,200,41.77,400,41.76,100
855,0.35000000000000003,0.07,0.28,52.44,09:36:52,41.77,600,41.78,500,41.77,300
878,0.5900000000000001,0.07,0.52,0.0,09:37:00,41.79,300,41.8,300,41.795,100
944,0.43,0.08,0.35,36.19,09:37:36,41.75,200,41.76,700,41.755,300
998,0.48,0.21,0.27,0.0,09:38:00,41.74,400,41.75,200,41.74,100
1016,4.37,4.13,0.24,12.880000000000003,09:38:12,41.75,700,41.76,500,41.75,100
1043,0.49,0.08,0.41,26.16,09:38:26,41.72,100,41.73,300,41.72,100
1047,0.48,0.19,0.29,28.22,09:38:28,41.73,400,41.74,100,41.73,100
1065,0.28,0.07,0.21,35.82999999999999,09:38:35,41.73,600,41.74,200,41.735,200
1099,0.58,0.23,0.35,49.90999999999998,09:38:49,41.73,500,41.74,400,41.7325,800
1211,0.45,0.2,0.25,42.32000000000003,09:39:42,41.79,500,41.8,300,41.7903,323
1586,0.48,0.19,0.29,27.779999999999994,09:42:27,41.8,200,41.81,800,41.805,300
1632,0.33,0.07,0.26,47.75999999999999,09:42:47,41.8,400,41.81,1000,41.8075,100
1844,1.8399999999999999,1.48,0.36,16.75,09:44:16,41.78,800,41.79,100,41.785,100
2145,0.32,0.14,0.18,31.740000000000006,09:46:31,41.81,600,41.82,400,41.8165,111
2168,0.45999999999999996,0.21,0.25,39.95000000000002,09:46:39,41.79,500,41.8,400,41.7987,167
2228,0.44,0.23,0.21,0.44,09:47:00,41.77,800,41.78,200,41.775,100
2394,0.28,0.07,0.21,2.0600000000000005,09:48:02,41.76,1100,41.77,500,41.768,700
2414,3.29,3.03,0.26,15.350000000000001,09:48:15,41.76,1100,41.77,700,41.7665,100
2453,0.43000000000000005,0.23,0.2,28.389999999999997,09:48:28,41.76,600,41.77,400,41.7694,320
2538,0.37,0.08,0.29,0.0,09:49:00,41.76,400,41.77,600,41.765,100
2616,0.33,0.07,0.26,41.90000000000002,09:49:41,41.76,400,41.77,900,41.7684,3350
2907,0.25,0.07,0.18,55.879999999999974,09:51:55,41.79,700,41.8,1000,41.7938,150
2948,0.29000000000000004,0.07,0.22,11.189999999999998,09:52:11,41.78,700,41.79,800,41.7866,1000
3111,0.29000000000000004,0.09,0.2,21.8,09:53:21,41.76,400,41.77,600,41.7601,100
3140,0.34,0.17,0.17,31.650000000000002,09:53:31,41.76,400,41.77,600,41.7679,1500
3360,0.41000000000000003,0.21,0.2,55.79000000000003,09:54:55,41.71,300,41.72,1100,41.71,100
3387,1.64,1.43,0.21,4.53,09:55:04,41.71,1000,41.72,900,41.715,100
3392,0.29,0.08,0.21,9.809999999999999,09:55:09,41.69,400,41.7,1200,41.7,100
3529,0.52,0.2,0.32,10.49,09:56:10,41.69,400,41.7,600,41.69,100
3576,0.37,0.07,0.3,32.00999999999999,09:56:32,41.72,300,41.73,900,41.725,100
3663,0.28,0.07,0.21,4.12,09:57:04,41.68,600,41.69,900,41.685,100
3673,3.0,2.75,0.25,14.75,09:57:14,41.67,800,41.68,1200,41.68,200
3674,0.26,0.07,0.19,15.01,09:57:15,41.67,500,41.68,1200,41.675,100
3700,0.33,0.14,0.19,27.92,09:57:27,41.67,400,41.68,1300,41.67,100
4028,0.4,0.23,0.17,32.60000000000001,09:59:32,41.66,200,41.67,1000,41.66,100
4034,0.4,0.23,0.17,34.46000000000001,09:59:34,41.66,200,41.67,600,41.665,100
4039,0.32,0.09,0.23,36.63000000000001,09:59:36,41.66,200,41.67,800,41.6681,200
4077,0.25,0.07,0.18,50.550000000000004,09:59:50,41.64,700,41.65,400,41.65,100
4094,0.32,0.07,0.25,2.12,10:00:02,41.64,600,41.65,600,41.64,100
4123,2.46,2.22,0.24,21.720000000000006,10:00:21,41.69,900,41.7,300,41.695,100
4235,0.26,0.07,0.19,20.270000000000003,10:01:20,41.67,800,41.68,600,41.6799,133
4621,0.36,0.15,0.21,47.67,10:03:47,41.66,700,41.67,800,41.669,100
4754,0.51,0.23,0.28,34.65000000000001,10:04:34,41.7,800,41.71,500,41.7001,130
4782,0.74,0.2,0.54,46.98000000000001,10:04:46,41.7,600,41.71,700,41.708999999999996,171
4928,0.37,0.19,0.18,0.0,10:06:00,41.73,900,41.74,500,41.7392,9025
4952,2.39,2.14,0.25,18.880000000000003,10:06:18,41.74,500,41.75,3800,41.745,100
5181,0.27,0.08,0.19,41.170000000000016,10:07:41,41.74,500,41.75,1000,41.7425,300
5233,0.33999999999999997,0.18,0.16,1.87,10:08:01,41.74,400,41.75,900,41.7499,119
5378,4.11,3.81,0.3,0.0,10:09:00,41.71,400,41.72,900,41.7128,1311
5717,1.59,1.33,0.26,0.0,10:14:00,41.72,400,41.73,1500,41.7277,206
6139,0.25,0.07,0.18,57.73000000000002,10:16:57,41.71,400,41.72,800,41.7101,100
6171,2.12,1.85,0.27,20.26,10:17:20,41.71,600,41.72,700,41.7135,134
6667,0.67,0.28,0.39,36.20000000000002,10:22:36,41.72,600,41.73,1100,41.7252,102
6747,0.48,0.09,0.39,24.3,10:23:24,41.71,1000,41.72,1400,41.7124,200
7465,0.37,0.19,0.18,21.989999999999995,10:29:21,41.72,800,41.73,1000,41.7242,232
7625,0.39,0.21,0.18,29.820000000000004,10:30:29,41.74,1600,41.75,300,41.7456,1000
7788,0.45,0.27,0.18,37.92000000000001,10:31:37,41.74,1800,41.75,500,41.7442,500
7804,0.4,0.23,0.17,0.0,10:33:00,41.73,1100,41.74,1100,41.7342,509
7806,0.32,0.15,0.17,0.56,10:33:00,41.73,1100,41.74,1100,41.7366,495
7807,3.0,2.76,0.24,3.56,10:33:03,41.73,1100,41.74,1100,41.7335,200
8031,0.47,0.18,0.29,37.88,10:34:37,41.72,900,41.73,1600,41.7265,263
8256,0.6000000000000001,0.28,0.32,15.77,10:37:15,41.74,900,41.75,800,41.7447,135
8591,0.61,0.18,0.43,21.830000000000002,10:41:21,41.75,1000,41.76,1500,41.7536,100
8594,0.44,0.07,0.37,23.450000000000003,10:41:23,41.75,1000,41.76,1500,41.7583,200
8761,2.0,1.5,0.5,0.0,10:43:00,41.72,700,41.73,1700,41.7262,125
8808,0.46,0.08,0.38,34.24000000000001,10:43:34,41.72,500,41.73,900,41.7225,100
8815,0.63,0.17,0.46,38.83000000000002,10:43:38,41.72,600,41.73,900,41.7224,111
8874,0.6100000000000001,0.07,0.54,21.790000000000003,10:44:21,41.7,600,41.71,2600,41.705,100
8897,0.5800000000000001,0.27,0.31,35.169999999999995,10:44:35,41.7,600,41.71,2600,41.702,100
8959,0.61,0.21,0.4,24.049999999999994,10:45:24,41.71,600,41.72,2400,41.7134,500
8969,0.62,0.08,0.54,30.19,10:45:30,41.71,600,41.72,2400,41.7155,110
9048,0.5900000000000001,0.07,0.52,11.010000000000002,10:46:11,41.73,1400,41.74,600,41.7352,100
9101,0.6399999999999999,0.29,0.35,0.0,10:47:00,41.74,600,41.75,400,41.747,100
9105,0.76,0.32,0.44,2.38,10:47:02,41.74,600,41.75,500,41.7492,100
9376,0.61,0.09,0.52,6.22,10:50:06,41.73,600,41.74,500,41.7336,100
9487,0.6000000000000001,0.07,0.53,13.769999999999998,10:51:13,41.72,1300,41.73,500,41.7201,300
9497,0.5800000000000001,0.07,0.51,19.939999999999998,10:51:19,41.73,1400,41.74,1700,41.7355,100
9510,0.61,0.21,0.4,28.15,10:51:28,41.73,1400,41.74,1100,41.7376,3810
9567,0.6200000000000001,0.07,0.55,24.570000000000007,10:52:24,41.73,500,41.74,1200,41.7346,667
9614,0.59,0.08,0.51,56.36000000000004,10:52:56,41.71,400,41.72,2200,41.7185,215
9625,0.58,0.21,0.37,0.0,10:53:00,41.71,500,41.72,1900,41.713,156
9683,0.57,0.09,0.48,37.98999999999999,10:53:37,41.71,700,41.72,1300,41.7138,150
9732,0.5700000000000001,0.12,0.45,8.17,10:54:08,41.71,800,41.72,1400,41.7168,127
9913,0.62,0.18,0.44,7.78,10:58:07,41.73,800,41.74,1400,41.7332,165
10007,2.17,1.58,0.59,8.98,10:59:08,41.72,1000,41.73,1500,41.7216,100
10115,0.43,0.07,0.36,26.599999999999994,11:00:26,41.73,700,41.74,1600,41.7372,1000
10178,2.75,2.13,0.62,3.79,11:01:03,41.74,2200,41.75,800,41.7475,100
10206,0.58,0.23,0.35,29.40000000000001,11:01:29,41.74,1400,41.75,800,41.748999999999995,100
10256,135.06,134.46,0.6,0.0,11:04:00,41.75,1300,41.76,400,41.7625,100
10342,0.5800000000000001,0.07,0.51,15.77,11:05:15,41.74,900,41.75,2000,41.7436,430
10526,0.6599999999999999,0.36,0.3,12.04,11:07:12,41.77,1100,41.78,600,41.7738,261
10774,0.44,0.07,0.37,41.839999999999996,11:09:41,41.78,500,41.79,2800,41.781000000000006,123
10908,0.45,0.13,0.32,23.850000000000005,11:11:23,41.77,1500,41.78,1000,41.7717,7500
10978,0.56,0.07,0.49,4.37,11:12:04,41.77,1700,41.78,1000,41.7732,160
11149,1.15,0.65,0.5,2.38,11:14:02,41.74,500,41.75,1700,41.7467,225
11168,0.57,0.09,0.48,13.569999999999999,11:14:13,41.74,1000,41.75,1500,41.74100000000001,200
11223,0.62,0.24,0.38,14.08,11:16:14,41.75,1100,41.76,700,41.7569,150
11255,0.61,0.17,0.44,16.380000000000003,11:17:16,41.75,700,41.76,900,41.757,136
11385,0.6,0.11,0.49,42.540000000000006,11:18:42,41.75,1000,41.76,1000,41.753,905
11426,0.62,0.08,0.54,0.0,11:19:00,41.75,1000,41.76,1200,41.7552,233
11476,0.95,0.35,0.6,36.16,11:19:36,41.75,1300,41.76,1100,41.7553,192
11539,0.63,0.14,0.49,35.790000000000006,11:20:35,41.75,1500,41.76,1300,41.7599,750
11825,0.77,0.34,0.43,1.9900000000000002,11:24:01,41.72,1300,41.73,2100,41.7244,504
11850,0.6000000000000001,0.07,0.53,26.370000000000005,11:24:26,41.72,2300,41.73,600,41.7232,190
11920,0.6100000000000001,0.07,0.54,9.79,11:25:09,41.72,2600,41.73,800,41.7231,1820
12230,0.58,0.08,0.5,7.54,11:31:07,41.7,1100,41.71,600,41.7038,360
12278,0.5700000000000001,0.07,0.5,0.0,11:32:00,41.7,1100,41.71,700,41.7046,1439
12615,0.62,0.14,0.48,0.0,11:37:00,41.68,800,41.69,1200,41.6844,199
12949,0.44,0.2,0.24,30.299999999999997,11:42:30,41.7,1500,41.71,1900,41.7049,240
13094,0.51,0.24,0.27,0.0,11:43:00,41.71,1000,41.72,2400,41.7099,15800
13123,0.33,0.13,0.2,11.700000000000001,11:43:11,41.72,1300,41.73,1200,41.7235,310
13259,0.32,0.14,0.18,36.959999999999994,11:45:36,41.75,1300,41.76,3100,41.7521,1293
13446,3.2800000000000002,2.99,0.29,9.739999999999998,11:47:09,41.75,2700,41.76,1300,41.7535,103
13506,0.27,0.08,0.19,31.990000000000002,11:47:31,41.75,2700,41.76,800,41.7538,370
13762,0.38,0.22,0.16,2.8,11:49:02,41.76,2600,41.77,800,41.7634,100
14021,0.36,0.2,0.16,50.13,11:50:50,41.76,1700,41.77,900,41.763999999999996,587
14198,0.36,0.19,0.17,0.0,11:52:00,41.75,900,41.76,2000,41.7529,100
14206,3.46,3.28,0.18,5.25,11:52:05,41.75,900,41.76,2000,41.7554,144
14207,0.23,0.07,0.16,5.48,11:52:05,41.75,900,41.76,2000,41.7544,100
14372,3.28,3.03,0.25,3.9699999999999998,11:53:03,41.75,1200,41.76,1900,41.7515,150
14673,1.01,0.82,0.19,5.99,11:55:05,41.78,2800,41.79,800,41.7852,144
14987,0.26,0.07,0.19,9.160000000000002,11:57:09,41.8,600,41.81,900,41.7975,100
15020,0.35,0.18,0.17,21.599999999999998,11:57:21,41.81,1200,41.82,1200,41.815,200
15428,0.45,0.26,0.19,2.0,12:00:02,41.79,500,41.8,1700,41.7972,600
15672,0.23,0.07,0.16,34.909999999999954,12:01:34,41.78,2000,41.79,1300,41.7853,125
15732,0.55,0.24,0.31,2.38,12:02:02,41.77,700,41.78,1000,41.773,200
15809,0.25,0.07,0.18,36.129999999999995,12:02:36,41.77,500,41.78,1500,41.7702,150
16145,0.37,0.17,0.2,47.84,12:04:47,41.74,500,41.75,1400,41.7433,111
16313,0.36,0.17,0.19,42.19,12:05:42,41.73,600,41.74,1300,41.7373,500
16370,0.33999999999999997,0.18,0.16,17.930000000000007,12:06:17,41.73,200,41.74,1000,41.7301,153
16715,0.52,0.18,0.34,28.179999999999996,12:08:28,41.74,500,41.75,800,41.7472,500
16797,0.36,0.18,0.18,3.98,12:09:03,41.75,800,41.76,900,41.75899999999999,100
16941,0.25,0.08,0.17,53.71,12:09:53,41.76,900,41.77,1300,41.7632,117
17115,0.35,0.18,0.17,58.00999999999998,12:10:58,41.77,1000,41.78,1000,41.7781,305
17303,2.77,2.6,0.17,3.04,12:12:03,41.76,600,41.77,1100,41.7668,200
17398,0.56,0.27,0.29,42.04,12:12:42,41.75,700,41.76,1000,41.7566,200
17446,0.25,0.07,0.18,0.0,12:13:00,41.75,700,41.76,1400,41.7567,335
17499,0.23,0.07,0.16,29.87,12:13:29,41.75,500,41.76,1700,41.7546,659
18269,0.36,0.19,0.17,15.620000000000003,12:18:15,41.71,1500,41.72,1300,41.7116,700
18791,0.30000000000000004,0.07,0.23,15.910000000000004,12:21:15,41.71,1400,41.72,1700,41.7199,200
18890,0.43000000000000005,0.2,0.23,19.98,12:22:19,41.71,1900,41.72,1600,41.7165,300
19389,0.37,0.17,0.2,46.03999999999999,12:25:46,41.76,1400,41.77,1700,41.7683,1414
19537,0.4,0.19,0.21,45.84,12:26:45,41.77,1200,41.78,400,41.7773,3340
19567,0.49,0.27,0.22,0.0,12:27:00,41.77,2300,41.78,500,41.7799,200
19978,0.30000000000000004,0.07,0.23,34.050000000000004,12:29:34,41.78,1800,41.79,2100,41.7805,330
20356,0.38,0.2,0.18,0.0,12:32:00,41.78,1800,41.79,1600,41.7832,124
20366,2.25,1.86,0.39,11.78,12:32:11,41.78,1900,41.79,1600,41.7801,100
20677,0.26,0.08,0.18,18.080000000000002,12:34:18,41.75,1000,41.76,1200,41.7532,1600
20812,0.35,0.17,0.18,0.0,12:35:00,41.76,600,41.77,300,41.7699,200
21049,0.29000000000000004,0.13,0.16,40.07999999999999,12:36:40,41.76,800,41.77,1600,41.7633,240
21242,0.3,0.11,0.19,25.890000000000015,12:37:25,41.75,800,41.76,2500,41.7592,100
21725,0.26,0.07,0.19,33.08999999999998,12:41:33,41.73,1700,41.74,600,41.731,100
21811,0.39,0.22,0.17,8.7,12:44:08,41.74,1600,41.75,1400,41.7462,172
21863,0.36,0.18,0.18,24.900000000000013,12:44:24,41.74,2100,41.75,1300,41.7482,300
21914,0.28,0.07,0.21,17.7,12:45:17,41.75,1000,41.76,1500,41.7526,300
22069,0.3,0.08,0.22,19.310000000000002,12:46:19,41.74,1400,41.75,1200,41.7479,100
22272,0.26,0.07,0.19,37.78,12:47:37,41.76,400,41.77,2100,41.7674,250
22556,0.29000000000000004,0.07,0.22,29.000000000000004,12:49:29,41.74,1200,41.75,500,41.7497,200
22742,0.33999999999999997,0.16,0.18,48.02000000000003,12:50:48,41.74,400,41.75,1500,41.7469,300
23206,0.27,0.07,0.2,23.87000000000002,12:53:23,41.74,1100,41.75,1200,41.7401,500
23589,0.39,0.23,0.16,0.0,12:56:00,41.74,1400,41.75,3800,41.7438,265
23765,0.33999999999999997,0.18,0.16,24.880000000000003,12:57:24,41.74,1200,41.75,500,41.7435,200
23784,0.24,0.08,0.16,30.870000000000005,12:57:30,41.74,500,41.75,800,41.7404,262
24328,0.23,0.07,0.16,7.980000000000002,13:02:07,41.72,1100,41.73,1900,41.7234,200
24446,2.6100000000000003,2.37,0.24,0.0,13:03:00,41.73,1700,41.74,400,41.7368,120
25103,0.3,0.08,0.22,23.5,13:10:23,41.7,1500,41.71,700,41.7035,330
25306,0.55,0.14,0.41,35.42999999999999,13:11:35,41.71,1300,41.72,1200,41.7146,162
25651,3.1500000000000004,2.64,0.51,11.93,13:15:11,41.72,1600,41.73,900,41.729,107
25779,0.71,0.28,0.43,35.120000000000005,13:16:35,41.74,800,41.75,1000,41.7411,300
25903,3.35,2.92,0.43,3.7800000000000002,13:18:03,41.72,800,41.73,1600,41.7299,453
26142,0.5800000000000001,0.13,0.45,45.960000000000015,13:20:45,41.72,1300,41.73,800,41.7238,299
26176,0.6,0.24,0.36,15.870000000000001,13:21:15,41.72,1000,41.73,800,41.723,122
26251,0.59,0.18,0.41,0.0,13:22:00,41.72,900,41.73,900,41.7212,104
26264,3.04,2.57,0.47,9.64,13:22:09,41.72,1000,41.73,1000,41.7233,1839
26554,1.9700000000000002,0.88,1.09,5.0,13:26:05,41.71,1800,41.72,1300,41.711000000000006,728
26560,1.4,0.43,0.97,12.02,13:26:12,41.71,1700,41.72,1400,41.7131,150
26708,1.21,0.26,0.95,25.21,13:29:25,41.7,900,41.71,1300,41.7065,199
26823,1.21,0.08,1.13,49.19000000000001,13:31:49,41.71,1900,41.72,1000,41.717,130
26868,1.61,0.24,1.37,46.8,13:32:46,41.72,900,41.73,1700,41.721000000000004,150
27099,1.22,0.07,1.15,52.41000000000002,13:37:52,41.72,2000,41.73,1500,41.7283,123
27439,1.01,0.07,0.94,17.39,13:45:17,41.71,900,41.72,600,41.7154,1086
27630,1.19,0.14,1.05,26.010000000000005,13:49:26,41.69,1300,41.7,2800,41.691,100
27633,1.19,0.36,0.83,29.42000000000001,13:49:29,41.69,900,41.7,2800,41.6956,1812
27668,0.99,0.24,0.75,6.390000000000001,13:50:06,41.69,1500,41.7,2400,41.6933,136
27690,0.81,0.14,0.67,30.02999999999999,13:50:30,41.69,800,41.7,1500,41.6935,250
27713,1.22,0.07,1.15,0.0,13:51:00,41.69,800,41.7,700,41.6932,276
27716,1.23,0.29,0.94,3.9899999999999998,13:51:03,41.69,800,41.7,600,41.6967,244
27717,1.3699999999999999,0.23,1.14,5.359999999999999,13:51:05,41.69,800,41.7,600,41.696999999999996,217
27748,1.02,0.18,0.84,46.37000000000001,13:51:46,41.69,1400,41.7,600,41.6966,350
27791,1.17,0.42,0.75,38.19999999999999,13:52:38,41.69,1700,41.7,1200,41.6928,500
27811,1.19,0.17,1.02,0.0,13:53:00,41.69,1200,41.7,1300,41.6965,140
27889,0.98,0.07,0.91,23.59,13:54:23,41.69,2300,41.7,1400,41.699,120
27999,0.98,0.08,0.9,20.99,13:56:20,41.69,3200,41.7,1800,41.6971,234
28006,0.82,0.13,0.69,27.199999999999996,13:56:27,41.7,1900,41.71,1500,41.6975,100
28061,1.01,0.07,0.94,40.17999999999999,13:57:40,41.69,2800,41.7,900,41.6926,1800
28134,1.2000000000000002,0.09,1.11,5.21,13:59:05,41.69,2900,41.7,2300,41.6999,1417
28162,1.0,0.21,0.79,38.79,13:59:38,41.69,2600,41.7,1500,41.6913,200
28180,1.37,0.08,1.29,6.160000000000001,14:00:06,41.7,2200,41.71,400,41.7044,120
28261,1.03,0.12,0.91,44.00000000000001,14:01:44,41.73,2100,41.74,300,41.7338,138
28330,4.42,3.57,0.85,4.42,14:03:04,41.75,500,41.76,3100,41.7501,400
28388,1.21,0.12,1.09,16.979999999999997,14:04:16,41.76,1600,41.77,700,41.7653,119
28391,1.01,0.08,0.93,20.18,14:04:20,41.76,1300,41.77,800,41.7638,245
28537,1.21,0.08,1.13,9.809999999999999,14:07:09,41.75,1600,41.76,700,41.7568,200
28794,0.81,0.07,0.74,27.789999999999996,14:12:27,41.77,2800,41.78,800,41.7772,100
28808,0.97,0.07,0.9,40.38999999999999,14:12:40,41.76,1000,41.77,800,41.7628,1683
28903,0.98,0.29,0.69,0.0,14:14:00,41.75,1300,41.76,1700,41.751000000000005,155
29051,4.2,3.21,0.99,11.61,14:17:11,41.76,3400,41.77,700,41.7626,100
29178,0.98,0.14,0.84,20.389999999999997,14:19:20,41.73,900,41.74,700,41.7305,938
29194,0.97,0.23,0.74,34.809999999999995,14:19:34,41.73,900,41.74,900,41.7307,100
29662,0.6000000000000001,0.07,0.53,52.000000000000014,14:24:52,41.78,700,41.79,1900,41.7842,200
29668,0.77,0.14,0.63,1.4000000000000001,14:25:01,41.77,1500,41.78,1700,41.771,150
29820,0.5700000000000001,0.07,0.5,49.56,14:26:49,41.77,1000,41.78,900,41.7768,120
29931,0.79,0.25,0.54,0.0,14:28:00,41.77,1200,41.78,2200,41.777,501
30338,0.8200000000000001,0.16,0.66,42.600000000000016,14:32:42,41.76,2600,41.77,1100,41.7641,430
30403,0.8300000000000001,0.15,0.68,32.05,14:33:32,41.76,2800,41.77,600,41.7672,236
30457,0.79,0.07,0.72,16.22,14:34:16,41.77,1600,41.78,600,41.7734,150
30524,0.61,0.18,0.43,25.57,14:36:25,41.76,2200,41.77,1700,41.7654,125
30600,0.79,0.15,0.64,44.36999999999999,14:37:44,41.76,2500,41.77,700,41.7662,160
30729,0.6000000000000001,0.2,0.4,14.95,14:39:14,41.76,2900,41.77,1400,41.7677,100
30996,0.61,0.1,0.51,47.42000000000002,14:42:47,41.78,2300,41.79,6700,41.7831,127
31114,4.02,3.52,0.5,0.0,14:44:00,41.78,3500,41.79,3000,41.788999999999994,151
31134,0.6300000000000001,0.07,0.56,13.0,14:44:13,41.78,3500,41.79,3000,41.783,1849
31205,0.61,0.18,0.43,11.62,14:45:11,41.79,1400,41.8,800,41.7995,100
31336,0.76,0.2,0.56,48.54,14:46:48,41.8,1200,41.81,1100,41.8088,150
31416,0.59,0.24,0.35,57.18,14:47:57,41.79,3500,41.8,1200,41.797,149
31489,0.5700000000000001,0.13,0.44,43.04000000000002,14:48:43,41.79,1300,41.8,700,41.7965,164
31586,0.56,0.11,0.45,46.37,14:49:46,41.79,1900,41.8,1000,41.799,100
31751,0.6000000000000001,0.07,0.53,58.390000000000015,14:51:58,41.79,1700,41.8,1400,41.7943,373
31754,0.5800000000000001,0.07,0.51,60.180000000000014,14:52:00,41.79,1900,41.8,1400,41.7901,138
31763,0.62,0.23,0.39,4.02,14:52:04,41.79,1900,41.8,1400,41.791000000000004,123
31769,3.77,3.14,0.63,10.41,14:52:10,41.79,1500,41.8,1500,41.7944,402
31794,0.43,0.07,0.36,27.860000000000007,14:52:27,41.79,600,41.8,1300,41.7959,405
31871,0.43999999999999995,0.09,0.35,5.85,14:53:05,41.78,400,41.79,2600,41.7846,100
32262,0.6000000000000001,0.14,0.46,35.940000000000005,14:58:35,41.81,1400,41.82,5000,41.8168,165
32299,0.43,0.07,0.36,5.79,14:59:05,41.81,1900,41.82,3200,41.8135,100
32412,0.5800000000000001,0.14,0.44,28.03,15:00:28,41.81,2500,41.82,3200,41.8134,300
32695,0.61,0.09,0.52,3.82,15:04:03,41.82,2000,41.83,3100,41.8253,200
32788,2.13,1.5,0.63,0.0,15:05:00,41.81,1400,41.82,3400,41.8166,200
32918,0.61,0.08,0.53,46.85,15:06:46,41.83,1400,41.84,1200,41.835,100
32930,1.2,0.62,0.58,0.0,15:07:00,41.82,400,41.83,3700,41.8225,100
32976,0.7799999999999999,0.08,0.7,40.4,15:07:40,41.79,1500,41.8,2100,41.7931,150
32981,0.76,0.13,0.63,44.38,15:07:44,41.79,1500,41.8,2100,41.7954,218
33015,0.97,0.28,0.69,15.790000000000001,15:08:15,41.79,1500,41.8,2000,41.7968,234
33201,0.6,0.19,0.41,31.600000000000005,15:10:31,41.78,700,41.79,2100,41.7871,121
33250,0.6,0.18,0.42,0.0,15:11:00,41.78,1200,41.79,1600,41.7834,315
33259,1.78,1.22,0.56,10.969999999999999,15:11:10,41.78,1200,41.79,1600,41.7843,500
33284,0.61,0.23,0.38,29.810000000000006,15:11:29,41.77,800,41.78,1200,41.7774,150
33317,0.64,0.15,0.49,52.21,15:11:52,41.78,800,41.79,1700,41.7829,340
33390,0.5900000000000001,0.13,0.46,37.980000000000004,15:12:37,41.77,2200,41.78,2200,41.7744,455
33784,0.63,0.19,0.44,6.19,15:17:06,41.74,1500,41.75,1600,41.7453,103
33955,0.81,0.28,0.53,4.34,15:19:04,41.73,1700,41.74,1500,41.7354,106
34063,0.77,0.18,0.59,24.209999999999994,15:20:24,41.73,2000,41.74,600,41.7334,327
34378,0.45,0.07,0.38,11.2,15:24:11,41.75,1600,41.76,5300,41.7531,220
34808,0.9600000000000001,0.28,0.68,2.55,15:29:02,41.75,2400,41.76,5600,41.7556,150
34868,0.97,0.14,0.83,2.79,15:30:02,41.76,1500,41.77,5900,41.7635,200
34940,0.8200000000000001,0.18,0.64,0.0,15:31:00,41.76,3000,41.77,6000,41.7676,261
34972,0.6100000000000001,0.07,0.54,25.799999999999994,15:31:25,41.76,4100,41.77,6300,41.7656,140
35012,0.63,0.25,0.38,49.99,15:31:49,41.76,3700,41.77,6000,41.7643,207
35262,0.44,0.07,0.37,47.83000000000002,15:34:47,41.73,1700,41.74,1300,41.7343,150
35560,0.6000000000000001,0.07,0.53,0.0,15:38:00,41.73,2900,41.74,2100,41.7353,110
35576,0.43999999999999995,0.09,0.35,15.379999999999999,15:38:15,41.73,2900,41.74,2400,41.739,400
35589,0.6200000000000001,0.07,0.55,23.97,15:38:23,41.73,2900,41.74,2700,41.7349,575
35906,4.02,3.44,0.58,12.84,15:42:12,41.7,1400,41.71,3000,41.7091,500
35939,0.8,0.27,0.53,41.379999999999995,15:42:41,41.71,1700,41.72,3300,41.7144,951
36258,2.02,1.5,0.52,8.65,15:46:08,41.7,1600,41.71,4600,41.7068,321
36368,0.6000000000000001,0.2,0.4,31.840000000000007,15:47:31,41.7,2800,41.71,4200,41.7069,1291
36560,0.44,0.08,0.36,45.070000000000014,15:49:45,41.69,900,41.7,5300,41.6915,500
36653,0.84,0.23,0.61,56.41000000000002,15:50:56,41.65,600,41.66,3500,41.655,200
36697,0.77,0.07,0.7,32.58999999999999,15:51:32,41.66,2600,41.67,2700,41.6665,275
36738,0.77,0.18,0.59,3.38,15:52:03,41.67,1900,41.68,3200,41.677,200
36805,0.6,0.08,0.52,57.80000000000003,15:52:57,41.64,800,41.65,4400,41.645,200
36827,0.8,0.07,0.73,18.06,15:53:18,41.65,1400,41.66,3000,41.6599,101
36932,0.41000000000000003,0.09,0.32,32.00000000000001,15:54:32,41.65,2200,41.66,7300,41.659,125
37041,0.6000000000000001,0.14,0.46,54.53000000000001,15:55:54,41.66,2300,41.67,9600,41.6675,100
37062,0.63,0.24,0.39,13.640000000000002,15:56:13,41.65,1900,41.66,8800,41.6568,800
37185,2.19,1.61,0.58,9.8,15:59:09,41.67,10500,41.68,11400,41.6772,530
