,Total Delay,Request Delay,Saving Delay,Arrival Time,Time,Bid,Bid Size,Ask,Ask Size,Last Price,Last Size
0,0.6499999999999999,0.3,0.35,0.6499999999999999,09:30:00,77.59,1500,77.61,400,77.61,100
16,0.32,0.08,0.24,6.53,09:30:06,77.62,300,77.63,300,77.6012,125
22,0.3,0.08,0.22,8.47,09:30:08,77.63,500,77.65,200,77.64,400
28,0.5800000000000001,0.27,0.31,10.940000000000001,09:30:10,77.64,1400,77.66,2100,77.645,200
32,0.43,0.21,0.22,12.59,09:30:12,77.66,600,77.67,1000,77.665,100
37,0.44,0.21,0.23,14.589999999999998,09:30:14,77.69,400,77.7,2700,77.7,172
42,0.32,0.07,0.25,16.54,09:30:16,77.68,2000,77.7,3100,77.68,100
45,0.32,0.09,0.23,0.0,09:31:00,77.71,1400,77.72,300,77.69,100
46,0.35000000000000003,0.08,0.27,0.35000000000000003,09:31:00,77.69,300,77.7,500,77.695,100
51,0.4,0.18,0.22,2.33,09:31:02,77.68,1900,77.69,300,77.685,300
69,0.42,0.21,0.21,12.38,09:31:12,77.71,1700,77.72,200,77.71,200
71,0.37,0.18,0.19,15.12,09:31:15,77.72,1600,77.73,300,77.726,1300
75,0.89,0.62,0.27,16.97,09:31:16,77.72,1500,77.73,200,77.72,150
77,1.79,1.43,0.36,19.189999999999998,09:31:19,77.73,300,77.74,1100,77.73,100
80,1.4100000000000001,1.07,0.34,21.98,09:31:21,77.73,1400,77.74,1100,77.74,100
81,0.43000000000000005,0.17,0.26,22.41,09:31:22,77.73,1500,77.74,1100,77.7301,100
86,0.35,0.15,0.2,23.980000000000004,09:31:23,77.73,1500,77.74,1100,77.7367,600
99,0.27,0.07,0.2,28.39,09:31:28,77.74,200,77.75,300,77.75,100
105,0.41000000000000003,0.23,0.18,30.700000000000003,09:31:30,77.76,200,77.77,5800,77.765,100
117,0.3,0.08,0.22,34.730000000000004,09:31:34,77.76,800,77.77,3500,77.77,106
122,0.32,0.12,0.2,36.45000000000001,09:31:36,77.77,400,77.78,100,77.775,400
152,0.74,0.21,0.53,48.72000000000002,09:31:48,77.71,500,77.73,400,77.7241,250
169,0.27,0.07,0.2,54.370000000000026,09:31:54,77.71,500,77.72,200,77.719,100
175,0.32,0.14,0.18,56.32000000000002,09:31:56,77.71,1900,77.73,300,77.7225,100
176,0.33,0.16,0.17,56.65000000000002,09:31:56,77.73,200,77.74,200,77.7344,200
181,0.34,0.17,0.17,58.28000000000002,09:31:58,77.73,200,77.74,200,77.735,300
197,2.11,1.93,0.18,5.2,09:32:05,77.73,1500,77.74,300,77.7332,3000
209,1.96,1.75,0.21,18.8,09:32:18,77.71,200,77.72,300,77.7075,200
214,0.33999999999999997,0.18,0.16,20.189999999999998,09:32:20,77.7,1600,77.71,200,77.705,100
221,0.26,0.08,0.18,22.34,09:32:22,77.7,2100,77.71,100,77.7042,1000
246,0.36,0.18,0.18,30.23999999999999,09:32:30,77.71,200,77.72,300,77.715,200
289,0.30000000000000004,0.14,0.16,44.40999999999999,09:32:44,77.73,300,77.74,300,77.7313,1000
350,3.75,3.46,0.29,9.190000000000001,09:33:09,77.77,300,77.78,400,77.78,100
356,2.15,1.91,0.24,14.98,09:33:14,77.77,300,77.78,600,77.7725,100
381,0.41000000000000003,0.22,0.19,25.900000000000006,09:33:25,77.73,200,77.74,400,77.7325,600
423,0.28,0.07,0.21,40.030000000000015,09:33:40,77.72,800,77.74,400,77.7284,500
433,0.26,0.07,0.19,43.81000000000001,09:33:43,77.74,400,77.75,200,77.745,200
452,0.26,0.07,0.19,49.95000000000001,09:33:49,77.76,200,77.77,400,77.76,117
492,0.34,0.14,0.2,4.010000000000001,09:34:04,77.76,400,77.77,600,77.7615,150
503,0.44,0.22,0.22,8.04,09:34:08,77.75,300,77.76,600,77.7592,3000
509,2.14,1.95,0.19,13.379999999999999,09:34:13,77.73,900,77.74,300,77.7425,1200
511,0.48,0.27,0.21,14.19,09:34:14,77.74,400,77.75,900,77.7457,500
522,0.33,0.07,0.26,24.469999999999995,09:34:24,77.75,1700,77.76,400,77.755,200
540,0.35,0.13,0.22,31.939999999999994,09:34:31,77.78,600,77.79,600,77.79,100
551,0.47,0.25,0.22,35.97,09:34:35,77.79,200,77.8,800,77.8,100
594,0.38,0.14,0.24,52.279999999999994,09:34:52,77.8,500,77.81,700,77.81,100
600,0.35000000000000003,0.08,0.27,54.38999999999999,09:34:54,77.83,400,77.84,700,77.83,300
604,0.4,0.12,0.28,56.21999999999999,09:34:56,77.84,300,77.85,500,77.84,1000
609,0.49,0.2,0.29,58.589999999999996,09:34:58,77.84,200,77.85,800,77.85,200
622,3.44,3.13,0.31,9.790000000000001,09:35:09,77.78,100,77.79,600,77.795,100
625,2.72,2.35,0.37,14.980000000000002,09:35:14,77.78,500,77.79,700,77.785,1978
632,0.29000000000000004,0.07,0.22,18.68,09:35:18,77.81,600,77.82,200,77.815,100
636,0.43,0.22,0.21,20.59,09:35:20,77.82,200,77.83,600,77.825,109
641,0.4,0.18,0.22,22.53,09:35:22,77.82,300,77.83,700,77.82,100
647,0.43000000000000005,0.16,0.27,24.77,09:35:24,77.83,500,77.84,700,77.8347,100
707,0.25,0.07,0.18,46.68000000000001,09:35:46,77.84,600,77.85,600,77.8429,158
733,0.35,0.19,0.16,54.79000000000001,09:35:54,77.84,300,77.85,700,77.845,10100
751,0.4,0.23,0.17,0.0,09:36:00,77.85,300,77.86,400,77.86,100
759,0.38,0.21,0.17,2.25,09:36:02,77.86,200,77.87,900,77.87,400
772,0.24000000000000002,0.07,0.17,12.05,09:36:12,77.85,500,77.86,700,77.855,200
828,0.26,0.08,0.18,40.329999999999984,09:36:40,77.83,300,77.84,500,77.8301,200
850,0.34,0.08,0.26,50.269999999999996,09:36:50,77.8,300,77.81,400,77.8001,210
860,0.29,0.08,0.21,54.279999999999994,09:36:54,77.8,700,77.81,500,77.8025,100
878,0.5900000000000001,0.07,0.52,0.0,09:37:00,77.83,300,77.84,900,77.835,193
909,0.6000000000000001,0.26,0.34,19.97,09:37:19,77.8,700,77.81,1100,77.805,100
926,0.53,0.1,0.43,28.090000000000003,09:37:28,77.76,600,77.77,400,77.7644,155
993,0.39,0.12,0.27,55.769999999999975,09:37:55,77.77,900,77.78,800,77.7701,100
998,0.48,0.21,0.27,0.0,09:38:00,77.76,500,77.77,900,77.7625,1100
1011,0.56,0.27,0.29,6.1800000000000015,09:38:06,77.72,400,77.73,1100,77.725,4090
1028,0.34,0.08,0.26,17.89,09:38:17,77.7,500,77.71,500,77.7099,100
1055,0.55,0.24,0.31,32.14,09:38:32,77.71,700,77.72,400,77.7158,200
1108,0.35000000000000003,0.08,0.27,53.76999999999998,09:38:53,77.73,200,77.74,900,77.7361,700
1137,0.31,0.08,0.23,8.25,09:39:08,77.74,8500,77.75,900,77.749,200
1285,0.43,0.19,0.24,14.259999999999998,09:40:14,77.67,600,77.68,600,77.67,100
1295,0.29000000000000004,0.07,0.22,21.419999999999995,09:40:21,77.66,600,77.67,400,77.66,100
1330,0.38,0.19,0.19,33.98,09:40:33,77.65,800,77.66,600,77.6556,400
1341,0.44999999999999996,0.21,0.24,38.019999999999996,09:40:38,77.65,700,77.66,500,77.655,100
1346,0.45,0.19,0.26,39.949999999999996,09:40:39,77.65,500,77.66,600,77.65,100
1368,0.32,0.07,0.25,48.05999999999998,09:40:48,77.62,900,77.63,600,77.635,100
1373,0.28,0.08,0.2,50.13999999999998,09:40:50,77.62,1200,77.63,700,77.625,100
1383,0.43,0.21,0.22,54.159999999999975,09:40:54,77.62,400,77.63,900,77.62,100
1422,0.4,0.21,0.19,10.13,09:41:10,77.59,200,77.6,700,77.59,200
1427,0.33,0.13,0.2,12.16,09:41:12,77.59,500,77.6,600,77.595,150
1434,0.97,0.67,0.3,16.779999999999998,09:41:16,77.58,600,77.59,600,77.585,200
1439,3.9699999999999998,3.65,0.32,22.02,09:41:22,77.57,400,77.58,900,77.575,300
1445,0.36,0.07,0.29,24.229999999999997,09:41:24,77.58,400,77.59,400,77.58,100
1456,0.37,0.15,0.22,27.979999999999997,09:41:27,77.59,900,77.6,200,77.6,100
1457,0.28,0.07,0.21,28.259999999999998,09:41:28,77.59,900,77.6,500,77.5953,3000
1469,0.56,0.23,0.33,32.2,09:41:32,77.59,300,77.6,600,77.5964,100
1523,0.47,0.09,0.38,52.29999999999999,09:41:52,77.61,900,77.62,300,77.615,146
1538,0.59,0.29,0.3,58.239999999999995,09:41:58,77.61,1000,77.62,500,77.6101,1810
1557,1.23,0.99,0.24,10.51,09:42:10,77.61,1000,77.63,1100,77.6164,500
1568,0.38,0.07,0.31,20.05,09:42:20,77.61,1400,77.62,300,77.617,100
1572,0.38,0.07,0.31,21.9,09:42:21,77.63,1200,77.64,1100,77.63,100
1591,0.39,0.08,0.31,29.889999999999993,09:42:29,77.62,800,77.63,100,77.6256,300
1595,0.7,0.24,0.46,31.999999999999993,09:42:31,77.63,800,77.64,200,77.6303,100
1600,0.33,0.08,0.25,33.92999999999999,09:42:33,77.63,1100,77.64,100,77.639,100
1632,0.33,0.07,0.26,47.75999999999999,09:42:47,77.63,500,77.64,400,77.6307,800
1637,0.4,0.18,0.22,49.87999999999999,09:42:49,77.63,1000,77.64,400,77.6344,200
1662,0.4,0.1,0.3,0.0,09:43:00,77.63,900,77.64,400,77.6399,100
1741,0.4,0.08,0.32,36.050000000000004,09:43:36,77.65,400,77.66,1100,77.6547,300
1746,0.31,0.08,0.23,38.160000000000004,09:43:38,77.66,200,77.67,700,77.6644,115
1863,0.37,0.07,0.3,28.129999999999995,09:44:28,77.65,900,77.66,1500,77.6557,100
1904,0.4,0.2,0.2,44.07,09:44:44,77.66,600,77.67,2000,77.6643,170
1939,0.3,0.08,0.22,55.86000000000001,09:44:55,77.65,1300,77.66,1000,77.6592,100
1970,1.2,0.89,0.31,12.739999999999998,09:45:12,77.63,600,77.64,500,77.6334,642
2071,0.53,0.25,0.28,55.84000000000002,09:45:55,77.56,400,77.57,600,77.565,100
2076,0.34,0.07,0.27,57.87000000000002,09:45:57,77.57,600,77.58,800,77.57,100
2093,0.32,0.07,0.25,1.8700000000000003,09:46:01,77.55,300,77.56,700,77.555,100
2098,0.31,0.08,0.23,4.01,09:46:04,77.54,900,77.55,500,77.55,100
2103,0.44999999999999996,0.21,0.24,5.959999999999999,09:46:05,77.56,500,77.57,700,77.56,100
2107,2.08,1.85,0.23,9.209999999999999,09:46:09,77.56,100,77.57,1100,77.562,100
2145,0.32,0.14,0.18,29.830000000000005,09:46:29,77.6,400,77.61,500,77.605,100
2257,4.91,4.57,0.34,15.370000000000001,09:47:15,77.62,600,77.63,900,77.6244,145
2295,0.44999999999999996,0.09,0.36,30.199999999999992,09:47:30,77.65,500,77.66,1200,77.6575,139
2388,0.28,0.07,0.21,5.620000000000001,09:48:05,77.67,400,77.68,900,77.675,100
2414,3.29,3.03,0.26,20.97,09:48:20,77.71,1800,77.72,1600,77.7171,100
2435,0.47,0.24,0.23,27.689999999999994,09:48:27,77.71,1500,77.72,1600,77.7165,125
2458,0.34,0.17,0.17,35.73,09:48:35,77.71,2000,77.72,1500,77.7161,226
2549,4.069999999999999,3.78,0.29,18.07,09:49:18,77.72,900,77.73,1100,77.7285,2308
2671,0.44,0.12,0.32,9.149999999999999,09:50:09,77.72,3000,77.73,600,77.7267,201
2725,0.27,0.07,0.2,34.08000000000001,09:50:34,77.69,700,77.7,1400,77.6957,170
2751,5.26,5.09,0.17,47.98000000000001,09:50:47,77.69,800,77.7,1500,77.6962,100
2767,0.33,0.08,0.25,53.970000000000006,09:50:53,77.67,200,77.68,1100,77.671,200
2880,0.34,0.07,0.27,46.009999999999984,09:51:46,77.68,600,77.69,1500,77.681,200
2891,0.29,0.08,0.21,49.829999999999984,09:51:49,77.67,400,77.68,1200,77.6785,1286
2972,0.25,0.07,0.18,23.880000000000003,09:52:23,77.69,400,77.7,2300,77.6956,100
3088,0.42,0.18,0.24,9.83,09:53:09,77.66,900,77.67,1200,77.6661,300
3094,0.26,0.07,0.19,14.469999999999999,09:53:14,77.66,900,77.67,1200,77.6671,200
3183,0.28,0.1,0.18,45.63999999999997,09:53:45,77.69,700,77.7,800,77.691,3000
3243,0.27,0.07,0.2,14.690000000000001,09:54:14,77.71,1700,77.72,1100,77.7157,200
3295,0.27,0.08,0.19,34.02,09:54:34,77.71,700,77.72,800,77.7169,225
3406,0.48,0.19,0.29,18.209999999999997,09:55:18,77.7,800,77.71,800,77.7066,100
3414,0.55,0.18,0.37,22.409999999999997,09:55:22,77.7,1400,77.71,800,77.7056,450
3424,0.38,0.12,0.26,26.159999999999993,09:55:26,77.7,1300,77.71,800,77.7054,257
3459,0.33,0.08,0.25,40.29,09:55:40,77.67,800,77.68,1000,77.6799,300
3464,0.28,0.07,0.21,42.15,09:55:42,77.67,800,77.68,900,77.673,200
3484,0.33,0.07,0.26,50.16000000000002,09:55:50,77.68,700,77.69,1400,77.6853,3100
3489,0.43000000000000005,0.23,0.2,52.110000000000014,09:55:52,77.69,1000,77.7,800,77.699,3250
3522,0.33,0.07,0.26,3.9899999999999998,09:56:03,77.69,400,77.7,1000,77.6925,100
3533,0.45,0.23,0.22,12.06,09:56:12,77.68,500,77.69,1500,77.6816,3000
3646,0.33999999999999997,0.13,0.21,55.96,09:56:55,77.67,500,77.68,1200,77.6757,200
3760,0.26,0.07,0.19,46.06999999999999,09:57:46,77.66,1000,77.67,1800,77.6633,1050
3772,0.26,0.07,0.19,49.9,09:57:49,77.66,1100,77.67,2100,77.6699,322
4071,0.41000000000000003,0.18,0.23,54.37,09:59:54,77.59,500,77.6,1300,77.5954,200
4150,0.52,0.23,0.29,34.220000000000006,10:00:34,77.6,500,77.61,1200,77.6021,100
4187,0.71,0.23,0.48,51.09999999999998,10:00:51,77.62,200,77.63,1200,77.6299,400
4206,0.5,0.12,0.38,1.91,10:01:01,77.58,200,77.59,1300,77.589,100
4222,2.2,1.96,0.24,13.41,10:01:13,77.56,100,77.57,2000,77.5634,600
4235,0.26,0.07,0.19,20.270000000000003,10:01:20,77.57,300,77.58,1600,77.5753,3000
4256,0.29000000000000004,0.09,0.2,27.43,10:01:27,77.54,600,77.55,1500,77.5489,100
4269,0.32,0.13,0.19,31.590000000000003,10:01:31,77.53,800,77.54,700,77.53,100
4274,0.25,0.07,0.18,33.440000000000005,10:01:33,77.53,1000,77.54,900,77.54,100
4300,0.36,0.19,0.17,41.590000000000025,10:01:41,77.54,900,77.55,1500,77.545,100
4324,0.28,0.08,0.2,49.49000000000004,10:01:49,77.57,500,77.58,800,77.5757,200
4353,0.35,0.18,0.17,0.0,10:02:00,77.55,500,77.56,1400,77.559,100
4449,0.33,0.14,0.19,43.890000000000015,10:02:43,77.6,1000,77.61,300,77.6001,106
4456,0.42000000000000004,0.23,0.19,45.97000000000003,10:02:45,77.6,1300,77.61,400,77.6084,3000
4494,0.36,0.12,0.24,0.0,10:03:00,77.6,1300,77.61,900,77.6063,1000
4499,0.30000000000000004,0.1,0.2,1.8900000000000001,10:03:01,77.62,300,77.63,1000,77.649,20274
4672,3.85,3.52,0.33,11.73,10:04:11,77.59,700,77.6,1100,77.5951,100
4702,0.47000000000000003,0.13,0.34,26.24,10:04:26,77.6,1100,77.61,2100,77.6056,100
4782,0.74,0.2,0.54,58.709999999999994,10:04:58,77.59,700,77.6,1800,77.5961,4342
4841,0.38,0.12,0.26,28.679999999999996,10:05:28,77.6,1800,77.61,3400,77.6035,434
4896,0.30000000000000004,0.07,0.23,47.879999999999974,10:05:47,77.6,2200,77.61,5800,77.6099,100
4946,0.30000000000000004,0.13,0.17,9.820000000000002,10:06:09,77.57,2400,77.58,1400,77.5799,881
4949,0.38,0.21,0.17,11.870000000000003,10:06:11,77.56,500,77.57,800,77.5699,1052
4988,0.27,0.07,0.2,31.93999999999999,10:06:31,77.53,500,77.54,900,77.5361,2000
5020,0.45,0.25,0.2,44.01000000000001,10:06:44,77.53,800,77.54,700,77.5376,222
5084,1.94,1.74,0.2,6.5600000000000005,10:07:06,77.54,1400,77.55,600,77.5499,325
5099,0.33999999999999997,0.18,0.16,19.340000000000003,10:07:19,77.53,900,77.54,1400,77.5399,296
5100,0.24000000000000002,0.07,0.17,19.580000000000002,10:07:19,77.53,600,77.54,2000,77.5353,135
5113,0.28,0.08,0.2,23.650000000000006,10:07:23,77.53,700,77.54,2000,77.535,170
5141,0.39,0.17,0.22,33.60000000000001,10:07:33,77.53,1000,77.54,1300,77.531,200
5227,0.23,0.07,0.16,2.1799999999999997,10:08:02,77.57,1300,77.58,1100,77.579,120
5426,0.26,0.08,0.18,31.74000000000001,10:09:31,77.57,900,77.58,1200,77.57300000000001,310
5477,0.24000000000000002,0.07,0.17,4.23,10:12:04,77.52,200,77.53,1800,77.52,100
5498,0.33,0.08,0.25,10.53,10:12:10,77.5,1700,77.51,1300,77.5007,130
5503,0.5700000000000001,0.37,0.2,12.43,10:12:12,77.5,1700,77.51,1800,77.505,900
5529,0.42,0.18,0.24,22.64000000000001,10:12:22,77.49,400,77.5,2500,77.5,100
5546,0.32,0.12,0.2,0.0,10:13:00,77.51,1600,77.52,2000,77.51,100
5591,0.46,0.26,0.2,26.109999999999996,10:13:26,77.54,600,77.55,1200,77.5484,3000
5614,0.26,0.07,0.19,34.04999999999999,10:13:34,77.54,1900,77.55,500,77.5375,100
5651,0.42000000000000004,0.19,0.23,48.04000000000001,10:13:48,77.55,2200,77.56,400,77.5606,100
5737,0.44000000000000006,0.27,0.17,23.950000000000003,10:14:23,77.55,2400,77.56,400,77.551,100
5862,0.26,0.08,0.18,11.36,10:15:11,77.54,300,77.55,2900,77.5469,155
5873,1.99,1.65,0.34,22.08,10:15:22,77.54,300,77.55,1600,77.5453,100
5879,0.34,0.07,0.27,24.359999999999996,10:15:24,77.54,500,77.55,1500,77.5401,100
5896,0.33,0.14,0.19,30.14999999999999,10:15:30,77.54,600,77.55,1400,77.541,220
5926,0.39,0.2,0.19,40.13000000000001,10:15:40,77.54,500,77.55,900,77.5448,135
6012,2.58,2.37,0.21,9.84,10:16:09,77.54,700,77.55,1000,77.5447,200
6031,0.27,0.08,0.19,22.159999999999997,10:16:22,77.54,2100,77.55,1000,77.548,200
6213,0.43,0.24,0.19,36.06000000000002,10:17:36,77.58,2100,77.59,1200,77.5853,200
6230,0.31,0.07,0.24,41.91000000000004,10:17:41,77.58,2400,77.59,800,77.5854,100
6248,0.33,0.08,0.25,48.10000000000004,10:17:48,77.59,900,77.6,5000,77.597,600
6618,0.62,0.23,0.39,6.26,10:22:06,77.62,400,77.63,1500,77.6247,228
6643,0.5700000000000001,0.24,0.33,24.190000000000005,10:22:24,77.64,600,77.65,1200,77.6401,100
6684,0.38,0.08,0.3,45.83000000000003,10:22:45,77.59,800,77.6,1900,77.5962,2000
6730,0.48,0.07,0.41,8.1,10:23:08,77.59,1500,77.6,1000,77.5952,126
6738,0.53,0.24,0.29,20.229999999999997,10:23:20,77.58,900,77.59,1100,77.5867,100
6773,0.35000000000000003,0.08,0.27,33.78,10:23:33,77.6,1400,77.61,1100,77.609,200
6856,4.62,4.28,0.34,0.0,10:24:00,77.62,1400,77.63,800,77.62100000000001,355
6888,0.34,0.08,0.26,19.27,10:24:19,77.61,1200,77.62,800,77.619,322
6944,0.45,0.14,0.31,43.350000000000016,10:24:43,77.61,1300,77.62,1100,77.6183,100
6961,0.45000000000000007,0.17,0.28,0.0,10:25:00,77.6,700,77.61,1600,77.6085,300
6972,4.779999999999999,4.47,0.31,10.54,10:25:10,77.6,1300,77.61,1600,77.608,2000
6996,0.37,0.08,0.29,23.69,10:25:23,77.6,1400,77.61,1500,77.6073,100
7025,0.35000000000000003,0.07,0.28,37.82999999999999,10:25:37,77.6,600,77.61,1800,77.6064,1700
7089,0.4,0.08,0.32,7.869999999999999,10:26:07,77.59,500,77.6,1000,77.5958,100
7099,0.4,0.08,0.32,16.31,10:26:16,77.6,400,77.61,1400,77.6047,100
7142,0.32,0.07,0.25,35.790000000000006,10:26:35,77.6,1100,77.61,1100,77.6083,185
7174,0.48,0.18,0.3,51.93,10:26:51,77.61,1100,77.62,900,77.6161,100
7185,37.42,37.15,0.27,0.0,10:27:00,77.61,1800,77.62,700,77.6136,1000
7205,0.24000000000000002,0.07,0.17,6.880000000000001,10:27:06,77.61,1800,77.62,800,77.6147,900
7262,0.5,0.23,0.27,0.0,10:28:00,77.6,1000,77.61,2100,77.6053,120
7285,0.99,0.75,0.24,12.96,10:28:12,77.59,1400,77.6,1300,77.5903,300
7342,0.30000000000000004,0.07,0.23,34.03999999999999,10:28:34,77.59,800,77.6,900,77.5966,175
7370,0.27,0.08,0.19,43.94,10:28:43,77.59,1000,77.6,1400,77.592,100
7412,0.26,0.08,0.18,0.0,10:29:00,77.59,1500,77.6,1200,77.5901,100
7489,0.43000000000000005,0.23,0.2,31.960000000000008,10:29:31,77.62,900,77.63,700,77.6292,100
7500,0.6,0.25,0.35,36.300000000000004,10:29:36,77.63,1200,77.64,1100,77.6347,100
7571,0.55,0.24,0.31,0.0,10:30:00,77.63,1500,77.64,1900,77.6357,100
7602,1.69,1.39,0.3,20.209999999999997,10:30:20,77.63,1400,77.64,1100,77.6352,100
7605,0.3,0.08,0.22,21.24,10:30:21,77.63,1400,77.64,1100,77.6358,128
7620,0.43,0.21,0.22,27.599999999999998,10:30:27,77.62,1600,77.63,500,77.6232,350
7660,0.48,0.19,0.29,41.36,10:30:41,77.62,500,77.63,600,77.6254,150
7711,0.45,0.23,0.22,2.32,10:31:02,77.59,1600,77.6,400,77.5942,250
7720,0.35000000000000003,0.08,0.27,6.23,10:31:06,77.59,700,77.6,700,77.5999,100
7739,0.39,0.18,0.21,22.1,10:31:22,77.59,1600,77.6,1200,77.59100000000001,134
7829,0.41000000000000003,0.24,0.17,10.810000000000004,10:33:10,77.59,900,77.6,900,77.5933,264
7861,0.32,0.13,0.19,22.690000000000012,10:33:22,77.61,1000,77.62,700,77.6156,200
7941,0.36,0.12,0.24,2.2,10:34:02,77.6,1200,77.61,200,77.6025,500
7969,0.38,0.14,0.24,18.069999999999997,10:34:18,77.61,600,77.62,1000,77.6146,200
8031,0.47,0.18,0.29,44.08,10:34:44,77.61,600,77.62,1500,77.6165,100
8057,0.34,0.08,0.26,54.15,10:34:54,77.62,1100,77.63,1100,77.6201,247
8105,0.8,0.26,0.54,23.800000000000004,10:35:23,77.6,1600,77.61,1700,77.607,126
8111,0.62,0.08,0.54,27.640000000000004,10:35:27,77.59,1600,77.6,1600,77.5969,162
8134,1.78,0.08,1.7,48.02,10:35:48,77.58,1400,77.59,1300,77.5836,530
8151,0.61,0.18,0.43,6.01,10:36:06,77.59,1700,77.6,1200,77.59899999999999,100
8263,0.59,0.16,0.43,23.890000000000008,10:37:23,77.58,1500,77.59,2000,77.5856,100
8421,0.5800000000000001,0.25,0.33,5.36,10:39:05,77.55,1300,77.56,1500,77.5572,600
8446,0.95,0.22,0.73,27.69,10:39:27,77.55,1700,77.56,1200,77.5562,100
8502,0.75,0.18,0.57,19.139999999999997,10:40:19,77.55,1600,77.56,2000,77.5556,200
8558,0.5800000000000001,0.2,0.38,55.88000000000003,10:40:55,77.52,700,77.53,1700,77.5299,150
8565,0.75,0.32,0.43,0.0,10:41:00,77.52,400,77.53,1600,77.525,200
8611,0.5700000000000001,0.07,0.5,33.8,10:41:33,77.49,1600,77.5,600,77.495,600
8671,0.43999999999999995,0.09,0.35,7.82,10:42:07,77.51,1800,77.52,300,77.5193,130
8684,0.6,0.09,0.51,19.71,10:42:19,77.51,500,77.52,1200,77.515,100
8705,0.61,0.29,0.32,33.720000000000006,10:42:33,77.5,1600,77.51,1400,77.5056,102
8712,0.46,0.08,0.38,37.910000000000004,10:42:37,77.48,400,77.49,1200,77.485,100
8714,0.46,0.07,0.39,39.11000000000001,10:42:39,77.48,400,77.49,1200,77.4808,100
8722,0.5700000000000001,0.07,0.5,43.48000000000001,10:42:43,77.48,200,77.49,2200,77.48,100
8726,0.45,0.08,0.37,45.71000000000001,10:42:45,77.48,300,77.49,2500,77.49,136
8736,0.5800000000000001,0.07,0.51,51.45000000000001,10:42:51,77.48,800,77.49,1100,77.4899,646
8740,0.57,0.09,0.48,53.850000000000016,10:42:53,77.46,1300,77.47,1900,77.47,100
8743,0.78,0.23,0.55,55.84000000000002,10:42:55,77.46,700,77.47,1800,77.465,800
8752,0.63,0.24,0.39,1.9899999999999998,10:43:01,77.45,900,77.46,500,77.4608,100
8755,0.62,0.15,0.47,3.9699999999999998,10:43:03,77.45,800,77.46,1400,77.46,100
8758,0.76,0.22,0.54,5.96,10:43:05,77.45,900,77.46,1200,77.455,100
8762,0.43999999999999995,0.09,0.35,9.62,10:43:09,77.46,1100,77.47,1100,77.469,100
8766,0.62,0.08,0.54,12.019999999999998,10:43:12,77.46,1200,77.47,1400,77.4699,102
8769,2.19,1.73,0.46,15.389999999999997,10:43:15,77.46,1000,77.47,1100,77.4601,400
8772,1.19,0.7,0.49,17.599999999999998,10:43:17,77.48,500,77.49,1200,77.4872,250
8820,0.79,0.12,0.67,51.810000000000024,10:43:51,77.48,700,77.49,2300,77.4856,500
8848,1.4,0.92,0.48,6.5600000000000005,10:44:06,77.43,700,77.44,500,77.435,500
8850,0.58,0.08,0.5,7.750000000000001,10:44:07,77.44,300,77.45,1100,77.44,100
8854,0.5900000000000001,0.14,0.45,11.920000000000002,10:44:11,77.43,500,77.44,900,77.4451,100
8857,0.7899999999999999,0.09,0.7,14.14,10:44:14,77.43,500,77.44,900,77.445,100
8864,0.79,0.18,0.61,18.950000000000003,10:44:18,77.43,100,77.44,1300,77.43,100
8895,0.5800000000000001,0.07,0.51,38.12000000000001,10:44:38,77.42,500,77.43,1200,77.425,400
8909,0.58,0.17,0.41,46.12000000000002,10:44:46,77.43,300,77.44,1100,77.4399,150
8916,0.5800000000000001,0.18,0.4,50.140000000000015,10:44:50,77.43,600,77.44,900,77.4356,126
8933,0.44,0.08,0.36,3.4,10:45:03,77.44,3200,77.45,2000,77.45,100
8952,0.5900000000000001,0.2,0.39,21.38,10:45:21,77.47,400,77.48,1600,77.475,100
8990,0.65,0.21,0.44,45.60999999999999,10:45:45,77.47,700,77.48,1100,77.4747,394
9068,0.6100000000000001,0.07,0.54,37.79,10:46:37,77.43,800,77.44,1000,77.437,188
9085,0.6100000000000001,0.07,0.54,49.800000000000004,10:46:49,77.42,800,77.43,600,77.4254,100
9086,0.5900000000000001,0.07,0.52,50.39000000000001,10:46:50,77.41,900,77.42,500,77.42,100
9129,0.43000000000000005,0.1,0.33,24.24,10:47:24,77.42,800,77.43,400,77.4247,210
9145,0.56,0.2,0.36,33.21999999999999,10:47:33,77.43,1900,77.44,1600,77.4299,100
9182,0.61,0.09,0.52,56.239999999999995,10:47:56,77.43,1600,77.44,700,77.4347,162
9188,0.59,0.08,0.51,0.0,10:48:00,77.45,800,77.46,1600,77.4503,100
9278,0.5700000000000001,0.14,0.43,0.0,10:49:00,77.41,700,77.42,2100,77.4158,179
9288,0.45,0.07,0.38,5.88,10:49:05,77.41,2500,77.42,300,77.415,800
9352,0.8500000000000001,0.2,0.65,48.47000000000001,10:49:48,77.4,9800,77.41,1600,77.41,100
9355,0.76,0.07,0.69,50.83000000000001,10:49:50,77.4,10000,77.41,700,77.405,800
9363,0.98,0.18,0.8,56.430000000000014,10:49:56,77.41,900,77.42,800,77.4166,155
9373,0.77,0.19,0.58,4.01,10:50:04,77.41,800,77.42,1100,77.4125,500
9389,0.62,0.18,0.44,20.6,10:50:20,77.4,9800,77.41,1600,77.4,100
9395,0.61,0.2,0.41,24.190000000000005,10:50:24,77.4,9900,77.41,600,77.4089,100
9406,0.59,0.16,0.43,30.36000000000001,10:50:30,77.39,300,77.4,2200,77.395,100
9413,0.5900000000000001,0.07,0.52,33.97000000000001,10:50:33,77.38,1500,77.39,1400,77.39,100
9416,0.57,0.1,0.47,35.72000000000001,10:50:35,77.38,500,77.39,1200,77.38,100
9427,0.6000000000000001,0.2,0.4,41.960000000000015,10:50:41,77.38,400,77.39,1200,77.385,1100
9449,0.61,0.18,0.43,54.13,10:50:54,77.38,1500,77.39,700,77.3892,100
9452,0.62,0.21,0.41,55.93,10:50:55,77.38,600,77.39,2300,77.3825,500
9465,2.38,1.88,0.5,5.1899999999999995,10:51:05,77.38,900,77.39,2300,77.3896,500
9469,1.4100000000000001,0.74,0.67,8.66,10:51:08,77.37,500,77.38,1700,77.375,100
9471,2.39,1.81,0.58,12.23,10:51:12,77.36,400,77.37,1700,77.36,100
9473,2.8099999999999996,2.34,0.47,15.620000000000001,10:51:15,77.36,1500,77.37,1600,77.365,100
9481,0.6,0.21,0.39,22.010000000000005,10:51:22,77.36,1500,77.37,1000,77.3625,500
9484,0.76,0.22,0.54,23.970000000000006,10:51:23,77.37,800,77.38,1900,77.37,100
9526,0.79,0.17,0.62,50.53000000000002,10:51:50,77.38,1100,77.39,1200,77.3811,200
9557,0.8200000000000001,0.18,0.64,17.78,10:52:17,77.35,2400,77.36,500,77.3525,500
9602,0.64,0.19,0.45,48.20000000000002,10:52:48,77.38,900,77.39,700,77.3899,135
9689,0.76,0.39,0.37,43.83999999999999,10:53:43,77.39,900,77.4,700,77.3925,800
9693,0.6,0.15,0.45,46.24999999999999,10:53:46,77.39,600,77.4,1100,77.3946,110
9700,0.6100000000000001,0.27,0.34,50.239999999999995,10:53:50,77.39,700,77.4,900,77.3953,158
9703,0.59,0.24,0.35,51.849999999999994,10:53:51,77.39,1200,77.4,400,77.3954,600
9710,0.58,0.15,0.43,56.019999999999996,10:53:56,77.39,1000,77.4,600,77.3959,2500
9714,0.56,0.2,0.36,58.04,10:53:58,77.39,800,77.4,1800,77.399,100
9735,2.1799999999999997,1.65,0.53,10.8,10:54:10,77.39,1100,77.4,600,77.3999,120
9747,0.5800000000000001,0.07,0.51,20.21,10:54:20,77.4,1700,77.41,700,77.4042,300
9750,0.61,0.17,0.44,21.840000000000003,10:54:21,77.4,1200,77.41,600,77.4051,184
9756,118.97,118.36,0.61,0.0,10:56:00,77.4,1600,77.41,1500,77.4046,115
9769,0.79,0.23,0.56,8.86,10:56:08,77.4,1600,77.41,500,77.4025,500
9862,0.58,0.08,0.5,38.350000000000016,10:57:38,77.42,100,77.42,1200,77.4225,700
9893,0.44,0.07,0.37,55.97000000000003,10:57:55,77.42,400,77.43,1700,77.4265,500
9919,1.4,0.93,0.47,14.569999999999999,10:58:14,77.42,800,77.43,500,77.4205,680
10012,0.58,0.29,0.29,11.61,10:59:11,77.42,600,77.43,700,77.4236,240
10131,0.78,0.2,0.58,36.16,11:00:36,77.42,1500,77.43,600,77.429,100
10159,0.5800000000000001,0.18,0.4,51.99000000000001,11:00:51,77.43,1400,77.44,1900,77.431,500
10178,2.75,2.13,0.62,3.79,11:01:03,77.43,1800,77.44,500,77.4365,127
10185,4.38,3.9,0.48,14.170000000000002,11:01:14,77.44,1500,77.45,10000,77.4457,150
10303,0.65,0.21,0.44,32.54,11:04:32,77.49,1600,77.5,800,77.499,100
10329,0.7999999999999999,0.08,0.72,3.8,11:05:03,77.45,15800,77.46,1100,77.4585,300
10334,0.8099999999999999,0.23,0.58,7.6,11:05:07,77.45,15700,77.46,1000,77.4584,258
10377,0.45,0.08,0.37,39.210000000000015,11:05:39,77.43,800,77.44,1500,77.4325,600
10434,0.58,0.09,0.49,20.18,11:06:20,77.42,1500,77.43,900,77.4243,215
10441,0.62,0.31,0.31,24.01,11:06:24,77.42,1600,77.43,400,77.4252,335
10445,0.5700000000000001,0.07,0.5,26.17,11:06:26,77.42,1600,77.43,400,77.4294,100
10510,0.44,0.13,0.31,0.0,11:07:00,77.45,300,77.46,1100,77.4557,150
10526,0.6599999999999999,0.36,0.3,14.209999999999999,11:07:14,77.46,1300,77.47,600,77.4628,872
10531,2.38,1.79,0.59,19.77,11:07:19,77.47,1000,77.48,1700,77.4746,150
10598,0.5900000000000001,0.19,0.4,55.989999999999995,11:07:55,77.43,1600,77.44,900,77.4301,315
10601,0.5700000000000001,0.07,0.5,0.0,11:08:00,77.43,1600,77.44,1000,77.4307,100
10656,0.64,0.18,0.46,42.28,11:08:42,77.42,1600,77.43,800,77.4393,100
10756,0.63,0.21,0.42,44.000000000000014,11:09:44,77.42,1500,77.43,1200,77.423,146
10770,0.57,0.08,0.49,51.76000000000001,11:09:51,77.42,1700,77.43,1300,77.421,135
10785,0.58,0.08,0.5,0.0,11:10:00,77.41,500,77.42,1000,77.419,500
10849,0.6100000000000001,0.07,0.54,43.98000000000002,11:10:43,77.39,1600,77.4,1400,77.3944,440
10870,0.6200000000000001,0.28,0.34,55.97000000000003,11:10:55,77.38,1600,77.39,1100,77.3854,200
10877,0.5800000000000001,0.07,0.51,0.0,11:11:00,77.38,1600,77.39,1500,77.3867,200
10908,0.45,0.13,0.32,25.630000000000003,11:11:25,77.37,1500,77.38,1600,77.3756,100
10924,0.59,0.12,0.47,34.610000000000014,11:11:34,77.37,1500,77.38,1600,77.3799,100
10940,0.78,0.25,0.53,43.810000000000024,11:11:43,77.37,1500,77.38,1700,77.377,135
10950,0.59,0.09,0.5,50.230000000000025,11:11:50,77.39,600,77.4,1200,77.3947,200
10988,0.64,0.23,0.41,18.22,11:12:18,77.4,1700,77.41,1300,77.4075,100
11030,0.82,0.23,0.59,46.449999999999996,11:12:46,77.41,1000,77.42,1300,77.4147,190
11050,0.62,0.08,0.54,3.9800000000000004,11:13:03,77.41,1500,77.42,1600,77.4154,1000
11068,0.8300000000000001,0.18,0.65,20.21,11:13:20,77.41,1500,77.42,1300,77.4139,220
11099,0.6200000000000001,0.07,0.55,41.77,11:13:41,77.41,1100,77.42,1400,77.4175,100
11112,0.58,0.09,0.49,49.730000000000004,11:13:49,77.41,1600,77.42,1000,77.4146,169
11139,1.21,0.6,0.61,13.790000000000003,11:14:13,77.41,1900,77.42,3100,77.4177,1000
11179,0.5700000000000001,0.24,0.33,37.79999999999999,11:14:37,77.41,1300,77.42,3400,77.4149,300
11204,0.44,0.08,0.36,1.47,11:16:01,77.42,400,77.43,900,77.4257,615
11272,0.61,0.18,0.43,27.590000000000003,11:17:27,77.42,1600,77.43,1600,77.4256,125
11343,1.26,0.8,0.46,13.020000000000001,11:18:13,77.42,2000,77.43,400,77.428,154
11350,0.6200000000000001,0.07,0.55,21.020000000000003,11:18:21,77.42,800,77.43,900,77.4266,100
11420,1.38,0.88,0.5,7.43,11:19:07,77.42,600,77.43,1600,77.4293,400
11465,0.45,0.08,0.37,41.47,11:19:41,77.41,1900,77.42,700,77.411,100
11473,0.6100000000000001,0.07,0.54,45.65,11:19:45,77.41,1100,77.42,900,77.413,200
11478,0.62,0.08,0.54,49.459999999999994,11:19:49,77.41,2000,77.42,800,77.4128,178
11530,0.77,0.07,0.7,31.919999999999998,11:20:31,77.41,1500,77.42,700,77.4101,110
11588,1.4300000000000002,1.04,0.39,18.01,11:21:18,77.41,1000,77.42,1600,77.4199,200
11616,0.76,0.07,0.69,37.800000000000004,11:21:37,77.4,600,77.41,1600,77.4095,500
11622,0.79,0.18,0.61,42.800000000000004,11:21:42,77.4,600,77.41,1600,77.4099,100
11664,2.0300000000000002,1.57,0.46,6.24,11:22:06,77.4,1600,77.41,1600,77.4003,100
11687,0.6599999999999999,0.25,0.41,23.869999999999997,11:22:23,77.4,1000,77.41,1100,77.4084,125
11734,0.82,0.24,0.58,52.25000000000001,11:22:52,77.41,900,77.42,1100,77.4168,300
11850,0.6000000000000001,0.07,0.53,26.370000000000005,11:24:26,77.42,2300,77.43,800,77.4232,222
11932,0.79,0.2,0.59,24.419999999999998,11:25:24,77.44,2600,77.45,500,77.4443,125
11952,0.6,0.17,0.43,38.260000000000005,11:25:38,77.46,700,77.47,500,77.467,100
12023,0.6,0.08,0.52,25.86,11:26:25,77.46,1300,77.47,1200,77.4644,1500
12057,0.5700000000000001,0.13,0.44,0.0,11:28:00,77.42,1600,77.43,1300,77.4246,270
12141,0.95,0.22,0.73,1.77,11:30:01,77.38,2500,77.39,2200,77.3846,373
12145,0.79,0.07,0.72,5.03,11:30:05,77.38,1000,77.39,2700,77.3839,202
12148,18.869999999999997,18.13,0.74,27.08,11:30:27,77.35,1400,77.36,3000,77.35,100
12151,0.7899999999999999,0.21,0.58,29.629999999999995,11:30:29,77.34,1600,77.35,1300,77.34,100
12158,0.62,0.15,0.47,34.83999999999999,11:30:34,77.35,1500,77.36,2400,77.355,100
12162,0.61,0.22,0.39,37.25999999999999,11:30:37,77.35,1500,77.36,2400,77.3556,150
12188,0.6000000000000001,0.07,0.53,54.99999999999999,11:30:54,77.34,1600,77.35,1000,77.3446,351
12198,0.6,0.24,0.36,0.0,11:31:00,77.33,500,77.34,2600,77.33,100
12200,9.42,8.89,0.53,10.01,11:31:10,77.32,500,77.33,1700,77.32,100
12241,0.5900000000000001,0.07,0.52,37.98,11:31:37,77.34,700,77.35,1300,77.345,100
12244,0.62,0.15,0.47,39.949999999999996,11:31:39,77.34,400,77.35,1100,77.3411,100
12263,0.43,0.07,0.36,51.530000000000015,11:31:51,77.34,700,77.35,1300,77.3436,500
12307,0.43,0.12,0.31,21.83,11:32:21,77.35,1400,77.36,2000,77.3553,200
12323,0.5800000000000001,0.07,0.51,32.01,11:32:32,77.34,1600,77.35,1800,77.3465,100
12376,2.16,1.47,0.69,0.0,11:33:00,77.34,1600,77.35,1700,77.3466,145
12408,0.61,0.08,0.53,22.28,11:33:22,77.32,2100,77.33,600,77.3254,172
12444,0.5700000000000001,0.14,0.43,42.22,11:33:42,77.3,2400,77.31,1300,77.305,100
12455,0.43,0.07,0.36,48.050000000000004,11:33:48,77.3,2100,77.31,1600,77.3,100
12459,0.61,0.08,0.53,50.650000000000006,11:33:50,77.29,700,77.3,1000,77.295,100
12474,0.5900000000000001,0.07,0.52,5.8,11:34:05,77.29,500,77.3,1000,77.29,200
12477,2.15,1.64,0.51,9.17,11:34:09,77.3,700,77.31,800,77.2975,100
12495,0.6200000000000001,0.07,0.55,25.77000000000001,11:34:25,77.3,200,77.31,900,77.31,100
12504,0.74,0.2,0.54,31.53000000000001,11:34:31,77.3,700,77.31,700,77.303,462
12517,0.62,0.14,0.48,39.59000000000002,11:34:39,77.31,1800,77.32,1200,77.3154,200
12520,0.6,0.08,0.52,41.600000000000016,11:34:41,77.31,2000,77.32,1200,77.315,100
12529,0.5900000000000001,0.07,0.52,47.750000000000014,11:34:47,77.31,1300,77.32,1200,77.319,120
12544,0.61,0.19,0.42,57.96000000000001,11:34:57,77.32,1600,77.33,1600,77.325,100
12561,2.58,1.97,0.61,11.59,11:35:11,77.33,500,77.34,2000,77.3346,316
12633,0.6100000000000001,0.07,0.54,12.419999999999998,11:37:12,77.32,600,77.33,1200,77.3239,220
12651,0.64,0.19,0.45,24.0,11:37:24,77.32,1700,77.33,1300,77.3258,500
12676,0.57,0.08,0.49,37.940000000000005,11:37:37,77.32,800,77.33,1000,77.3238,120
12705,0.5700000000000001,0.12,0.45,0.0,11:38:00,77.3,800,77.31,1500,77.3001,100
12716,0.61,0.19,0.42,6.230000000000001,11:38:06,77.3,1500,77.31,1400,77.3046,134
12766,0.45,0.07,0.38,48.04000000000001,11:38:48,77.3,700,77.31,1600,77.3033,175
12776,0.5800000000000001,0.07,0.51,54.00000000000002,11:38:54,77.3,700,77.31,1600,77.301,192
12791,0.75,0.24,0.51,2.0,11:41:02,77.33,2300,77.34,1100,77.3399,1638
12856,0.5800000000000001,0.07,0.51,50.20000000000002,11:41:50,77.35,1500,77.36,1200,77.3596,100
12859,0.5900000000000001,0.14,0.45,52.03000000000002,11:41:52,77.35,1600,77.36,500,77.3557,100
12923,0.24000000000000002,0.07,0.17,8.870000000000001,11:42:08,77.35,1200,77.36,1200,77.3538,143
12944,0.45999999999999996,0.21,0.25,16.890000000000004,11:42:16,77.35,1300,77.36,900,77.3599,100
13022,0.45,0.27,0.18,43.09000000000002,11:42:43,77.36,2500,77.37,1200,77.3634,1013
13088,0.45,0.19,0.26,29.720000000000002,11:43:29,77.36,3100,77.37,900,77.3675,100
13128,0.28,0.07,0.21,45.580000000000034,11:43:45,77.33,1700,77.34,1200,77.335,100
13196,0.23,0.07,0.16,16.71,11:45:16,77.34,1300,77.35,1100,77.347,110
13203,0.24000000000000002,0.07,0.17,18.99,11:45:18,77.34,2000,77.35,1000,77.3457,320
13235,0.54,0.21,0.33,28.949999999999996,11:45:28,77.34,1800,77.35,800,77.3443,180
13238,1.7,1.49,0.21,31.139999999999993,11:45:31,77.34,1800,77.35,700,77.3447,250
13296,0.25,0.09,0.16,8.23,11:46:08,77.36,800,77.37,1600,77.3644,134
13316,0.38,0.21,0.17,20.200000000000003,11:46:20,77.35,2500,77.36,500,77.3546,448
13414,0.29000000000000004,0.07,0.22,53.92000000000001,11:46:53,77.35,1700,77.36,900,77.3554,150
13444,0.42000000000000004,0.23,0.19,6.129999999999999,11:47:06,77.35,1400,77.36,600,77.3535,450
13715,0.42000000000000004,0.22,0.2,53.96999999999998,11:48:53,77.34,2700,77.35,500,77.34100000000001,100
13732,0.45,0.27,0.18,60.02999999999999,11:49:00,77.35,1700,77.36,900,77.3501,120
13762,0.38,0.22,0.16,19.999999999999996,11:49:19,77.35,1900,77.36,1300,77.3584,310
13881,0.4,0.21,0.19,0.0,11:50:00,77.35,2300,77.36,1100,77.3555,206
13909,0.23,0.07,0.16,15.870000000000001,11:50:15,77.36,1700,77.37,2000,77.3668,125
13913,1.82,1.55,0.27,18.85,11:50:18,77.36,1700,77.37,2000,77.3615,100
13916,0.23,0.07,0.16,19.91,11:50:19,77.36,1700,77.37,2100,77.3667,600
13958,0.44000000000000006,0.27,0.17,33.989999999999995,11:50:33,77.35,2300,77.36,1100,77.3578,132
13970,0.33,0.17,0.16,37.96,11:50:37,77.35,2400,77.36,1100,77.358,750
14164,0.28,0.1,0.18,40.17000000000003,11:51:40,77.36,2700,77.37,1200,77.369,185
14170,0.24000000000000002,0.07,0.17,42.080000000000034,11:51:42,77.36,2700,77.37,1300,77.3636,800
14213,0.29000000000000004,0.07,0.22,3.0600000000000005,11:52:03,77.36,2000,77.37,1700,77.3654,100
14275,0.43,0.24,0.19,25.88000000000002,11:52:25,77.38,3100,77.39,1000,77.3821,132
14372,3.28,3.03,0.25,12.89,11:53:12,77.37,1400,77.38,600,77.3793,940
14383,1.7,1.51,0.19,21.650000000000002,11:53:21,77.36,1600,77.37,1200,77.367,110
14405,0.25,0.07,0.18,28.070000000000004,11:53:28,77.36,2100,77.37,400,77.3633,105
14416,0.33,0.14,0.19,31.75,11:53:31,77.36,2500,77.37,400,77.368,500
14441,0.35,0.18,0.17,39.75000000000001,11:53:39,77.37,2900,77.38,1000,77.37100000000001,190
14447,0.38,0.21,0.17,42.13000000000002,11:53:42,77.37,2800,77.38,1000,77.3738,166
14498,0.26,0.08,0.18,0.0,11:54:00,77.36,1600,77.37,800,77.3651,100
14643,0.43000000000000005,0.26,0.17,58.24000000000002,11:54:58,77.39,900,77.4,1500,77.3965,100
14673,1.01,0.82,0.19,11.22,11:55:11,77.39,1100,77.4,1500,77.3907,100
14685,0.27,0.07,0.2,17.02,11:55:17,77.39,900,77.4,1500,77.3916,260
14727,0.32,0.12,0.2,35.27000000000001,11:55:35,77.39,1600,77.4,1200,77.3989,100
14924,0.35000000000000003,0.08,0.27,50.07000000000004,11:56:50,77.4,1500,77.41,1300,77.4043,250
14962,0.36,0.19,0.17,0.0,11:57:00,77.4,1800,77.41,1800,77.4015,150
15072,0.43000000000000005,0.2,0.23,46.24000000000001,11:57:46,77.4,1300,77.41,2700,77.408,5000
15130,1.02,0.8,0.22,18.689999999999998,11:58:18,77.4,1700,77.41,2600,77.4096,200
15136,0.53,0.25,0.28,22.29,11:58:22,77.4,1900,77.41,2600,77.40100000000001,100
15183,0.23,0.07,0.16,35.970000000000006,11:58:35,77.4,2000,77.41,2700,77.4001,200
15191,0.37,0.2,0.17,38.07000000000001,11:58:38,77.4,2100,77.41,2700,77.4052,177
15277,0.33999999999999997,0.15,0.19,15.56,11:59:15,77.37,400,77.38,2200,77.3792,118
15301,0.35,0.15,0.2,25.79000000000001,11:59:25,77.37,1600,77.38,2100,77.37899999999999,100
15313,0.28,0.07,0.21,29.690000000000015,11:59:29,77.37,1500,77.38,2100,77.3788,100
15324,0.4,0.14,0.26,33.750000000000014,11:59:33,77.37,1600,77.38,2100,77.3701,125
15490,0.27,0.09,0.18,35.879999999999995,12:00:35,77.36,1500,77.37,2300,77.3656,120
15693,0.25,0.08,0.17,49.94999999999999,12:01:49,77.37,700,77.38,1700,77.3728,126
15778,0.25,0.07,0.18,25.819999999999997,12:02:25,77.37,1500,77.38,1000,77.3735,100
15933,0.31,0.08,0.23,26.009999999999998,12:03:26,77.39,1200,77.4,1600,77.3968,100
16092,0.3,0.08,0.22,24.000000000000014,12:04:24,77.37,500,77.38,1200,77.3754,100
16100,0.29,0.08,0.21,26.810000000000013,12:04:26,77.37,500,77.38,1200,77.3746,249
16246,0.5900000000000001,0.28,0.31,20.169999999999995,12:05:20,77.36,700,77.37,1500,77.3678,500
16307,0.39,0.19,0.2,40.18,12:05:40,77.36,1700,77.37,1400,77.3646,183
16331,0.27,0.07,0.2,0.0,12:06:00,77.36,1600,77.37,1100,77.3601,3025
16414,0.27,0.07,0.2,33.97,12:06:33,77.33,800,77.34,2700,77.3301,200
16977,1.57,1.33,0.24,14.3,12:10:14,77.39,2600,77.4,800,77.39699999999999,243
17017,0.43,0.22,0.21,27.71999999999999,12:10:27,77.39,2700,77.4,600,77.3975,100
17087,0.41000000000000003,0.24,0.17,49.66999999999996,12:10:49,77.41,2400,77.42,500,77.4148,100
17386,0.41000000000000003,0.21,0.2,37.86,12:12:37,77.41,700,77.42,900,77.4156,128
17469,0.44,0.26,0.18,20.11,12:13:20,77.41,900,77.42,1100,77.41199999999999,322
17585,0.44,0.26,0.18,56.12000000000001,12:13:56,77.41,1000,77.42,800,77.4167,626
17627,0.35,0.19,0.16,13.8,12:14:13,77.41,1100,77.42,1400,77.4194,500
17692,0.39,0.13,0.26,37.94000000000001,12:14:37,77.42,1100,77.43,1100,77.4235,164
17972,0.27,0.07,0.2,33.750000000000014,12:16:33,77.38,1600,77.39,1300,77.3801,190
17985,0.26,0.07,0.19,37.940000000000005,12:16:37,77.38,1600,77.39,700,77.3888,125
17998,0.27,0.08,0.19,41.850000000000016,12:16:41,77.38,1600,77.39,800,77.3848,100
18105,0.24,0.08,0.16,19.959999999999997,12:17:19,77.41,1400,77.42,600,77.416,200
18156,0.25,0.09,0.16,35.959999999999994,12:17:35,77.42,800,77.43,1300,77.422,700
18377,0.26,0.09,0.17,51.840000000000025,12:18:51,77.41,1100,77.42,400,77.4144,660
18423,0.24000000000000002,0.07,0.17,17.979999999999997,12:19:17,77.42,500,77.43,1700,77.4267,1300
18444,0.23,0.07,0.16,24.099999999999994,12:19:24,77.42,300,77.43,2100,77.4201,150
18808,0.25,0.07,0.18,38.779999999999994,12:21:38,77.43,700,77.44,1400,77.4392,100
18831,0.24000000000000002,0.07,0.17,46.51999999999999,12:21:46,77.43,800,77.44,1200,77.4354,200
18872,0.28,0.08,0.2,3.66,12:22:03,77.43,1200,77.44,1300,77.4397,100
18879,0.44,0.24,0.2,9.65,12:22:09,77.43,1100,77.44,1300,77.4315,116
18906,0.29000000000000004,0.07,0.22,23.81,12:22:23,77.42,1500,77.43,1600,77.4292,2500
19048,0.37,0.14,0.23,20.180000000000007,12:23:20,77.41,1800,77.42,900,77.4157,130
19164,0.44,0.19,0.25,2.2199999999999998,12:24:02,77.42,1700,77.43,1300,77.4249,175
19395,0.42,0.21,0.21,48.22999999999999,12:25:48,77.41,1500,77.42,900,77.4186,614
19547,0.49,0.21,0.28,52.21,12:26:52,77.43,700,77.44,1300,77.4355,300
19572,0.29000000000000004,0.09,0.2,0.0,12:27:00,77.43,1200,77.44,500,77.4343,350
19784,0.43,0.24,0.19,26.070000000000004,12:28:26,77.44,1000,77.45,1400,77.449,180
19790,0.27,0.09,0.18,27.900000000000006,12:28:27,77.43,1100,77.44,1400,77.4352,100
19939,0.43000000000000005,0.23,0.2,24.189999999999998,12:29:24,77.44,800,77.45,1000,77.4473,100
19967,0.37,0.18,0.19,34.349999999999994,12:29:34,77.45,1000,77.46,900,77.45100000000001,118
20117,0.33999999999999997,0.12,0.22,34.0,12:30:34,77.45,800,77.46,1500,77.4501,175
20241,0.41000000000000003,0.23,0.18,25.979999999999986,12:31:25,77.45,700,77.46,2100,77.4599,100
20366,2.25,1.86,0.39,5.84,12:32:05,77.44,1500,77.45,1200,77.4444,100
20371,0.35,0.17,0.18,10.059999999999999,12:32:10,77.44,1500,77.45,1100,77.4446,150
20409,0.3,0.08,0.22,24.02000000000001,12:32:24,77.44,1500,77.45,1400,77.4423,120
20512,2.8000000000000003,2.49,0.31,7.6,12:33:07,77.44,1700,77.45,2100,77.4448,414
20515,0.29000000000000004,0.07,0.22,10.66,12:33:10,77.44,2300,77.45,2100,77.4452,532
20586,0.25,0.07,0.18,36.050000000000004,12:33:36,77.47,1100,77.48,1100,77.4744,440
20683,0.35,0.17,0.18,23.880000000000003,12:34:23,77.46,1100,77.47,900,77.4654,150
20831,0.31,0.13,0.18,5.499999999999999,12:35:05,77.46,2100,77.47,400,77.4657,300
20837,3.3000000000000003,3.08,0.22,11.19,12:35:11,77.47,1000,77.48,1500,77.4734,100
20848,0.25,0.07,0.18,14.28,12:35:14,77.47,2100,77.48,1500,77.473,231
20982,2.38,2.02,0.36,9.82,12:36:09,77.47,800,77.48,1600,77.4766,250
21422,0.24000000000000002,0.07,0.17,4.970000000000001,12:39:04,77.46,500,77.47,900,77.4633,320
21493,0.31000000000000005,0.14,0.17,0.0,12:40:00,77.46,500,77.47,800,77.4646,150
21505,0.34,0.17,0.17,4.03,12:40:04,77.46,800,77.47,1100,77.4667,250
21528,0.5700000000000001,0.27,0.3,22.15,12:40:22,77.46,1500,77.47,900,77.4617,153
21706,0.23,0.07,0.16,29.699999999999992,12:41:29,77.44,1500,77.45,700,77.441,127
21734,0.35,0.14,0.21,39.029999999999994,12:41:39,77.44,1500,77.45,1000,77.4456,200
21786,149.10999999999999,148.89,0.22,0.0,12:44:00,77.44,1600,77.45,1800,77.4401,193
21823,0.41000000000000003,0.24,0.17,12.690000000000003,12:44:12,77.44,2000,77.45,1300,77.44800000000001,260
21856,0.31,0.13,0.18,22.80000000000001,12:44:22,77.44,2100,77.45,1000,77.4465,219
21932,0.39,0.2,0.19,30.090000000000007,12:45:30,77.42,1600,77.43,2200,77.4285,800
21990,0.24000000000000002,0.07,0.17,49.67,12:45:49,77.42,1500,77.43,3000,77.4216,400
22027,0.87,0.6,0.27,7.04,12:46:07,77.42,1500,77.43,3500,77.4288,3800
22183,0.39,0.22,0.17,13.809999999999999,12:47:13,77.42,1000,77.43,1600,77.4259,100
22614,0.29000000000000004,0.07,0.22,0.0,12:50:00,77.4,1000,77.41,1000,77.4037,166
22635,0.42000000000000004,0.26,0.16,12.170000000000002,12:50:12,77.4,1300,77.41,1400,77.4056,150
22676,0.28,0.07,0.21,32.01000000000001,12:50:32,77.41,500,77.42,700,77.4141,200
22859,0.31,0.15,0.16,29.82999999999999,12:51:29,77.42,1000,77.43,1600,77.4253,100
22895,0.41000000000000003,0.24,0.17,41.82999999999999,12:51:41,77.42,1500,77.43,1500,77.4242,100
23335,0.27,0.07,0.2,37.90000000000002,12:54:37,77.43,800,77.44,1600,77.4361,2372
23450,0.37,0.18,0.19,32.01,12:55:32,77.45,1000,77.46,1200,77.4548,343
23508,0.24000000000000002,0.07,0.17,49.85000000000003,12:55:49,77.45,1500,77.46,1100,77.4552,153
23580,0.37,0.18,0.19,19.970000000000006,12:56:19,77.47,800,77.48,1100,77.4743,2800
23759,0.30000000000000004,0.14,0.16,30.160000000000004,12:57:30,77.47,1000,77.48,1100,77.4715,100
23893,0.4,0.23,0.17,9.370000000000003,12:58:09,77.49,1100,77.5,1100,77.4957,108
24052,0.26,0.08,0.18,11.339999999999998,13:00:11,77.47,1500,77.48,2500,77.4756,200
24278,0.35,0.18,0.17,0.0,13:02:00,77.49,800,77.5,1100,77.4937,600
24288,1.22,1.05,0.17,4.78,13:02:04,77.49,1000,77.5,1100,77.491,840
24316,0.28,0.12,0.16,22.089999999999996,13:02:22,77.48,800,77.49,2400,77.4825,700
24405,0.36,0.2,0.16,49.909999999999975,13:02:49,77.48,1500,77.49,1600,77.4866,131
24487,0.31,0.13,0.18,20.410000000000004,13:03:20,77.49,100,77.5,2400,77.4936,500
24518,0.45999999999999996,0.25,0.21,30.44000000000001,13:03:30,77.48,1100,77.49,1100,77.4868,3000
24537,0.42000000000000004,0.23,0.19,36.42,13:03:36,77.48,1600,77.49,1100,77.4837,842
24616,0.32,0.15,0.17,6.960000000000001,13:04:06,77.48,1600,77.49,2000,77.4875,200
24698,0.35,0.17,0.18,36.93000000000001,13:04:36,77.48,1200,77.49,1300,77.4857,1000
24740,0.27,0.08,0.19,50.90000000000003,13:04:50,77.48,1400,77.49,1200,77.4842,300
24764,0.8300000000000001,0.66,0.17,7.17,13:05:07,77.48,1400,77.49,1200,77.48899999999999,100
24768,3.53,3.36,0.17,13.149999999999999,13:05:13,77.48,1600,77.49,1300,77.4824,147
24798,0.23,0.07,0.16,25.82,13:05:25,77.48,1600,77.49,400,77.48100000000001,210
24937,0.37,0.14,0.23,8.21,13:09:08,77.48,1300,77.49,1700,77.4844,200
24961,0.26,0.07,0.19,23.810000000000002,13:09:23,77.48,1500,77.49,1800,77.4854,605
25145,0.25,0.07,0.18,22.129999999999995,13:10:22,77.49,1100,77.5,1100,77.4946,250
25342,1.9000000000000001,1.37,0.53,6.7700000000000005,13:12:06,77.49,600,77.5,3400,77.4964,910
25352,0.34,0.07,0.27,11.77,13:12:11,77.48,1500,77.49,6900,77.4834,147
25495,0.62,0.22,0.4,28.17,13:13:28,77.49,900,77.5,7000,77.4992,100
25551,0.57,0.21,0.36,0.0,13:14:00,77.49,1200,77.5,6800,77.4935,200
25573,0.63,0.22,0.41,22.819999999999997,13:14:22,77.51,700,77.52,1400,77.5154,500
25657,1.83,1.36,0.47,14.45,13:15:14,77.53,700,77.54,5200,77.5307,175
25666,0.6300000000000001,0.07,0.56,19.82,13:15:19,77.53,1900,77.54,2900,77.5301,101
25669,0.79,0.28,0.51,22.220000000000002,13:15:22,77.53,1900,77.54,2900,77.5366,300
25782,0.62,0.19,0.43,45.55000000000002,13:16:45,77.54,2500,77.55,1300,77.5446,125
25901,0.58,0.23,0.35,0.58,13:18:00,77.54,1400,77.55,2600,77.5442,3250
25928,0.43,0.14,0.29,24.630000000000006,13:18:24,77.54,2400,77.55,2700,77.5444,100
26007,2.67,2.03,0.64,19.270000000000003,13:19:19,77.53,1800,77.54,1600,77.5346,133
26009,0.6000000000000001,0.07,0.53,22.410000000000004,13:19:22,77.52,1700,77.53,1900,77.5257,650
26062,0.5900000000000001,0.07,0.52,52.42999999999999,13:19:52,77.52,1600,77.53,1100,77.5222,300
26145,0.59,0.08,0.51,45.53000000000001,13:20:45,77.51,1600,77.52,1500,77.5107,200
26188,0.45,0.08,0.37,25.479999999999997,13:21:25,77.52,1500,77.53,1100,77.5213,200
26209,0.58,0.21,0.37,38.050000000000004,13:21:38,77.51,500,77.52,1400,77.51899999999999,3853
26264,3.04,2.57,0.47,9.64,13:22:09,77.51,1700,77.52,2400,77.517,250
26391,0.6100000000000001,0.07,0.54,32.02,13:23:32,77.51,2100,77.52,1700,77.5125,500
26419,0.8,0.19,0.61,50.60000000000003,13:23:50,77.51,1900,77.52,2000,77.513,390
26425,0.6000000000000001,0.07,0.53,54.36000000000003,13:23:54,77.51,2100,77.52,2300,77.5146,100
26446,4.06,3.4,0.66,9.059999999999999,13:24:09,77.51,2200,77.52,2300,77.5168,400
26454,0.77,0.07,0.7,18.200000000000003,13:24:18,77.51,2200,77.52,2300,77.5138,132
26557,1.2000000000000002,0.27,0.93,10.580000000000002,13:26:10,77.51,2100,77.52,1000,77.5175,100
26562,1.79,0.39,1.4,17.180000000000003,13:26:17,77.51,2000,77.52,1000,77.5195,191
26591,1.19,0.37,0.82,48.78000000000002,13:26:48,77.51,2300,77.52,1400,77.5192,500
26605,1.4,0.14,1.26,6.789999999999999,13:27:06,77.51,1100,77.52,300,77.5171,100
26606,1.22,0.07,1.15,8.01,13:27:08,77.51,1000,77.52,700,77.5143,1000
26638,1.0,0.07,0.93,47.99000000000001,13:27:47,77.51,1000,77.52,1500,77.5101,227
26668,1.03,0.07,0.96,23.200000000000003,13:28:23,77.51,1700,77.52,2200,77.5153,322
26699,1.4100000000000001,0.07,1.34,9.41,13:29:09,77.51,1400,77.52,2100,77.5199,101
26709,1.01,0.07,0.94,27.419999999999998,13:29:27,77.52,1500,77.53,3600,77.5273,820
26716,1.22,0.17,1.05,36.010000000000005,13:29:36,77.52,2300,77.53,3700,77.5253,1200
26770,1.21,0.24,0.97,38.57000000000001,13:30:38,77.52,2000,77.53,4100,77.5239,525
26789,1.2,0.16,1.04,7.38,13:31:07,77.52,2100,77.53,5000,77.5266,100
26818,1.02,0.09,0.93,43.19000000000001,13:31:43,77.5,1800,77.51,3800,77.5004,920
26905,1.03,0.09,0.94,47.410000000000004,13:33:47,77.54,2400,77.55,1900,77.5467,100
26937,1.01,0.21,0.8,33.199999999999996,13:34:33,77.55,1200,77.56,2000,77.5599,100
26959,1.4100000000000001,0.08,1.33,58.2,13:34:58,77.55,1400,77.56,1400,77.5563,200
27022,1.4,0.21,1.19,22.989999999999995,13:36:22,77.55,700,77.56,1500,77.5548,290
27129,1.36,0.24,1.12,7.3500000000000005,13:38:07,77.53,2600,77.54,2100,77.5319,105
27146,1.22,0.2,1.02,27.58,13:38:27,77.52,1000,77.53,2200,77.5283,100
27151,1.2,0.07,1.13,0.0,13:39:00,77.52,1500,77.53,2300,77.5232,100
27166,1.21,0.14,1.07,23.229999999999997,13:39:23,77.52,900,77.53,3200,77.5216,100
27252,1.04,0.13,0.91,46.620000000000005,13:41:46,77.54,2500,77.55,1300,77.5462,141
27297,1.38,0.22,1.16,58.16999999999999,13:42:58,77.55,1400,77.56,1100,77.5582,266
27324,0.9800000000000001,0.17,0.81,25.64,13:43:25,77.55,1200,77.56,3800,77.5513,100
27356,2.2199999999999998,1.16,1.06,2.2199999999999998,13:44:02,77.55,1400,77.56,2200,77.5501,1000
27530,1.1900000000000002,0.07,1.12,42.02,13:47:42,77.55,2400,77.56,2900,77.5547,136
27539,1.1900000000000002,0.07,1.12,52.18999999999999,13:47:52,77.56,900,77.57,1600,77.5603,191
27613,1.2,0.46,0.74,12.19,13:49:12,77.55,1900,77.56,2200,77.5566,126
27617,0.8300000000000001,0.17,0.66,16.21,13:49:16,77.55,1900,77.56,2100,77.5554,600
27630,1.19,0.14,1.05,30.590000000000003,13:49:30,77.51,600,77.52,1500,77.5158,357
27664,1.02,0.09,0.93,2.02,13:50:02,77.51,1100,77.52,2200,77.5115,130
27702,1.19,0.2,0.99,46.40999999999999,13:50:46,77.47,800,77.48,1800,77.4725,746
27703,1.03,0.07,0.96,47.43999999999999,13:50:47,77.47,800,77.48,1900,77.4775,600
27707,1.3900000000000001,0.33,1.06,52.23,13:50:52,77.47,1700,77.48,1200,77.4732,200
27716,1.23,0.29,0.94,8.01,13:51:08,77.47,1000,77.48,1200,77.4769,230
27717,1.3699999999999999,0.23,1.14,9.379999999999999,13:51:09,77.47,1000,77.48,1200,77.4786,1284
27719,1.2,0.21,0.99,11.579999999999998,13:51:11,77.47,1000,77.48,1200,77.4723,192
27722,3.8,2.78,1.02,17.779999999999998,13:51:17,77.47,1800,77.48,1100,77.4799,167
27771,0.97,0.22,0.75,19.799999999999997,13:52:19,77.46,800,77.47,2200,77.4631,1000
27849,0.98,0.07,0.91,38.21999999999999,13:53:38,77.44,3000,77.45,1400,77.4475,100
27898,1.02,0.07,0.95,31.799999999999997,13:54:31,77.43,700,77.44,600,77.4344,1000
27923,1.4000000000000001,0.08,1.32,0.0,13:55:00,77.43,1000,77.44,900,77.4385,260
27924,1.4,0.22,1.18,1.4,13:55:01,77.43,1000,77.44,900,77.4363,400
27940,1.58,0.08,1.5,24.379999999999995,13:55:24,77.43,700,77.44,2200,77.4305,165
27949,1.2000000000000002,0.08,1.12,35.0,13:55:35,77.43,1000,77.44,2300,77.4357,100
28041,1.01,0.07,0.94,22.380000000000006,13:57:22,77.41,800,77.42,2000,77.4142,100
28087,3.61,2.59,1.02,10.4,13:58:10,77.39,700,77.4,1200,77.3934,156
28101,1.2,0.34,0.86,30.99,13:58:30,77.39,1200,77.4,2000,77.3966,150
28144,1.39,0.18,1.21,17.389999999999997,13:59:17,77.38,700,77.39,1400,77.38600000000001,138
28160,1.01,0.07,0.94,36.58,13:59:36,77.4,200,77.41,1700,77.4069,200
28190,0.8099999999999999,0.09,0.72,22.79,14:00:22,77.39,600,77.4,1500,77.3984,139
28213,0.8200000000000001,0.17,0.65,47.01,14:00:47,77.39,1600,77.4,600,77.3945,125
28252,1.2,0.17,1.03,33.59,14:01:33,77.39,1500,77.4,1800,77.3985,260
28275,1.22,0.08,1.14,0.0,14:02:00,77.39,1500,77.4,700,77.3938,971
28281,2.0,0.83,1.17,11.57,14:02:11,77.42,1000,77.43,1600,77.4248,100
28321,1.03,0.07,0.96,54.8,14:02:54,77.44,700,77.45,1100,77.4499,400
28361,1.0,0.21,0.79,46.22,14:03:46,77.44,1300,77.45,1000,77.4454,300
28374,1.18,0.23,0.95,3.3899999999999997,14:04:03,77.44,1200,77.45,1400,77.447,410
28413,0.98,0.07,0.91,49.57000000000001,14:04:49,77.45,1300,77.46,1200,77.4565,100
28422,0.8200000000000001,0.07,0.75,57.790000000000006,14:04:57,77.44,1200,77.45,1400,77.4415,116
28484,0.8200000000000001,0.07,0.75,17.81,14:06:17,77.43,1100,77.44,1400,77.4346,1505
28488,0.99,0.27,0.72,21.789999999999996,14:06:21,77.43,2000,77.44,1400,77.4331,129
28494,1.01,0.27,0.74,27.379999999999992,14:06:27,77.44,2900,77.45,1800,77.4375,100
28527,1.4300000000000002,0.07,1.36,8.64,14:07:08,77.43,2300,77.44,1600,77.4338,129
28589,1.21,0.21,1.0,28.64,14:08:28,77.45,1200,77.46,2500,77.4543,4700
28597,1.18,0.24,0.94,37.79,14:08:37,77.45,1000,77.46,1400,77.4556,640
28620,1.0,0.08,0.92,2.17,14:09:02,77.45,1100,77.46,1600,77.4513,436
28661,1.21,0.08,1.13,50.56000000000001,14:09:50,77.45,1800,77.46,2500,77.458,250
28664,1.01,0.26,0.75,53.760000000000005,14:09:53,77.45,1800,77.46,1700,77.4551,100
28677,1.02,0.09,0.93,10.399999999999999,14:10:10,77.46,500,77.47,1700,77.4651,100
28685,0.8099999999999999,0.08,0.73,20.189999999999994,14:10:20,77.46,2200,77.47,1100,77.4692,100
28719,3.9800000000000004,2.99,0.99,8.21,14:11:08,77.47,2800,77.48,500,77.4785,1000
28739,0.81,0.14,0.67,31.22,14:11:31,77.47,1900,77.48,700,77.4758,100
28750,0.82,0.08,0.74,41.01,14:11:41,77.47,2400,77.48,700,77.4774,100
28859,0.8200000000000001,0.07,0.75,28.400000000000002,14:13:28,77.49,1400,77.5,1600,77.4956,368
28865,1.01,0.2,0.81,34.19,14:13:34,77.49,2200,77.5,1100,77.4907,100
28899,0.8099999999999999,0.12,0.69,13.99,14:14:13,77.5,800,77.51,2100,77.5054,500
28932,1.0,0.08,0.92,48.39,14:14:48,77.5,1500,77.51,1600,77.501,149
28952,1.9900000000000002,1.32,0.67,10.620000000000001,14:15:10,77.51,2500,77.52,1000,77.51100000000001,100
28987,0.8200000000000001,0.07,0.75,42.01999999999999,14:15:42,77.5,400,77.51,2000,77.5077,149
29049,1.19,0.23,0.96,6.209999999999999,14:17:06,77.5,700,77.51,3200,77.5035,500
29109,3.59,2.64,0.95,3.59,14:18:03,77.5,1300,77.51,3200,77.5033,247
29124,1.2,0.24,0.96,20.81,14:18:20,77.5,1500,77.51,3300,77.5099,300
29152,0.8200000000000001,0.17,0.65,48.04,14:18:48,77.5,1600,77.51,3700,77.5034,100
29164,1.7999999999999998,0.96,0.84,12.61,14:19:12,77.5,1600,77.51,3600,77.5015,200
29178,0.98,0.14,0.84,27.999999999999993,14:19:27,77.49,1100,77.5,2100,77.4915,250
29187,0.98,0.2,0.78,36.20999999999998,14:19:36,77.49,1300,77.5,2300,77.4943,100
29272,0.64,0.09,0.55,47.680000000000014,14:20:47,77.5,600,77.51,1800,77.5001,100
29282,0.62,0.21,0.41,53.870000000000026,14:20:53,77.5,600,77.51,2900,77.5058,106
29299,0.5700000000000001,0.12,0.45,7.960000000000001,14:21:07,77.5,1400,77.51,2100,77.5038,120
29307,0.5700000000000001,0.14,0.43,15.78,14:21:15,77.5,1500,77.51,2300,77.5066,115
29371,0.78,0.15,0.63,58.38000000000004,14:21:58,77.49,1200,77.5,3200,77.4952,100
29459,0.5700000000000001,0.2,0.37,49.63000000000002,14:22:49,77.49,1200,77.5,2100,77.4962,140
29625,0.61,0.2,0.41,30.43,14:24:30,77.52,200,77.53,3200,77.5265,154
29673,3.62,3.02,0.6,7.4,14:25:07,77.52,1200,77.53,1600,77.5229,920
29691,0.5800000000000001,0.2,0.38,23.620000000000005,14:25:23,77.52,600,77.53,1700,77.5296,290
29698,0.5800000000000001,0.07,0.51,28.020000000000003,14:25:28,77.52,600,77.53,2100,77.5285,100
29824,0.61,0.15,0.46,55.75000000000001,14:26:55,77.5,2600,77.51,2500,77.509,100
29877,0.61,0.21,0.4,31.960000000000004,14:27:31,77.5,2300,77.51,2000,77.5036,200
29931,0.79,0.25,0.54,1.57,14:28:01,77.5,2200,77.51,2100,77.5044,300
29954,0.61,0.22,0.39,23.419999999999995,14:28:23,77.5,2800,77.51,1300,77.5046,100
30009,0.75,0.26,0.49,1.55,14:29:01,77.5,1200,77.51,2300,77.507,320
30202,0.61,0.08,0.53,9.979999999999999,14:31:09,77.52,1100,77.53,1500,77.5262,217
30208,0.5900000000000001,0.13,0.46,13.559999999999997,14:31:13,77.52,1200,77.53,1500,77.5201,566
30216,2.16,1.68,0.48,20.369999999999997,14:31:20,77.52,2400,77.53,1700,77.5259,185
30253,0.6,0.22,0.38,41.43000000000001,14:31:41,77.52,1000,77.53,1800,77.5256,108
30361,0.83,0.25,0.58,53.61000000000001,14:32:53,77.51,3300,77.52,2000,77.5157,193
30487,0.76,0.23,0.53,1.35,14:36:01,77.53,1400,77.54,1300,77.5314,500
30554,1.41,0.84,0.57,17.61,14:37:17,77.54,1700,77.55,1600,77.543,257
30614,0.8,0.07,0.73,3.46,14:38:03,77.53,1100,77.54,2900,77.5347,200
30628,0.63,0.08,0.55,19.44,14:38:19,77.53,1300,77.54,3700,77.5345,100
30633,0.6300000000000001,0.07,0.56,23.25,14:38:23,77.53,1300,77.54,3100,77.5352,126
30664,0.76,0.18,0.58,43.59000000000002,14:38:43,77.52,1800,77.53,1900,77.529,100
30715,0.5900000000000001,0.13,0.46,12.96,14:39:12,77.52,1500,77.53,1900,77.5274,211
30749,0.58,0.08,0.5,33.37000000000001,14:39:33,77.53,1200,77.54,2300,77.5357,1000
30752,0.61,0.14,0.47,35.18000000000001,14:39:35,77.53,1300,77.54,1800,77.5337,1096
30781,0.83,0.23,0.6,0.0,14:40:00,77.53,1600,77.54,1800,77.5354,1100
30903,0.62,0.08,0.54,35.77999999999999,14:41:35,77.55,3100,77.56,2000,77.5541,300
30952,0.61,0.08,0.53,11.26,14:42:11,77.55,3800,77.56,2300,77.5543,213
30958,0.61,0.11,0.5,16.84,14:42:16,77.56,1700,77.57,1400,77.5622,200
31068,0.43000000000000005,0.09,0.34,33.83,14:43:33,77.54,700,77.55,2200,77.5457,915
31094,0.75,0.26,0.49,49.79000000000003,14:43:49,77.54,1600,77.55,2200,77.54899999999999,100
31100,0.8,0.35,0.45,53.840000000000025,14:43:53,77.54,1500,77.55,2300,77.5443,324
31103,0.79,0.23,0.56,56.19000000000002,14:43:56,77.54,1500,77.55,2200,77.5459,100
31167,0.79,0.27,0.52,46.220000000000006,14:44:46,77.55,1400,77.56,1500,77.5506,100
31175,0.6100000000000001,0.07,0.54,52.00000000000001,14:44:52,77.56,1600,77.57,3600,77.5643,102
31191,1.2,0.41,0.79,0.0,14:45:00,77.56,1100,77.57,3400,77.5684,3000
31205,0.61,0.18,0.43,11.62,14:45:11,77.55,600,77.56,700,77.5552,126
31318,0.6399999999999999,0.07,0.57,39.99000000000001,14:46:39,77.54,2000,77.55,2100,77.5405,119
31512,0.5900000000000001,0.25,0.34,0.0,14:49:00,77.54,1000,77.55,900,77.5455,400
31578,0.43,0.08,0.35,45.85000000000001,14:49:45,77.55,700,77.56,2900,77.5555,1500
31597,0.43,0.07,0.36,55.83,14:49:55,77.55,1500,77.56,1800,77.5534,100
31645,0.85,0.24,0.61,37.81,14:50:37,77.56,800,77.57,1300,77.5667,844
31760,0.5900000000000001,0.07,0.52,3.79,14:52:03,77.53,1700,77.54,1600,77.539,117
31770,0.98,0.53,0.45,13.39,14:52:13,77.53,1600,77.54,800,77.5334,1000
31845,0.6399999999999999,0.07,0.57,0.0,14:53:00,77.57,400,77.58,5500,77.5748,223
31871,0.43999999999999995,0.09,0.35,21.600000000000005,14:53:21,77.56,4200,77.57,5800,77.5652,100
31981,0.76,0.07,0.69,35.97999999999999,14:54:35,77.56,2000,77.57,1300,77.5656,200
32226,0.5800000000000001,0.18,0.4,25.800000000000004,14:58:25,77.57,1700,77.58,1900,77.5785,100
32370,0.44,0.07,0.37,56.020000000000024,14:59:56,77.59,1900,77.6,6000,77.5975,200
32389,4.21,3.6,0.61,9.02,15:00:09,77.6,2200,77.61,4700,77.6041,300
32412,0.5800000000000001,0.14,0.44,26.410000000000004,15:00:26,77.6,2600,77.61,4600,77.6055,175
32433,0.43,0.07,0.36,38.00999999999999,15:00:38,77.6,4000,77.61,4600,77.601,433
32437,0.43,0.07,0.36,40.01999999999999,15:00:40,77.6,4000,77.61,4600,77.6044,100
32477,0.44,0.08,0.36,2.04,15:01:02,77.6,3700,77.61,4300,77.6046,100
32551,0.8200000000000001,0.2,0.62,0.0,15:02:00,77.6,900,77.61,4000,77.6043,140
32617,0.8,0.12,0.68,0.0,15:03:00,77.6,2000,77.61,5300,77.6042,199
32695,0.61,0.09,0.52,6.3500000000000005,15:04:06,77.59,700,77.6,5100,77.5957,1000
32743,0.5700000000000001,0.14,0.43,41.77,15:04:41,77.63,1400,77.64,1100,77.6355,140
32752,0.8300000000000001,0.16,0.67,48.03000000000001,15:04:48,77.63,800,77.64,1200,77.6335,1000
32822,0.64,0.08,0.56,34.25000000000001,15:05:34,77.62,1600,77.63,1500,77.62899999999999,290
32921,0.81,0.07,0.74,0.0,15:07:00,77.62,1600,77.63,3400,77.6266,530
32948,0.83,0.21,0.62,28.03,15:07:28,77.62,2300,77.63,2500,77.6253,1000
33020,0.63,0.08,0.55,11.600000000000001,15:08:11,77.62,2500,77.63,2400,77.6235,300
33147,0.83,0.23,0.6,52.040000000000035,15:09:52,77.61,2400,77.62,1900,77.6199,100
33171,0.45999999999999996,0.11,0.35,8.41,15:10:08,77.62,800,77.63,2800,77.6262,260
33176,3.61,3.07,0.54,15.6,15:10:15,77.62,1300,77.63,2700,77.6245,145
33184,0.6,0.13,0.47,23.980000000000004,15:10:23,77.61,1600,77.62,1400,77.611,1700
33250,0.6,0.18,0.42,2.0,15:11:02,77.61,2400,77.62,3100,77.6134,100
33253,0.63,0.17,0.46,3.83,15:11:03,77.61,2400,77.62,3100,77.6185,131
33262,3.9800000000000004,3.49,0.49,19.159999999999997,15:11:19,77.61,1800,77.62,3200,77.6116,3000
33278,0.64,0.19,0.45,27.830000000000005,15:11:27,77.61,1800,77.62,3100,77.6142,300
33301,0.62,0.08,0.54,41.980000000000004,15:11:41,77.6,1000,77.61,2100,77.6006,116
33332,0.5800000000000001,0.07,0.51,6.16,15:12:06,77.61,1400,77.62,2400,77.6105,1500
33335,0.61,0.17,0.44,7.99,15:12:07,77.61,1700,77.62,1900,77.6138,133
33585,0.5900000000000001,0.07,0.52,54.360000000000014,15:14:54,77.6,3000,77.61,1800,77.6002,500
33916,0.6,0.09,0.51,38.37000000000001,15:18:38,77.56,2000,77.57,5700,77.5646,100
33943,0.58,0.08,0.5,0.0,15:19:00,77.56,2700,77.57,5100,77.5601,220
33962,0.5900000000000001,0.14,0.45,22.2,15:19:22,77.57,2700,77.58,1800,77.5751,125
33983,0.5900000000000001,0.13,0.46,36.370000000000005,15:19:36,77.58,900,77.59,4200,77.5885,108
34076,0.59,0.18,0.41,37.85000000000001,15:20:37,77.58,1900,77.59,2800,77.5846,276
34109,0.6000000000000001,0.14,0.46,56.24,15:20:56,77.57,1600,77.58,2300,77.5754,170
34201,3.77,3.21,0.56,6.1899999999999995,15:22:06,77.58,2800,77.59,3800,77.5843,290
34202,0.79,0.26,0.53,6.9799999999999995,15:22:06,77.58,2800,77.59,3700,77.5811,127
34308,0.43000000000000005,0.09,0.34,23.869999999999997,15:23:23,77.59,3000,77.6,6600,77.5946,104
34355,0.6000000000000001,0.07,0.53,54.050000000000004,15:23:54,77.58,2900,77.59,2400,77.5835,269
34371,0.6100000000000001,0.07,0.54,4.4,15:24:04,77.59,1900,77.6,6300,77.5935,400
34380,1.06,0.68,0.38,14.82,15:24:14,77.59,600,77.6,6400,77.5915,800
34459,0.79,0.19,0.6,10.559999999999999,15:25:10,77.59,2100,77.6,4800,77.5931,250
34555,0.5700000000000001,0.07,0.5,20.0,15:26:20,77.59,1900,77.6,4500,77.5947,115
34805,0.8,0.18,0.62,6.409999999999999,15:29:06,77.59,4400,77.6,3100,77.5948,100
34828,0.8200000000000001,0.27,0.55,28.41,15:29:28,77.59,4900,77.6,4000,77.593,107
34984,0.48,0.07,0.41,39.180000000000014,15:31:39,77.55,2100,77.56,4900,77.5596,100
35019,0.44,0.08,0.36,0.0,15:32:00,77.56,2300,77.57,2700,77.5625,400
35042,0.61,0.2,0.41,17.59,15:32:17,77.56,2600,77.57,3000,77.567,600
35116,0.6000000000000001,0.07,0.53,6.82,15:33:06,77.56,3400,77.57,4900,77.5644,500
35343,0.62,0.27,0.35,35.08,15:35:35,77.55,1700,77.56,5100,77.5545,430
35423,0.59,0.21,0.38,31.750000000000004,15:36:31,77.52,1000,77.53,2700,77.5244,100
35455,0.59,0.24,0.35,49.75000000000001,15:36:49,77.5,1600,77.51,2300,77.5003,300
35524,0.63,0.14,0.49,42.02,15:37:42,77.53,1100,77.54,2300,77.5343,238
35568,3.61,3.03,0.58,16.81,15:38:16,77.53,1200,77.54,3300,77.5351,100
35729,0.63,0.08,0.55,2.23,15:40:02,77.55,1400,77.56,2600,77.5523,150
35763,0.64,0.27,0.37,34.04,15:40:34,77.55,2000,77.56,4500,77.5532,406
35783,0.8,0.27,0.53,46.209999999999994,15:40:46,77.55,2100,77.56,2500,77.5595,500
35879,0.6300000000000001,0.07,0.56,48.62000000000001,15:41:48,77.55,3500,77.56,4100,77.5586,200
36005,0.43,0.07,0.36,27.210000000000008,15:43:27,77.56,2900,77.57,2300,77.5654,300
36036,0.5700000000000001,0.13,0.44,45.559999999999995,15:43:45,77.56,3900,77.57,600,77.5666,200
36240,0.6200000000000001,0.07,0.55,56.400000000000006,15:45:56,77.53,1900,77.54,3400,77.5385,300
36316,0.8099999999999999,0.24,0.57,53.780000000000015,15:46:53,77.52,2000,77.53,2100,77.5208,178
36328,0.79,0.17,0.62,2.21,15:47:02,77.53,1000,77.54,4700,77.5318,100
36341,0.6300000000000001,0.07,0.56,14.440000000000001,15:47:14,77.53,900,77.54,2700,77.5338,500
36701,0.64,0.09,0.55,35.99999999999999,15:51:35,77.5,1900,77.51,2400,77.5057,145
36761,0.9299999999999999,0.31,0.62,27.74,15:52:27,77.5,2600,77.51,5800,77.5092,800
36788,0.6100000000000001,0.07,0.54,45.780000000000015,15:52:45,77.5,2100,77.51,7700,77.5042,100
36870,0.76,0.23,0.53,51.37999999999999,15:53:51,77.51,2100,77.52,4300,77.5144,500
37053,0.6000000000000001,0.07,0.53,1.79,15:56:01,77.52,3100,77.53,10400,77.5243,251
37098,0.55,0.2,0.35,36.220000000000006,15:56:36,77.51,3800,77.52,2600,77.5165,246
37185,2.19,1.61,0.58,9.8,15:59:09,77.48,7800,77.49,5300,77.4801,102
