,Total Delay,Request Delay,Saving Delay,Arrival Time,Time,Bid,Bid Size,Ask,Ask Size,Last Price,Last Size
0,0.6499999999999999,0.3,0.35,0.6499999999999999,09:30:00,40.55,10200,40.57,600,40.55,100
6,0.28,0.08,0.2,2.6000000000000005,09:30:02,40.46,900,40.49,1000,40.4791,500
9,0.4,0.18,0.22,3.6,09:30:03,40.46,900,40.49,1000,40.49,100
12,0.35,0.16,0.19,4.76,09:30:04,40.45,2000,40.48,300,40.46,100
22,0.3,0.08,0.22,8.47,09:30:08,40.47,200,40.48,500,40.48,100
32,0.43,0.21,0.22,12.59,09:30:12,40.53,500,40.56,200,40.56,100
42,0.32,0.07,0.25,16.54,09:30:16,40.53,300,40.55,400,40.5308,400
45,0.32,0.09,0.23,0.0,09:31:00,40.5,500,40.53,300,40.5,500
46,0.35000000000000003,0.08,0.27,0.35000000000000003,09:31:00,40.5,200,40.52,400,40.4967,1000
65,0.31,0.07,0.24,10.33,09:31:10,40.54,400,40.56,400,40.53,100
69,0.42,0.21,0.21,12.38,09:31:12,40.54,100,40.56,300,40.5524,1000
71,0.37,0.18,0.19,15.12,09:31:15,40.54,200,40.56,300,40.5512,100
75,0.89,0.62,0.27,16.97,09:31:16,40.53,100,40.54,100,40.54,100
81,0.43000000000000005,0.17,0.26,22.41,09:31:22,40.47,600,40.49,400,40.4816,2000
105,0.41000000000000003,0.23,0.18,30.700000000000003,09:31:30,40.42,100,40.46,400,40.42,125
110,0.5,0.28,0.22,32.580000000000005,09:31:32,40.42,100,40.46,500,40.4377,200
117,0.3,0.08,0.22,34.730000000000004,09:31:34,40.42,300,40.45,600,40.4331,1200
122,0.32,0.12,0.2,36.45000000000001,09:31:36,40.42,800,40.45,400,40.45,100
133,0.26,0.07,0.19,40.52000000000002,09:31:40,40.41,100,40.43,100,40.41,100
138,0.38,0.07,0.31,42.490000000000016,09:31:42,40.43,200,40.44,400,40.43,100
156,0.48,0.21,0.27,50.55000000000002,09:31:50,40.4,7100,40.42,300,40.4195,100
175,0.32,0.14,0.18,56.32000000000002,09:31:56,40.42,200,40.43,300,40.4258,1000
181,0.34,0.17,0.17,58.28000000000002,09:31:58,40.44,100,40.45,300,40.44,100
182,0.33,0.07,0.26,58.61000000000002,09:31:58,40.43,400,40.45,400,40.4472,100
209,1.96,1.75,0.21,18.8,09:32:18,40.5,200,40.51,700,40.5099,900
214,0.33999999999999997,0.18,0.16,20.189999999999998,09:32:20,40.5,400,40.51,700,40.505,100
227,0.36,0.19,0.17,24.189999999999998,09:32:24,40.52,300,40.54,900,40.52,200
252,0.24000000000000002,0.07,0.17,32.32999999999999,09:32:32,40.54,300,40.56,300,40.58,1288
270,0.36,0.2,0.16,38.53999999999998,09:32:38,40.51,500,40.52,500,40.5144,120
289,0.30000000000000004,0.14,0.16,44.40999999999999,09:32:44,40.52,100,40.53,500,40.525,200
295,0.33999999999999997,0.18,0.16,46.37,09:32:46,40.52,100,40.53,600,40.5201,140
302,0.39,0.22,0.17,48.61,09:32:48,40.63,400,40.65,600,40.63,300
309,0.25,0.07,0.18,50.54,09:32:50,40.62,100,40.63,100,40.6219,200
315,0.3,0.08,0.22,52.58,09:32:52,40.6,100,40.61,200,40.61,100
320,0.69,0.28,0.41,54.9,09:32:54,40.56,300,40.58,400,40.57,100
337,0.28,0.08,0.2,0.0,09:33:00,40.55,5400,40.56,100,40.5564,2000
344,0.36,0.18,0.18,4.07,09:33:04,40.55,100,40.56,300,40.5599,1675
352,0.35,0.18,0.17,10.1,09:33:10,40.61,1300,40.62,1500,40.615,100
354,2.19,1.96,0.23,12.87,09:33:12,40.58,500,40.6,200,40.59,100
359,0.35,0.18,0.17,16.14,09:33:16,40.53,400,40.55,1500,40.5499,700
375,0.32,0.15,0.17,24.220000000000006,09:33:24,40.47,500,40.48,1500,40.4799,100
393,0.35,0.18,0.17,30.170000000000005,09:33:30,40.48,300,40.5,600,40.4999,123
405,0.5700000000000001,0.28,0.29,34.260000000000005,09:33:34,40.48,200,40.49,200,40.4844,200
417,0.39,0.2,0.19,38.180000000000014,09:33:38,40.47,800,40.48,600,40.4765,775
423,0.28,0.07,0.21,40.33000000000002,09:33:40,40.48,1500,40.49,600,40.4875,800
427,0.41000000000000003,0.17,0.24,42.30000000000001,09:33:42,40.47,800,40.48,1000,40.47,500
440,0.45,0.25,0.2,46.49000000000002,09:33:46,40.45,2900,40.46,500,40.4592,100
452,0.26,0.07,0.19,50.250000000000014,09:33:50,40.42,800,40.44,1200,40.425,100
464,0.39,0.17,0.22,54.66000000000001,09:33:54,40.42,300,40.43,2000,40.4243,275
475,0.32,0.09,0.23,58.51000000000001,09:33:58,40.44,200,40.45,600,40.445,100
486,0.25,0.07,0.18,2.14,09:34:02,40.37,600,40.38,300,40.37,100
492,0.34,0.14,0.2,4.010000000000001,09:34:04,40.42,100,40.43,300,40.415,100
503,0.44,0.22,0.22,8.04,09:34:08,40.41,900,40.42,200,40.4136,400
511,0.48,0.27,0.21,14.19,09:34:14,40.48,100,40.49,400,40.495,100
513,2.17,1.87,0.3,16.61,09:34:16,40.46,1600,40.47,400,40.4638,7000
516,0.42000000000000004,0.2,0.22,22.2,09:34:22,40.43,1000,40.44,800,40.4344,600
527,0.43,0.21,0.22,26.20999999999999,09:34:26,40.44,400,40.45,300,40.4464,500
531,0.51,0.17,0.34,28.27999999999999,09:34:28,40.46,300,40.48,500,40.4768,900
535,0.39,0.08,0.31,30.049999999999994,09:34:30,40.46,1100,40.48,600,40.4798,224
540,0.35,0.13,0.22,31.939999999999994,09:34:31,40.46,1000,40.47,700,40.4667,100
571,0.32,0.07,0.25,44.09999999999999,09:34:44,40.47,600,40.49,1100,40.465,100
600,0.35000000000000003,0.08,0.27,54.38999999999999,09:34:54,40.46,400,40.47,200,40.4685,100
618,0.34,0.07,0.27,5.17,09:35:05,40.45,600,40.46,500,40.4537,900
621,0.33,0.07,0.26,6.3500000000000005,09:35:06,40.45,700,40.46,800,40.4599,197
632,0.29000000000000004,0.07,0.22,18.68,09:35:18,40.48,600,40.49,400,40.4864,1000
674,0.44999999999999996,0.21,0.24,34.75,09:35:34,40.47,800,40.48,700,40.475,100
689,0.28,0.07,0.21,40.66000000000001,09:35:40,40.47,700,40.48,1400,40.4749,200
695,0.6200000000000001,0.28,0.34,42.92,09:35:42,40.45,1600,40.46,700,40.455,100
765,0.44000000000000006,0.17,0.27,2.13,09:36:02,40.47,900,40.48,400,40.4701,200
767,1.8299999999999998,1.63,0.2,4.359999999999999,09:36:04,40.48,300,40.49,1000,40.485,100
769,0.36000000000000004,0.08,0.28,7.12,09:36:07,40.47,900,40.48,200,40.4763,1790
779,3.7600000000000002,3.33,0.43,17.900000000000002,09:36:17,40.49,300,40.5,300,40.499,2500
805,0.65,0.28,0.37,28.220000000000006,09:36:28,40.5,800,40.51,700,40.51,100
837,0.67,0.44,0.23,41.99999999999999,09:36:41,40.54,500,40.55,400,40.545,9000
866,0.42,0.21,0.21,54.300000000000004,09:36:54,40.59,1100,40.6,300,40.5999,200
875,0.42000000000000004,0.08,0.34,0.42000000000000004,09:37:00,40.59,300,40.6,300,40.6,100
878,0.5900000000000001,0.07,0.52,2.18,09:37:02,40.58,6000,40.59,1600,40.5976,500
882,0.47000000000000003,0.08,0.39,4.37,09:37:04,40.58,5900,40.59,1600,40.585,100
889,0.67,0.21,0.46,8.29,09:37:08,40.55,300,40.56,500,40.5556,100
901,2.69,2.4,0.29,18.56,09:37:18,40.52,800,40.53,300,40.5372,250
905,0.42000000000000004,0.1,0.32,20.169999999999998,09:37:20,40.5,3100,40.52,1000,40.515,600
931,0.5,0.07,0.43,32.660000000000004,09:37:32,40.49,500,40.5,1100,40.4947,195
939,0.47000000000000003,0.13,0.34,36.34000000000001,09:37:36,40.5,400,40.51,1700,40.5063,1000
949,0.4,0.09,0.31,40.38,09:37:40,40.5,700,40.51,1700,40.5058,200
954,0.47,0.21,0.26,42.24999999999999,09:37:42,40.53,500,40.54,300,40.5292,400
970,0.46,0.2,0.26,48.26999999999999,09:37:48,40.55,200,40.56,500,40.5517,1000
979,0.35000000000000003,0.07,0.28,52.18999999999998,09:37:52,40.54,500,40.55,100,40.5478,3000
1018,0.6000000000000001,0.27,0.33,13.870000000000003,09:38:13,40.58,300,40.59,500,40.5892,200
1023,0.39,0.11,0.28,15.890000000000002,09:38:15,40.57,100,40.58,800,40.5756,250
1033,0.42000000000000004,0.14,0.28,19.959999999999997,09:38:19,40.57,400,40.58,300,40.575,19900
1039,0.49,0.07,0.42,24.03,09:38:24,40.57,300,40.58,500,40.5725,100
1059,0.4,0.09,0.31,33.72999999999999,09:38:33,40.55,500,40.56,400,40.555,100
1075,0.30000000000000004,0.07,0.23,39.77999999999999,09:38:39,40.51,400,40.52,600,40.5123,1600
1094,0.45,0.14,0.31,47.79999999999999,09:38:47,40.51,600,40.52,800,40.5199,150
1113,0.51,0.21,0.3,56.069999999999986,09:38:56,40.51,500,40.52,1500,40.5137,500
1127,0.44,0.18,0.26,2.0300000000000002,09:39:02,40.5,400,40.51,1100,40.5025,900
1172,0.31,0.07,0.24,26.210000000000004,09:39:26,40.5,600,40.51,400,40.5085,580
1216,0.49,0.22,0.27,44.52000000000004,09:39:44,40.52,1600,40.53,200,40.5225,100
1238,0.38,0.19,0.19,52.20000000000004,09:39:52,40.52,1600,40.53,800,40.5258,500
1251,0.28,0.08,0.2,56.20000000000003,09:39:56,40.53,300,40.54,900,40.5304,1000
1272,0.46,0.23,0.23,6.21,09:40:06,40.53,900,40.54,600,40.535,100
1273,0.31,0.09,0.22,6.52,09:40:06,40.54,800,40.55,600,40.5457,1000
1283,2.42,2.13,0.29,13.54,09:40:13,40.54,500,40.55,1600,40.542,399
1341,0.44999999999999996,0.21,0.24,38.019999999999996,09:40:38,40.51,400,40.52,300,40.518,900
1373,0.28,0.08,0.2,50.13999999999998,09:40:50,40.48,700,40.49,1100,40.4857,222
1391,0.49,0.22,0.27,58.19999999999999,09:40:58,40.5,200,40.51,700,40.509,200
1523,0.47,0.09,0.38,52.29999999999999,09:41:52,40.5,9100,40.51,1000,40.5038,400
1554,4.06,3.67,0.39,8.559999999999999,09:42:08,40.48,300,40.49,600,40.4824,200
1595,0.7,0.24,0.46,31.999999999999993,09:42:31,40.51,1000,40.52,1400,40.5162,200
1627,0.44,0.24,0.2,45.989999999999995,09:42:45,40.48,200,40.49,1400,40.4866,1000
1632,0.33,0.07,0.26,47.75999999999999,09:42:47,40.48,400,40.49,1400,40.4801,100
1686,0.31,0.07,0.24,10.150000000000004,09:43:10,40.48,500,40.49,1200,40.4837,900
1715,0.32,0.08,0.24,25.959999999999997,09:43:25,40.51,500,40.52,1900,40.5158,3000
1736,0.6000000000000001,0.27,0.33,34.43000000000001,09:43:34,40.5,600,40.51,1900,40.5029,300
1788,0.29000000000000004,0.07,0.22,54.05000000000001,09:43:54,40.51,2200,40.52,1300,40.510999999999996,600
1886,0.35,0.17,0.18,37.89999999999999,09:44:37,40.56,1000,40.57,500,40.565,100
1921,0.41000000000000003,0.17,0.24,50.050000000000004,09:44:50,40.62,900,40.63,700,40.62,100
1945,0.43,0.18,0.25,57.91000000000002,09:44:57,40.6,600,40.61,800,40.603,300
1956,0.43000000000000005,0.09,0.34,1.9500000000000002,09:45:01,40.61,500,40.62,700,40.6163,1200
1980,0.37,0.08,0.29,19.78,09:45:19,40.59,700,40.6,400,40.5956,860
1981,0.5,0.2,0.3,20.28,09:45:20,40.59,1100,40.6,900,40.595,100
1990,0.34,0.17,0.17,23.78,09:45:23,40.63,1000,40.64,600,40.635,100
1996,0.37,0.12,0.25,26.14,09:45:26,40.66,2000,40.67,600,40.66,100
2001,0.5800000000000001,0.27,0.31,28.230000000000004,09:45:28,40.68,600,40.69,1100,40.68,100
2005,0.43,0.07,0.36,30.040000000000006,09:45:30,40.69,1100,40.7,20000,40.69,300
2009,0.43,0.21,0.22,31.820000000000007,09:45:31,40.7,1300,40.71,400,40.71,100
2014,0.5700000000000001,0.26,0.31,34.100000000000016,09:45:34,40.72,1600,40.73,500,40.72,600
2020,0.47,0.26,0.21,36.07000000000002,09:45:36,40.72,11600,40.73,1200,40.73,100
2030,0.38,0.2,0.18,39.75000000000002,09:45:39,40.71,600,40.72,800,40.7147,3000
2046,0.41000000000000003,0.15,0.26,45.80000000000002,09:45:45,40.69,200,40.7,600,40.7,100
2052,0.39,0.15,0.24,48.11000000000002,09:45:48,40.68,700,40.69,1000,40.689,2800
2071,0.53,0.25,0.28,55.84000000000002,09:45:55,40.68,17900,40.69,800,40.6865,900
2082,0.29000000000000004,0.07,0.22,0.29000000000000004,09:46:00,40.67,10400,40.68,2400,40.665,300
2087,0.56,0.27,0.29,2.2,09:46:02,40.68,2300,40.69,1000,40.6697,100
2093,0.32,0.07,0.25,4.07,09:46:04,40.67,10400,40.68,1000,40.6796,2000
2098,0.31,0.08,0.23,6.209999999999999,09:46:06,40.65,800,40.66,1000,40.654,562
2103,0.44999999999999996,0.21,0.24,8.159999999999998,09:46:08,40.64,700,40.65,700,40.6408,100
2107,2.08,1.85,0.23,11.409999999999998,09:46:11,40.64,700,40.65,1000,40.65,700
2112,2.15,1.73,0.42,14.87,09:46:14,40.66,800,40.67,600,40.67,100
2115,0.34,0.08,0.26,16.15,09:46:16,40.66,700,40.67,600,40.6699,100
2116,2.6999999999999997,2.32,0.38,18.849999999999998,09:46:18,40.66,700,40.67,600,40.6692,100
2120,0.46,0.14,0.32,22.540000000000003,09:46:22,40.65,600,40.66,800,40.655,100
2130,0.43,0.18,0.25,26.240000000000002,09:46:26,40.65,1200,40.66,700,40.6583,1000
2152,0.38,0.08,0.3,34.32,09:46:34,40.64,300,40.65,1000,40.64,100
2158,0.32999999999999996,0.09,0.24,36.34,09:46:36,40.64,1100,40.65,700,40.645,1000
2166,0.52,0.26,0.26,39.400000000000006,09:46:39,40.64,200,40.65,1400,40.6489,200
2174,0.43000000000000005,0.23,0.2,42.34000000000001,09:46:42,40.63,800,40.64,1000,40.6395,170
2180,0.28,0.08,0.2,44.20000000000002,09:46:44,40.64,1600,40.65,1000,40.6499,176
2197,0.34,0.14,0.2,50.29000000000002,09:46:50,40.65,900,40.66,3300,40.6534,5000
2209,0.53,0.27,0.26,54.200000000000024,09:46:54,40.68,1000,40.69,200,40.6801,300
2228,0.44,0.23,0.21,0.44,09:47:00,40.69,200,40.7,1800,40.699,100
2245,0.37,0.08,0.29,6.360000000000001,09:47:06,40.65,1000,40.66,700,40.6568,3000
2255,0.26,0.08,0.18,10.06,09:47:10,40.66,100,40.67,1100,40.6625,400
2258,0.44,0.23,0.21,15.81,09:47:15,40.65,1300,40.66,1100,40.6525,200
2289,0.31,0.08,0.23,27.989999999999995,09:47:27,40.69,600,40.7,1200,40.6925,100
2295,0.44999999999999996,0.09,0.36,30.199999999999992,09:47:30,40.7,100,40.71,800,40.705,100
2300,0.54,0.2,0.34,32.56999999999999,09:47:32,40.69,900,40.7,600,40.695,100
2303,0.37,0.08,0.29,33.80999999999999,09:47:33,40.69,900,40.7,600,40.6944,500
2304,0.44,0.18,0.26,34.249999999999986,09:47:34,40.69,800,40.7,700,40.6997,100
2321,0.4,0.2,0.2,40.05,09:47:40,40.69,800,40.7,1600,40.6901,1338
2327,0.33,0.14,0.19,41.769999999999996,09:47:41,40.69,800,40.7,1600,40.6927,1000
2334,0.6499999999999999,0.24,0.41,44.67999999999999,09:47:44,40.65,1100,40.66,1300,40.6599,300
2352,0.5,0.2,0.3,52.10999999999999,09:47:52,40.68,1100,40.69,300,40.6825,100
2362,0.37,0.09,0.28,56.06999999999998,09:47:56,40.68,700,40.69,700,40.6839,200
2363,0.47,0.17,0.3,56.53999999999998,09:47:56,40.68,700,40.69,1600,40.6847,5000
2373,0.39,0.2,0.19,0.0,09:48:00,40.68,800,40.69,1600,40.684,100
2383,0.44,0.26,0.18,3.8000000000000003,09:48:03,40.68,1600,40.69,1700,40.685,900
2414,3.29,3.03,0.26,20.97,09:48:20,40.64,2000,40.65,500,40.646,750
2417,0.29000000000000004,0.07,0.22,21.859999999999996,09:48:21,40.64,2000,40.65,500,40.6458,300
2440,0.24000000000000002,0.07,0.17,29.699999999999992,09:48:29,40.62,1300,40.63,1400,40.6276,1150
2453,0.43000000000000005,0.23,0.2,34.01,09:48:34,40.61,900,40.62,1100,40.6175,500
2474,0.5900000000000001,0.25,0.34,42.129999999999995,09:48:42,40.61,1500,40.62,1200,40.6166,500
2479,0.27,0.08,0.19,43.82,09:48:43,40.61,1500,40.62,1500,40.6156,100
2519,0.44,0.14,0.3,57.930000000000014,09:48:57,40.64,1500,40.65,4800,40.6443,6000
2528,0.48000000000000004,0.2,0.28,1.6800000000000002,09:49:01,40.64,1300,40.65,600,40.6434,1200
2543,2.41,1.99,0.42,11.760000000000002,09:49:11,40.64,2200,40.65,1100,40.6463,2000
2544,0.45,0.18,0.27,12.21,09:49:12,40.64,2200,40.65,1000,40.6447,100
2559,0.37,0.09,0.28,23.630000000000003,09:49:23,40.62,1200,40.63,1000,40.621,4000
2572,0.5800000000000001,0.2,0.38,29.67,09:49:29,40.62,1200,40.63,1200,40.625,100
2605,0.43,0.18,0.25,43.9,09:49:43,40.63,2000,40.64,1100,40.6399,1000
2610,0.32,0.08,0.24,45.63999999999999,09:49:45,40.64,1500,40.65,500,40.6401,250
2627,0.30000000000000004,0.07,0.23,51.53000000000001,09:49:51,40.64,1100,40.65,600,40.6325,200
2644,0.43,0.21,0.22,57.780000000000015,09:49:57,40.65,800,40.66,600,40.6547,100
2649,0.45999999999999996,0.22,0.24,0.0,09:50:00,40.66,2800,40.67,100,40.661,200
2658,0.41000000000000003,0.15,0.26,4.050000000000001,09:50:04,40.72,700,40.73,200,40.725,100
2667,0.5499999999999999,0.08,0.47,8.110000000000001,09:50:08,40.71,800,40.72,500,40.7101,100
2670,3.5799999999999996,3.28,0.3,12.760000000000002,09:50:12,40.71,700,40.72,700,40.715,100
2680,0.5800000000000001,0.24,0.34,17.25,09:50:17,40.68,800,40.69,2500,40.6843,1000
2682,0.49,0.22,0.27,18.09,09:50:18,40.67,800,40.68,600,40.675,100
2683,3.7800000000000002,3.45,0.33,21.87,09:50:21,40.67,400,40.68,1000,40.6701,100
2695,0.28,0.07,0.21,25.92,09:50:25,40.66,500,40.67,1100,40.6601,500
2767,0.33,0.08,0.25,58.02000000000001,09:50:58,40.67,2500,40.68,500,40.6756,100
2831,0.38,0.14,0.24,27.95,09:51:27,40.75,1400,40.76,700,40.745,100
2836,0.44,0.2,0.24,29.990000000000002,09:51:29,40.74,1200,40.75,500,40.75,100
2864,0.34,0.08,0.26,39.849999999999994,09:51:39,40.73,500,40.74,600,40.7399,500
2880,0.34,0.07,0.27,46.009999999999984,09:51:46,40.71,1600,40.72,1100,40.7116,2000
2891,0.29,0.08,0.21,49.829999999999984,09:51:49,40.73,400,40.74,1000,40.731,300
2902,0.4,0.2,0.2,54.13999999999998,09:51:54,40.73,800,40.74,100,40.74,100
2907,0.25,0.07,0.18,55.879999999999974,09:51:55,40.75,500,40.76,700,40.76,100
2916,0.41000000000000003,0.2,0.21,0.0,09:52:00,40.76,1000,40.77,700,40.77,100
2922,0.41000000000000003,0.18,0.23,2.12,09:52:02,40.85,800,40.86,500,40.86,100
2927,0.32,0.07,0.25,3.85,09:52:03,40.85,900,40.86,500,40.865,2000
2928,0.42000000000000004,0.19,0.23,4.2700000000000005,09:52:04,40.85,700,40.86,800,40.8471,250
2936,0.42,0.21,0.21,8.100000000000001,09:52:08,40.88,200,40.89,1200,40.89,100
2941,3.5,3.25,0.25,14.770000000000001,09:52:14,40.89,2000,40.9,1100,40.9,100
2942,0.37,0.09,0.28,15.14,09:52:15,40.89,2000,40.9,1100,40.8917,150
2946,0.25,0.07,0.18,17.380000000000003,09:52:17,40.89,2000,40.9,100,40.8999,3700
2948,0.29000000000000004,0.07,0.22,17.930000000000003,09:52:17,40.89,2000,40.9,300,40.895,7200
2951,0.27,0.08,0.19,18.970000000000002,09:52:18,40.89,2000,40.9,300,40.8943,200
2953,0.25,0.07,0.18,19.970000000000002,09:52:19,40.88,1400,40.89,400,40.8863,900
2959,0.41000000000000003,0.22,0.19,22.080000000000002,09:52:22,40.87,500,40.88,1000,40.88,100
2966,0.25,0.08,0.17,24.080000000000002,09:52:24,40.86,500,40.87,400,40.87,100
2972,0.25,0.07,0.18,26.000000000000004,09:52:26,40.86,700,40.87,100,40.8604,3000
3014,0.5,0.18,0.32,40.24,09:52:40,40.89,1100,40.9,100,40.899,1000
3018,0.36,0.07,0.29,42.25,09:52:42,40.91,800,40.92,3000,40.91,100
3024,0.32,0.12,0.2,44.09,09:52:44,40.92,500,40.93,600,40.92,1000
3030,0.39,0.22,0.17,46.13000000000001,09:52:46,40.93,600,40.94,300,40.939,1000
3036,0.37,0.17,0.2,48.03000000000001,09:52:48,40.94,1800,40.95,900,40.95,2000
3042,0.57,0.21,0.36,50.410000000000004,09:52:50,40.95,200,40.96,500,40.96,1500
3047,0.41000000000000003,0.18,0.23,52.18000000000001,09:52:52,40.97,100,40.98,10000,40.97,100
3052,0.26,0.07,0.19,53.71000000000001,09:52:53,40.97,100,40.98,10000,40.98,100
3053,0.44,0.23,0.21,54.150000000000006,09:52:54,40.99,6600,41.0,200,41.0,100
3065,0.32999999999999996,0.12,0.21,58.169999999999995,09:52:58,40.99,1600,41.0,500,40.995,100
3075,0.6,0.23,0.37,2.08,09:53:02,40.97,600,40.98,400,40.979,100
3079,0.4,0.2,0.2,3.52,09:53:03,40.97,600,40.98,400,40.985,400
3087,3.0,2.81,0.19,9.41,09:53:09,40.97,1100,40.98,100,40.975,100
3094,0.26,0.07,0.19,14.469999999999999,09:53:14,40.95,800,40.96,1700,40.9544,1500
3098,0.28,0.07,0.21,15.669999999999998,09:53:15,40.95,1400,40.96,700,40.9512,2000
3102,1.28,1.0,0.28,18.599999999999998,09:53:18,40.98,1700,40.99,900,40.99,100
3127,0.3,0.09,0.21,27.780000000000005,09:53:27,40.96,700,40.97,600,40.954,500
3140,0.34,0.17,0.17,31.650000000000002,09:53:31,40.96,400,40.97,500,40.965,100
3146,0.36,0.18,0.18,33.63,09:53:33,40.96,600,40.97,500,40.9617,400
3158,0.42,0.24,0.18,37.73,09:53:37,40.98,300,40.99,500,40.9899,2000
3165,0.26,0.08,0.18,39.66999999999999,09:53:39,40.93,1100,40.93,200,40.925,100
3172,0.31,0.13,0.18,41.84999999999998,09:53:41,40.93,1000,40.94,500,40.9356,175
3189,0.44,0.23,0.21,47.779999999999966,09:53:47,40.94,1800,40.95,1200,40.9456,1900
3240,2.9800000000000004,2.74,0.24,10.71,09:54:10,41.01,600,41.02,600,41.015,100
3241,1.1800000000000002,0.92,0.26,11.89,09:54:11,41.0,2400,41.01,400,41.005,100
3244,3.73,3.54,0.19,18.42,09:54:18,41.02,700,41.03,200,41.025,162
3248,0.29,0.08,0.21,19.89,09:54:19,41.02,600,41.03,800,41.02,500
3257,0.27,0.08,0.19,22.770000000000007,09:54:22,41.01,900,41.01,600,41.01,100
3261,0.45,0.27,0.18,24.060000000000006,09:54:24,41.02,500,41.03,500,41.0285,1000
3266,0.43000000000000005,0.26,0.17,25.76000000000001,09:54:25,41.04,200,41.04,400,41.04,200
3267,0.23,0.07,0.16,25.99000000000001,09:54:25,41.04,300,41.05,200,41.0456,1000
3274,0.24000000000000002,0.07,0.17,27.850000000000005,09:54:27,41.05,500,41.07,700,41.08,100
3281,0.23,0.07,0.16,29.910000000000004,09:54:29,41.07,300,41.08,7000,41.07,250
3294,0.51,0.3,0.21,33.75,09:54:33,41.06,400,41.08,7000,41.0712,200
3301,0.41000000000000003,0.21,0.2,36.14000000000001,09:54:36,41.08,500,41.09,100,41.09,100
3312,0.43,0.24,0.19,40.1,09:54:40,41.08,4100,41.09,1400,41.085,300
3336,0.38,0.21,0.17,47.87000000000002,09:54:47,41.08,200,41.09,1000,41.0847,300
3349,0.39,0.2,0.19,51.83000000000003,09:54:51,41.07,400,41.08,500,41.075,100
3384,0.4,0.1,0.3,4.3,09:55:04,41.06,1200,41.07,1000,41.0611,200
3387,1.64,1.43,0.21,6.67,09:55:06,41.06,1200,41.07,2900,41.06,100
3388,0.32,0.07,0.25,6.99,09:55:06,41.06,1200,41.07,2900,41.0696,500
3390,2.81,2.46,0.35,11.3,09:55:11,41.07,500,41.08,900,41.0788,120
3403,1.42,0.92,0.5,16.879999999999995,09:55:16,41.06,1000,41.07,700,41.0604,779
3414,0.55,0.18,0.37,22.409999999999997,09:55:22,41.05,1300,41.06,1200,41.05,7200
3424,0.38,0.12,0.26,26.159999999999993,09:55:26,41.05,2800,41.06,1400,41.0556,100
3429,0.43,0.18,0.25,28.109999999999992,09:55:28,41.05,4100,41.06,1500,41.055,300
3434,0.39,0.19,0.2,30.509999999999994,09:55:30,41.05,4100,41.06,1500,41.0547,200
3453,0.38,0.08,0.3,37.94,09:55:37,41.04,600,41.05,100,41.045,200
3484,0.33,0.07,0.26,50.16000000000002,09:55:50,40.97,400,40.98,300,40.9744,1000
3489,0.43000000000000005,0.23,0.2,52.110000000000014,09:55:52,40.96,1000,40.98,700,40.9688,500
3592,0.36,0.19,0.17,39.999999999999986,09:56:39,40.94,800,40.95,1500,40.945,100
3596,0.44999999999999996,0.24,0.21,41.54999999999999,09:56:41,40.94,800,40.95,1500,40.9492,100
3597,0.38,0.19,0.19,41.92999999999999,09:56:41,40.94,300,40.95,1600,40.94,146
3615,0.33,0.14,0.19,47.57,09:56:47,40.94,600,40.95,1600,40.9406,200
3622,0.37,0.12,0.25,49.919999999999995,09:56:49,40.93,400,40.94,1900,40.9384,2000
3627,0.32,0.08,0.24,51.61999999999999,09:56:51,40.93,400,40.94,1900,40.9301,500
3628,0.32,0.07,0.25,51.93999999999999,09:56:51,40.93,200,40.94,1600,40.93,500
3646,0.33999999999999997,0.13,0.21,57.86000000000001,09:56:57,40.92,900,40.93,2600,40.9215,100
3663,0.28,0.07,0.21,4.12,09:57:04,40.91,1000,40.92,900,40.9141,2000
3688,0.37,0.12,0.25,23.880000000000003,09:57:23,40.89,2100,40.9,1400,40.897,251
3724,0.56,0.27,0.29,36.07000000000001,09:57:36,40.88,3500,40.89,1000,40.885,125
3740,0.38,0.17,0.21,41.970000000000006,09:57:41,40.88,3500,40.89,2000,40.8856,200
3772,0.26,0.07,0.19,51.830000000000005,09:57:51,40.87,700,40.88,1200,40.875,125
3796,0.25,0.07,0.18,0.25,09:58:00,40.87,1200,40.88,900,40.8777,200
3817,0.25,0.09,0.16,15.98,09:58:15,40.95,300,40.96,1400,40.9599,500
3820,2.8000000000000003,2.64,0.16,21.700000000000003,09:58:21,40.96,700,40.97,1500,40.9656,500
3828,0.25,0.08,0.17,24.14,09:58:24,40.96,1000,40.97,1300,40.9678,100
3839,0.37,0.2,0.17,27.910000000000004,09:58:27,40.95,400,40.96,1900,40.9564,500
3851,0.25,0.07,0.18,31.84000000000001,09:58:31,40.95,500,40.96,2000,40.959,100
3875,0.35,0.12,0.23,40.150000000000006,09:58:40,40.96,300,40.97,900,40.9693,200
3897,0.28,0.08,0.2,47.81999999999999,09:58:47,40.98,1000,40.99,1500,40.9893,1900
3924,0.36,0.19,0.17,58.03,09:58:58,40.99,700,41.0,400,40.9979,500
3936,0.27,0.08,0.19,1.7000000000000002,09:59:01,40.98,1500,40.99,200,40.9837,1000
3963,0.25,0.08,0.17,15.92,09:59:15,40.98,1400,40.99,1500,40.9858,249
3972,0.25,0.07,0.18,19.7,09:59:19,40.98,800,40.99,1600,40.9865,150
3978,0.26,0.08,0.18,21.869999999999997,09:59:21,40.98,600,40.99,1400,40.9862,150
3990,0.25,0.07,0.18,25.72,09:59:25,40.99,700,41.0,2800,40.9937,1000
4034,0.4,0.23,0.17,39.81000000000001,09:59:39,40.98,1400,40.99,800,40.986999999999995,300
4043,0.49,0.21,0.28,43.440000000000005,09:59:43,40.98,1100,40.99,800,40.989,200
4112,0.43,0.18,0.25,12.37,10:00:12,41.01,700,41.02,500,41.0142,975
4117,0.31,0.08,0.23,16.19,10:00:16,41.01,1100,41.02,1000,41.0156,1000
4121,0.37,0.1,0.27,18.720000000000006,10:00:18,41.01,1000,41.02,1800,41.0175,600
4133,0.46,0.18,0.28,26.340000000000007,10:00:26,41.02,1000,41.03,400,41.0275,200
4141,0.54,0.18,0.36,30.240000000000006,10:00:30,41.04,400,41.05,1200,41.0475,500
4145,0.45000000000000007,0.17,0.28,32.290000000000006,10:00:32,41.02,400,41.03,200,41.03,100
4183,0.42,0.07,0.35,48.399999999999984,10:00:48,41.04,500,41.05,1200,41.0401,100
4187,0.71,0.23,0.48,51.09999999999998,10:00:51,41.04,800,41.05,1000,41.0495,244
4190,0.54,0.08,0.46,52.66999999999998,10:00:52,41.04,700,41.05,1300,41.0464,1000
4206,0.5,0.12,0.38,1.91,10:01:01,41.03,800,41.04,1500,41.035,100
4218,0.6799999999999999,0.43,0.25,7.77,10:01:07,41.02,500,41.03,500,41.0236,1000
4223,0.41000000000000003,0.18,0.23,13.82,10:01:13,41.01,1300,41.02,100,41.0125,500
4256,0.29000000000000004,0.09,0.2,27.43,10:01:27,41.02,500,41.03,200,41.0201,4000
4262,0.25,0.07,0.18,29.470000000000002,10:01:29,41.02,500,41.03,400,41.0208,600
4293,0.44000000000000006,0.27,0.17,39.51000000000002,10:01:39,41.01,1300,41.02,200,41.0196,465
4317,0.26,0.08,0.18,47.42000000000004,10:01:47,41.03,900,41.04,700,41.0373,1000
4360,0.26,0.08,0.18,1.9700000000000002,10:02:01,41.0,7500,41.01,100,41.0035,100
4371,1.8699999999999999,1.65,0.22,7.380000000000001,10:02:07,41.0,6800,41.01,800,41.0001,400
4456,0.42000000000000004,0.23,0.19,45.97000000000003,10:02:45,41.02,900,41.03,400,41.0289,1100
4462,0.56,0.25,0.31,48.28000000000003,10:02:48,41.03,300,41.04,1600,41.0312,2000
4478,0.34,0.08,0.26,54.06000000000003,10:02:54,41.03,800,41.04,900,41.0353,9440
4484,0.4,0.18,0.22,56.29000000000003,10:02:56,41.03,800,41.04,900,41.038999999999994,200
4489,0.35000000000000003,0.07,0.28,58.14000000000003,10:02:58,41.03,1200,41.04,900,41.0354,350
4505,0.26,0.07,0.19,3.75,10:03:03,41.06,1200,41.07,3100,41.0601,143
4514,1.45,1.22,0.23,7.870000000000002,10:03:07,41.06,1300,41.07,3000,41.0667,600
4525,0.30000000000000004,0.1,0.2,11.770000000000003,10:03:11,41.06,1600,41.07,3200,41.0634,125
4529,0.26,0.08,0.18,13.740000000000004,10:03:13,41.06,1400,41.07,3200,41.068999999999996,700
4539,0.25,0.07,0.18,21.950000000000003,10:03:21,41.06,1200,41.07,2400,41.065,100
4557,0.39,0.21,0.18,27.910000000000004,10:03:27,41.06,2600,41.07,800,41.0699,700
4576,0.35,0.18,0.17,33.940000000000005,10:03:33,41.07,3700,41.08,5400,41.0782,4000
4602,0.4,0.23,0.17,41.910000000000004,10:03:41,41.1,2000,41.11,1700,41.11,100
4608,0.24000000000000002,0.07,0.17,43.650000000000006,10:03:43,41.11,1400,41.12,300,41.12,100
4615,0.38,0.18,0.2,45.67,10:03:45,41.12,800,41.13,400,41.1256,1000
4621,0.36,0.15,0.21,47.67,10:03:47,41.12,1100,41.13,200,41.13,100
4632,0.4,0.21,0.19,51.69,10:03:51,41.13,400,41.14,800,41.14,8070
4652,0.24000000000000002,0.07,0.17,57.85,10:03:57,41.11,2400,41.12,200,41.115,100
4663,0.42,0.18,0.24,2.02,10:04:02,41.12,300,41.13,600,41.1277,5000
4664,0.33,0.08,0.25,2.35,10:04:02,41.12,200,41.13,800,41.1299,400
4672,3.85,3.52,0.33,11.73,10:04:11,41.12,500,41.13,2000,41.125,100
4702,0.47000000000000003,0.13,0.34,26.24,10:04:26,41.12,3200,41.13,3300,41.1301,1500
4712,0.32,0.08,0.24,30.070000000000007,10:04:30,41.09,600,41.1,500,41.0999,200
4717,0.56,0.26,0.3,32.330000000000005,10:04:32,41.09,1200,41.1,200,41.1,100
4722,0.27,0.07,0.2,34.27,10:04:34,41.09,700,41.1,700,41.095,100
4741,0.4,0.2,0.2,41.709999999999994,10:04:41,41.03,200,41.04,600,41.0394,100
4758,0.37,0.17,0.2,48.089999999999996,10:04:48,41.05,1900,41.06,1300,41.0501,1000
4765,0.43,0.12,0.31,50.379999999999995,10:04:50,41.05,2900,41.06,1300,41.0591,1000
4769,0.5,0.28,0.22,52.35999999999999,10:04:52,41.05,4700,41.06,100,41.0599,100
4789,0.62,0.18,0.44,2.2,10:05:02,41.07,1900,41.08,100,41.0767,4700
4817,0.31,0.08,0.23,15.700000000000003,10:05:15,41.11,500,41.12,3200,41.1154,300
4823,0.3,0.09,0.21,21.690000000000005,10:05:21,41.1,1700,41.11,800,41.105,100
4833,0.29,0.08,0.21,25.8,10:05:25,41.11,2400,41.12,2800,41.1186,2000
4844,0.44,0.22,0.22,29.929999999999996,10:05:29,41.13,600,41.14,1000,41.135,200
4862,0.39,0.21,0.18,35.669999999999995,10:05:35,41.13,600,41.14,1500,41.1333,600
4875,0.24000000000000002,0.07,0.17,39.71999999999999,10:05:39,41.13,1000,41.14,1500,41.1399,9900
4882,0.33,0.07,0.26,42.00999999999999,10:05:42,41.13,1000,41.14,700,41.1361,4500
4891,0.39,0.14,0.25,45.87999999999998,10:05:45,41.13,1200,41.14,1400,41.1334,1000
4902,0.49,0.23,0.26,50.07999999999997,10:05:50,41.12,1700,41.13,500,41.1264,470
4907,0.42000000000000004,0.22,0.2,51.92999999999997,10:05:51,41.12,100,41.13,1500,41.1261,2400
4912,0.42,0.24,0.18,54.039999999999964,10:05:54,41.11,1100,41.12,1200,41.1189,100
4928,0.37,0.19,0.18,0.0,10:06:00,41.11,1100,41.12,2000,41.1133,700
4952,2.39,2.14,0.25,18.880000000000003,10:06:18,41.15,1900,41.16,800,41.155,100
4956,0.25,0.08,0.17,22.000000000000004,10:06:22,41.14,800,41.15,600,41.15,100
5005,0.41000000000000003,0.08,0.33,38.24999999999999,10:06:38,41.1,200,41.11,900,41.108999999999995,300
5015,0.38,0.14,0.24,42.06000000000001,10:06:42,41.09,100,41.1,1200,41.093,5700
5020,0.45,0.25,0.2,44.01000000000001,10:06:44,41.08,200,41.09,700,41.0873,500
5026,0.28,0.08,0.2,46.050000000000026,10:06:46,41.09,600,41.1,1200,41.0947,245
5049,0.39,0.18,0.21,53.86000000000002,10:06:53,41.06,200,41.07,1900,41.068000000000005,500
5056,0.38,0.22,0.16,55.98000000000003,10:06:55,41.06,500,41.07,1900,41.0698,100
5077,0.28,0.07,0.21,2.4800000000000004,10:07:02,41.04,300,41.05,800,41.0488,510
5084,1.94,1.74,0.2,6.5600000000000005,10:07:06,41.04,400,41.05,1100,41.0433,600
5089,0.27,0.09,0.18,8.05,10:07:08,41.05,500,41.06,1100,41.0563,250
5100,0.24000000000000002,0.07,0.17,19.580000000000002,10:07:19,41.05,4400,41.06,700,41.0525,100
5136,0.36,0.18,0.18,31.880000000000006,10:07:31,41.05,3900,41.06,1200,41.0554,100
5207,0.31,0.12,0.19,55.54000000000003,10:07:55,41.05,2000,41.06,1700,41.0593,1000
5233,0.33999999999999997,0.18,0.16,1.87,10:08:01,41.05,2100,41.06,1900,41.0558,100
5245,3.9699999999999998,3.65,0.32,9.57,10:08:09,41.05,2100,41.06,2000,41.059,100
5355,0.32,0.08,0.24,51.790000000000006,10:08:51,41.05,1700,41.06,2900,41.0544,1000
5367,0.28,0.07,0.21,55.81999999999999,10:08:55,41.05,1700,41.06,2900,41.0532,2000
5414,0.26,0.08,0.18,27.790000000000006,10:09:27,41.1,1300,41.11,900,41.1058,203
5450,0.37,0.18,0.19,39.709999999999994,10:09:39,41.1,2200,41.11,1300,41.1086,180
5477,0.24000000000000002,0.07,0.17,4.23,10:12:04,41.01,1400,41.02,800,41.0105,500
5498,0.33,0.08,0.25,10.53,10:12:10,41.01,1000,41.02,900,41.0101,4575
5529,0.42,0.18,0.24,22.64000000000001,10:12:22,41.01,600,41.02,1200,41.0108,500
5597,0.25,0.07,0.18,28.009999999999994,10:13:28,40.99,900,41.0,900,40.9958,1555
5608,0.47,0.23,0.24,32.19,10:13:32,40.99,900,41.0,500,40.993,5000
5614,0.26,0.07,0.19,34.04999999999999,10:13:34,40.98,800,40.99,400,40.9847,500
5619,0.44999999999999996,0.24,0.21,36.269999999999996,10:13:36,40.98,1800,40.99,400,40.9801,350
5624,0.45999999999999996,0.21,0.25,38.300000000000004,10:13:38,40.99,1100,41.0,2700,40.9966,1800
5635,0.39,0.18,0.21,42.12000000000001,10:13:42,41.0,1100,41.01,700,41.007,1150
5646,0.42,0.24,0.18,46.360000000000014,10:13:46,40.98,700,40.99,700,40.9866,1000
5671,0.27,0.08,0.19,54.25000000000002,10:13:54,40.94,1400,40.95,800,40.9443,1000
5689,0.26,0.08,0.18,60.00000000000003,10:14:00,40.94,1000,40.95,1400,40.949,7200
5703,0.31000000000000005,0.14,0.17,1.7400000000000002,10:14:01,40.94,1000,40.95,1600,40.9458,100
5715,0.36,0.17,0.19,5.750000000000001,10:14:05,40.94,1100,40.95,1500,40.9472,200
5717,1.59,1.33,0.26,11.55,10:14:11,40.97,1100,40.98,300,40.9775,436
5779,0.38,0.21,0.17,37.79000000000001,10:14:37,40.96,1100,40.97,1000,40.9699,2000
5786,0.26,0.09,0.17,39.95000000000002,10:14:39,40.96,1200,40.97,400,40.968999999999994,100
5812,0.41000000000000003,0.24,0.17,47.80000000000003,10:14:47,40.96,1200,40.97,1200,40.9601,100
5861,3.37,3.02,0.35,11.1,10:15:11,40.95,1300,40.96,700,40.9583,100
5866,0.30000000000000004,0.07,0.23,17.19,10:15:17,40.96,700,40.97,900,40.9663,500
5883,0.45,0.22,0.23,26.109999999999996,10:15:26,40.95,2200,40.96,800,40.955,250
5933,0.31,0.15,0.16,42.34000000000001,10:15:42,40.97,1100,40.98,1000,40.9774,200
5961,0.30000000000000004,0.13,0.17,50.18000000000003,10:15:50,40.97,1200,40.98,700,40.974,500
6012,2.58,2.37,0.21,9.84,10:16:09,40.95,1600,40.96,300,40.9595,100
6030,1.88,1.53,0.35,21.889999999999997,10:16:21,40.95,1300,40.96,600,40.9501,266
6037,0.26,0.07,0.19,24.219999999999995,10:16:24,40.95,500,40.96,1000,40.9573,100
6055,0.27,0.09,0.18,30.099999999999994,10:16:30,40.94,1100,40.95,800,40.9413,100
6088,0.4,0.18,0.22,40.36000000000001,10:16:40,40.94,1700,40.95,500,40.9461,450
6099,0.33,0.08,0.25,44.390000000000015,10:16:44,40.94,1700,40.95,400,40.9442,1250
6171,2.12,1.85,0.27,20.26,10:17:20,40.99,1100,41.0,3500,40.9901,100
6181,0.38,0.08,0.3,24.100000000000005,10:17:24,40.99,1100,41.0,2400,40.9953,100
6218,0.31,0.08,0.23,37.940000000000026,10:17:37,40.99,1200,41.0,1600,40.99100000000001,2000
6265,0.44999999999999996,0.09,0.36,56.27000000000004,10:17:56,41.01,1400,41.02,1100,41.018,3000
6271,0.69,0.24,0.45,0.0,10:18:00,41.01,900,41.02,900,41.0199,200
6280,0.44999999999999996,0.21,0.24,4.140000000000001,10:18:04,41.01,1500,41.02,900,41.0158,400
6285,0.4,0.19,0.21,6.07,10:18:06,41.01,1600,41.02,600,41.0168,3000
6299,1.5899999999999999,1.21,0.38,20.34,10:18:20,41.01,2400,41.02,1400,41.0154,170
6329,0.39,0.19,0.2,4.38,10:19:04,40.97,700,40.98,1300,40.9729,199
6345,0.39,0.17,0.22,10.23,10:19:10,40.96,300,40.97,1000,40.9658,100
6362,0.48000000000000004,0.28,0.2,16.24,10:19:16,40.96,300,40.97,800,40.963,5000
6569,0.64,0.28,0.36,16.099999999999998,10:21:16,40.93,600,40.94,900,40.9358,100
6580,0.44,0.19,0.25,21.949999999999996,10:21:21,40.93,1300,40.94,900,40.9307,100
6600,0.5499999999999999,0.08,0.47,32.60999999999999,10:21:32,40.91,6000,40.92,900,40.9118,1000
6602,0.62,0.1,0.52,34.05999999999999,10:21:34,40.91,6000,40.92,1100,40.9199,250
6603,0.75,0.23,0.52,34.80999999999999,10:21:34,40.91,6000,40.92,1200,40.9101,300
6618,0.62,0.23,0.39,6.26,10:22:06,40.91,6000,40.92,1000,40.915,100
6623,0.43,0.08,0.35,10.65,10:22:10,40.91,6000,40.92,1300,40.9166,1000
6643,0.5700000000000001,0.24,0.33,24.190000000000005,10:22:24,40.9,1800,40.91,300,40.905,100
6651,0.45,0.18,0.27,28.000000000000007,10:22:28,40.9,1400,40.91,700,40.9082,2400
6661,0.75,0.27,0.48,32.77000000000001,10:22:32,40.9,1800,40.91,3300,40.909,500
6674,0.7,0.24,0.46,40.590000000000025,10:22:40,40.9,1200,40.91,1100,40.9075,100
6684,0.38,0.08,0.3,45.83000000000003,10:22:45,40.89,1000,40.9,2400,40.9008,100
6695,0.32,0.07,0.25,50.04000000000001,10:22:50,40.86,1700,40.87,1100,40.8644,300
6704,0.64,0.24,0.4,54.170000000000016,10:22:54,40.86,1900,40.87,3400,40.8701,5000
6734,2.37,1.92,0.45,13.829999999999998,10:23:13,40.86,2200,40.87,1000,40.8634,1000
6735,0.52,0.17,0.35,14.349999999999998,10:23:14,40.83,900,40.84,400,40.84,100
6737,4.74,4.41,0.33,19.699999999999996,10:23:19,40.8,4200,40.81,2700,40.8047,124
6738,0.53,0.24,0.29,20.229999999999997,10:23:20,40.81,2900,40.82,1400,40.82,100
6740,0.37,0.07,0.3,21.13,10:23:21,40.81,2900,40.82,1400,40.8167,600
6742,0.53,0.24,0.29,21.97,10:23:21,40.82,2300,40.83,400,40.825,100
6757,0.43,0.21,0.22,27.990000000000002,10:23:27,40.82,1200,40.83,1800,40.8242,480
6762,0.31,0.07,0.24,29.82,10:23:29,40.83,2000,40.84,600,40.83,300
6773,0.35000000000000003,0.08,0.27,33.78,10:23:33,40.84,700,40.85,1100,40.845,100
6784,0.36,0.09,0.27,38.02,10:23:38,40.86,200,40.87,1000,40.869,3000
6789,0.66,0.22,0.44,40.28,10:23:40,40.86,400,40.87,800,40.8642,5000
6844,0.28,0.07,0.21,0.0,10:24:00,40.9,1600,40.91,900,40.9056,1500
6861,0.39,0.16,0.23,12.149999999999999,10:24:12,40.89,900,40.9,1000,40.8937,500
6873,0.51,0.24,0.27,20.3,10:24:20,40.89,800,40.9,1300,40.8958,300
6888,0.34,0.08,0.26,28.23,10:24:28,40.85,6800,40.86,600,40.8518,5000
6890,0.32,0.07,0.25,29.02,10:24:29,40.85,6800,40.86,800,40.855,100
6919,0.44999999999999996,0.24,0.21,42.05999999999999,10:24:42,40.86,1100,40.87,600,40.863,200
6975,1.27,1.01,0.26,12.759999999999998,10:25:12,40.86,6100,40.87,500,40.8699,125
6978,0.39,0.12,0.27,13.829999999999998,10:25:13,40.86,6300,40.87,1000,40.8649,500
7005,0.43,0.08,0.35,28.04,10:25:28,40.86,5400,40.87,500,40.8611,100
7058,0.43,0.18,0.25,52.07999999999997,10:25:52,40.79,1200,40.8,1200,40.79,100
7062,0.69,0.27,0.42,54.00999999999996,10:25:54,40.79,400,40.8,1800,40.8,300
7067,0.32,0.07,0.25,56.31999999999996,10:25:56,40.82,1200,40.83,500,40.8233,1555
7089,0.4,0.08,0.32,7.869999999999999,10:26:07,40.85,200,40.86,800,40.859,200
7099,0.4,0.08,0.32,16.31,10:26:16,40.83,1000,40.84,500,40.835,100
7155,0.4,0.09,0.31,42.29,10:26:42,40.83,1200,40.84,1000,40.8354,188
7170,0.49,0.17,0.32,49.85,10:26:49,40.85,1700,40.86,800,40.8475,600
7179,0.4,0.15,0.25,53.879999999999995,10:26:53,40.85,1000,40.86,1200,40.85,100
7222,0.4,0.2,0.2,12.930000000000003,10:27:12,40.85,600,40.86,800,40.8562,1000
7252,0.4,0.18,0.22,24.950000000000003,10:27:24,40.86,800,40.87,1400,40.8658,1000
7278,0.42,0.21,0.21,9.76,10:28:09,40.84,1000,40.85,900,40.8444,1000
7285,0.99,0.75,0.24,14.76,10:28:14,40.86,1100,40.87,700,40.8601,200
7288,0.26,0.07,0.19,16.830000000000002,10:28:16,40.86,800,40.87,1800,40.8661,250
7299,0.41000000000000003,0.23,0.18,21.79,10:28:21,40.85,900,40.86,600,40.8559,110
7312,0.39,0.22,0.17,25.86,10:28:25,40.85,1100,40.86,600,40.8557,500
7370,0.27,0.08,0.19,45.74000000000001,10:28:45,40.85,1900,40.86,1200,40.8546,200
7394,0.26,0.07,0.19,54.230000000000004,10:28:54,40.84,1900,40.85,900,40.8401,2475
7406,0.4,0.18,0.22,58.22,10:28:58,40.85,2500,40.86,1300,40.8553,250
7454,0.28,0.07,0.21,19.860000000000003,10:29:19,40.85,1500,40.86,900,40.8542,2000
7505,0.27,0.07,0.2,37.89000000000001,10:29:37,40.85,2200,40.86,5300,40.8587,490
7516,0.28,0.08,0.2,41.88000000000002,10:29:41,40.84,5900,40.85,300,40.849000000000004,145
7610,0.43,0.18,0.25,23.860000000000003,10:30:23,40.91,800,40.92,1300,40.9153,350
7620,0.43,0.21,0.22,28.150000000000002,10:30:28,40.91,1900,40.92,600,40.9184,200
7636,0.37,0.17,0.2,33.72,10:30:33,40.91,1100,40.92,1900,40.9193,489
7665,0.45,0.18,0.27,44.07,10:30:44,40.9,600,40.91,1600,40.907,5000
7674,0.34,0.08,0.26,47.88000000000001,10:30:47,40.9,200,40.91,2000,40.9083,500
7685,0.49,0.24,0.25,52.31000000000001,10:30:52,40.9,500,40.91,1300,40.902,100
7690,0.47,0.21,0.26,54.25000000000001,10:30:54,40.91,1000,40.92,900,40.914,199
7720,0.35000000000000003,0.08,0.27,3.91,10:31:03,40.91,1700,40.92,800,40.9168,4500
7730,0.8200000000000001,0.48,0.34,16.0,10:31:16,40.92,1300,40.93,1800,40.9244,1000
7739,0.39,0.18,0.21,19.78,10:31:19,40.92,1100,40.93,2000,40.9299,8000
7772,0.44,0.23,0.21,31.950000000000003,10:31:31,40.93,1000,40.94,1000,40.935,100
7776,0.36,0.12,0.24,33.97,10:31:33,40.93,1000,40.94,800,40.9399,100
7801,0.33,0.13,0.2,41.79000000000001,10:31:41,40.93,1100,40.94,1800,40.9385,200
7906,0.48,0.22,0.26,36.95000000000002,10:33:36,40.96,800,40.97,700,40.9611,100
8063,0.6000000000000001,0.07,0.53,58.17,10:34:58,40.98,1300,40.99,3900,40.9885,100
8114,0.47000000000000003,0.08,0.39,31.669999999999998,10:35:31,40.98,1300,40.99,2500,40.981,7000
8118,0.76,0.19,0.57,34.239999999999995,10:35:34,40.98,1300,40.99,2400,40.9842,1500
8140,0.7999999999999999,0.22,0.58,58.679999999999986,10:35:58,40.96,2000,40.97,2000,40.9634,300
8142,0.6,0.08,0.52,0.0,10:36:00,40.96,2000,40.97,2000,40.9675,100
8167,0.5700000000000001,0.07,0.5,19.97,10:36:19,40.96,1500,40.97,1000,40.968,150
8183,0.5900000000000001,0.14,0.45,30.37,10:36:30,40.96,1800,40.97,1700,40.9644,100
8186,0.5800000000000001,0.27,0.31,32.01,10:36:32,40.96,1800,40.97,1700,40.9657,200
8230,0.64,0.2,0.44,0.0,10:37:00,40.92,2100,40.93,600,40.9267,400
8241,0.5700000000000001,0.07,0.5,7.950000000000001,10:37:07,40.92,1600,40.93,900,40.9275,100
8302,0.5700000000000001,0.07,0.5,47.47000000000003,10:37:47,40.92,2000,40.93,2000,40.929,300
8360,0.59,0.09,0.5,26.189999999999998,10:38:26,40.93,1500,40.94,1900,40.9393,100
8398,0.8,0.15,0.65,48.41,10:38:48,40.92,1600,40.93,1300,40.9236,6100
8423,2.21,1.42,0.79,12.509999999999998,10:39:12,40.93,1300,40.94,2100,40.9334,250
8461,0.7799999999999999,0.08,0.7,41.900000000000006,10:39:41,40.99,1400,41.0,22500,40.9944,500
8497,4.56,3.8,0.76,13.749999999999996,10:40:13,41.0,2000,41.01,1800,41.0083,1727
8506,0.8,0.07,0.73,22.119999999999997,10:40:22,41.0,2000,41.01,2600,41.00899999999999,1900
8517,0.76,0.21,0.55,30.32,10:40:30,41.0,2400,41.01,2800,41.0056,100
8540,0.61,0.23,0.38,45.11000000000002,10:40:45,41.01,3900,41.02,1000,41.0144,300
8543,0.5900000000000001,0.07,0.52,46.88000000000003,10:40:46,41.01,4600,41.02,1100,41.016999999999996,5000
8548,0.5800000000000001,0.07,0.51,50.07000000000003,10:40:50,41.01,900,41.02,2000,41.0164,5000
8551,0.57,0.08,0.49,51.88000000000003,10:40:51,41.01,1000,41.02,2100,41.0167,1000
8568,0.58,0.08,0.5,1.6099999999999999,10:41:01,41.01,1100,41.02,1100,41.012,100
8577,0.6000000000000001,0.14,0.46,7.629999999999999,10:41:07,41.01,1900,41.02,1100,41.0122,800
8582,3.0200000000000005,2.49,0.53,14.43,10:41:14,41.01,1900,41.02,1400,41.0166,847
8588,0.62,0.19,0.43,20.020000000000003,10:41:20,41.01,3700,41.02,2800,41.0172,200
8601,0.5700000000000001,0.07,0.5,27.589999999999996,10:41:27,41.0,5100,41.01,2400,41.0053,550
8618,0.5700000000000001,0.07,0.5,37.98,10:41:37,41.01,900,41.02,500,41.019,100
8632,0.6,0.08,0.52,46.0,10:41:46,41.01,800,41.02,1100,41.011,1000
8674,0.5800000000000001,0.2,0.38,9.600000000000001,10:42:09,41.0,2700,41.01,2400,41.0093,200
8699,0.79,0.19,0.6,30.06,10:42:30,40.94,1100,40.95,1200,40.9407,100
8712,0.46,0.08,0.38,37.910000000000004,10:42:37,40.94,600,40.95,600,40.9457,250
8746,0.75,0.07,0.68,57.84000000000002,10:42:57,40.95,700,40.96,2700,40.9591,120
8752,0.63,0.24,0.39,1.9899999999999998,10:43:01,40.95,100,40.96,2600,40.9557,367
8791,0.6399999999999999,0.07,0.57,32.03,10:43:32,40.95,1000,40.96,800,40.9566,170
8803,0.75,0.25,0.5,40.18000000000001,10:43:40,40.95,1100,40.96,1000,40.951,3000
8818,0.7899999999999999,0.22,0.57,50.380000000000024,10:43:50,40.95,900,40.96,1000,40.9593,1000
8838,0.5900000000000001,0.07,0.52,3.8600000000000003,10:44:03,40.94,2600,40.95,800,40.9417,900
8845,0.59,0.21,0.38,7.84,10:44:07,40.94,2600,40.95,800,40.9436,500
8850,0.58,0.08,0.5,11.61,10:44:11,40.94,2700,40.95,800,40.941,4000
8866,0.76,0.07,0.69,24.2,10:44:24,40.94,2500,40.95,1000,40.9476,100
8888,0.6000000000000001,0.07,0.53,38.030000000000015,10:44:38,40.91,800,40.92,900,40.9133,1000
8891,0.59,0.23,0.36,39.810000000000024,10:44:39,40.9,2100,40.91,1000,40.9011,200
8897,0.5800000000000001,0.27,0.31,43.01000000000002,10:44:43,40.9,1400,40.91,1300,40.9017,700
8916,0.5800000000000001,0.18,0.4,54.00000000000002,10:44:54,40.89,800,40.9,400,40.891,2000
8937,0.5900000000000001,0.07,0.52,9.36,10:45:09,40.9,2500,40.91,1600,40.9042,100
8965,0.5900000000000001,0.14,0.45,29.4,10:45:29,40.92,1600,40.93,2500,40.9255,300
8982,0.78,0.07,0.71,40.169999999999995,10:45:40,40.92,1600,40.93,900,40.9292,3000
9012,0.61,0.24,0.37,0.0,10:46:00,40.92,900,40.93,500,40.9248,200
9015,0.44,0.12,0.32,1.6199999999999999,10:46:01,40.92,800,40.93,800,40.921,625
9095,0.61,0.21,0.4,55.83000000000002,10:46:55,40.87,900,40.88,3000,40.8736,5000
9108,0.62,0.19,0.43,5.39,10:47:05,40.89,1100,40.9,1600,40.893,5000
9125,0.59,0.17,0.42,22.0,10:47:22,40.9,16300,40.91,700,40.9058,1564
9154,0.61,0.21,0.4,38.22999999999998,10:47:38,40.91,600,40.92,1500,40.9159,400
9195,0.5700000000000001,0.13,0.44,3.9800000000000004,10:48:03,40.92,700,40.93,5300,40.9216,400
9221,0.43,0.07,0.36,28.04,10:48:28,40.89,700,40.9,1100,40.8967,240
9260,0.5700000000000001,0.24,0.33,49.98,10:48:49,40.86,700,40.87,1900,40.8629,800
9282,0.99,0.55,0.44,2.62,10:49:02,40.82,3300,40.83,300,40.8229,8600
9301,0.5800000000000001,0.07,0.51,16.229999999999997,10:49:16,40.85,1300,40.86,1000,40.8568,3000
9322,0.56,0.19,0.37,28.03000000000001,10:49:28,40.82,800,40.83,1400,40.821,4000
9326,0.6,0.19,0.41,30.24000000000001,10:49:30,40.83,1700,40.84,900,40.8399,100
9332,0.7699999999999999,0.08,0.69,34.210000000000015,10:49:34,40.83,1500,40.84,1400,40.8323,3000
9341,0.61,0.08,0.53,40.680000000000014,10:49:40,40.83,1600,40.84,1300,40.8358,100
9343,0.75,0.14,0.61,42.22000000000001,10:49:42,40.83,1600,40.84,1300,40.8336,1000
9357,0.63,0.08,0.55,52.070000000000014,10:49:52,40.82,1000,40.83,1800,40.8201,4000
9360,0.6,0.13,0.47,54.240000000000016,10:49:54,40.82,600,40.83,1700,40.8244,1000
9376,0.61,0.09,0.52,6.22,10:50:06,40.81,2500,40.82,2000,40.8101,1200
9379,0.5900000000000001,0.07,0.52,8.01,10:50:08,40.81,4100,40.82,1900,40.8125,100
9381,3.3899999999999997,2.88,0.51,11.989999999999998,10:50:11,40.81,4100,40.82,1900,40.81,100
9384,0.5800000000000001,0.07,0.51,13.79,10:50:13,40.81,4100,40.82,1900,40.8129,5000
9388,2.7600000000000002,2.18,0.58,19.98,10:50:19,40.81,4500,40.82,2000,40.815,100
9391,0.6000000000000001,0.2,0.4,21.800000000000004,10:50:21,40.81,4500,40.82,2400,40.8157,175
9427,0.6000000000000001,0.2,0.4,41.960000000000015,10:50:41,40.8,6400,40.81,1800,40.8034,500
9441,0.5800000000000001,0.13,0.45,49.91000000000001,10:50:49,40.8,500,40.81,700,40.805,100
9452,0.62,0.21,0.41,55.93,10:50:55,40.79,900,40.8,700,40.795,100
9494,0.77,0.21,0.56,28.14,10:51:28,40.86,1000,40.87,700,40.8599,1814
9516,0.63,0.18,0.45,41.93000000000002,10:51:41,40.88,900,40.89,1100,40.887,500
9545,0.45,0.07,0.38,2.39,10:52:02,40.86,1300,40.87,2000,40.8664,500
9559,0.76,0.07,0.69,19.550000000000004,10:52:19,40.86,800,40.87,600,40.8656,200
9582,0.75,0.26,0.49,34.350000000000016,10:52:34,40.86,1200,40.87,800,40.861,1000
9588,0.64,0.17,0.47,38.610000000000014,10:52:38,40.87,1100,40.88,1500,40.8799,100
9693,0.6,0.15,0.45,44.02999999999999,10:53:44,40.83,200,40.84,1400,40.8348,200
9696,0.43,0.07,0.36,45.62999999999999,10:53:45,40.83,1500,40.84,1500,40.839,7200
9741,0.63,0.22,0.41,16.209999999999997,10:54:16,40.84,2200,40.85,1800,40.8499,2000
9802,0.6000000000000001,0.07,0.53,30.69000000000001,10:56:30,40.95,2300,40.96,800,40.9575,100
9822,0.43,0.07,0.36,14.190000000000001,10:57:14,40.97,800,40.98,800,40.9733,900
9836,0.6,0.24,0.36,24.180000000000007,10:57:24,40.97,500,40.98,1500,40.9734,1000
9858,0.42,0.07,0.35,35.97000000000001,10:57:35,40.98,400,40.99,3400,40.9815,300
9879,0.59,0.15,0.44,48.35000000000003,10:57:48,40.95,1400,40.96,600,40.9546,300
9910,0.62,0.23,0.39,6.21,10:58:06,40.92,1400,40.93,1800,40.9201,2000
9924,0.44,0.14,0.3,18.029999999999998,10:58:18,40.95,600,40.96,700,40.9589,150
10005,0.97,0.4,0.57,6.369999999999999,10:59:06,40.96,1700,40.97,1300,40.9664,1000
10007,2.17,1.58,0.59,8.98,10:59:08,40.96,1700,40.97,1300,40.9632,250
10015,0.43,0.07,0.36,13.799999999999999,10:59:13,40.96,700,40.97,1200,40.961000000000006,1000
10034,0.5900000000000001,0.27,0.32,27.770000000000007,10:59:27,40.92,1300,40.93,800,40.9258,300
10049,0.43,0.07,0.36,35.600000000000016,10:59:35,40.92,1300,40.93,1500,40.9272,100
10075,0.6,0.23,0.37,50.16000000000003,10:59:50,40.93,5300,40.94,800,40.9346,750
10095,0.79,0.19,0.6,4.9799999999999995,11:00:04,40.94,1000,40.95,600,40.948,100
10148,0.6100000000000001,0.27,0.34,40.370000000000005,11:00:40,40.94,1000,40.95,800,40.9464,1000
10171,0.59,0.12,0.47,0.0,11:01:00,40.95,800,40.96,1500,40.9516,100
10199,0.57,0.08,0.49,28.170000000000005,11:01:28,40.94,1200,40.95,700,40.9425,100
10232,0.57,0.08,0.49,46.190000000000005,11:01:46,40.95,1100,40.96,1900,40.9567,5000
10279,0.7799999999999999,0.08,0.7,16.12,11:04:16,40.85,600,40.86,1200,40.857,5000
10287,0.75,0.22,0.53,22.11,11:04:22,40.85,1200,40.86,2300,40.8567,5000
10303,0.65,0.21,0.44,32.54,11:04:32,40.84,3400,40.85,1000,40.8443,600
10305,0.61,0.08,0.53,33.74,11:04:33,40.84,3400,40.85,1000,40.841,2800
10342,0.5800000000000001,0.07,0.51,16.36,11:05:16,40.87,800,40.88,1200,40.8747,100
10389,0.64,0.22,0.42,46.41000000000002,11:05:46,40.86,1300,40.87,1300,40.867,100
10420,3.67,3.37,0.3,6.63,11:06:06,40.87,1900,40.88,1700,40.8743,300
10466,0.62,0.21,0.41,37.96999999999999,11:06:37,40.85,900,40.86,1200,40.8525,100
10506,0.6000000000000001,0.2,0.4,0.0,11:07:00,40.87,1600,40.88,800,40.876999999999995,500
10531,2.38,1.79,0.59,21.98,11:07:21,40.86,1000,40.87,1800,40.8625,100
10594,0.58,0.08,0.5,55.980000000000004,11:07:55,40.84,900,40.85,1200,40.8461,160
10620,0.58,0.08,0.5,16.209999999999997,11:08:16,40.79,1000,40.8,2000,40.7975,700
10632,0.59,0.08,0.51,24.23,11:08:24,40.8,800,40.81,1000,40.8099,1600
10638,0.8,0.07,0.73,28.880000000000003,11:08:28,40.78,1100,40.79,1200,40.78,200
10644,0.78,0.17,0.61,33.440000000000005,11:08:33,40.78,900,40.79,500,40.7813,3000
10649,1.37,0.82,0.55,37.25,11:08:37,40.78,2300,40.79,500,40.785,100
10656,0.64,0.18,0.46,42.28,11:08:42,40.79,3300,40.8,900,40.7951,100
10663,0.46,0.07,0.39,46.480000000000004,11:08:46,40.79,2800,40.8,900,40.797,300
10666,0.59,0.21,0.38,48.27000000000001,11:08:48,40.79,2500,40.8,1100,40.7992,300
10700,0.44,0.07,0.37,10.790000000000001,11:09:10,40.78,1100,40.79,1600,40.7826,1200
10713,0.5800000000000001,0.07,0.51,18.17,11:09:18,40.75,7100,40.76,2000,40.7507,300
10721,0.5900000000000001,0.19,0.4,22.39,11:09:22,40.74,3000,40.75,3800,40.7401,5000
10728,0.61,0.21,0.4,26.590000000000007,11:09:26,40.74,2800,40.75,3800,40.7407,442
10744,1.18,0.74,0.44,36.17000000000001,11:09:36,40.75,2000,40.76,1800,40.7499,100
10752,0.5599999999999999,0.21,0.35,40.18000000000001,11:09:40,40.76,1100,40.77,1500,40.7601,2000
10767,0.43,0.07,0.36,48.39000000000001,11:09:48,40.77,1500,40.78,1200,40.774,4000
10770,0.57,0.08,0.49,50.13000000000001,11:09:50,40.77,1300,40.78,1600,40.773,2000
10778,0.43,0.07,0.36,54.39000000000001,11:09:54,40.76,2800,40.77,900,40.765,100
10799,3.01,2.46,0.55,12.81,11:10:12,40.74,3000,40.75,900,40.7425,1850
10820,0.43,0.07,0.36,25.23,11:10:25,40.74,3400,40.75,500,40.7454,100
10825,0.5700000000000001,0.07,0.5,28.0,11:10:28,40.74,3200,40.75,700,40.741,6135
10834,0.6000000000000001,0.2,0.4,33.43,11:10:33,40.75,6800,40.76,6200,40.7501,171
10837,0.6000000000000001,0.07,0.53,35.24,11:10:35,40.77,1700,40.78,500,40.775,100
10839,0.79,0.16,0.63,36.800000000000004,11:10:36,40.77,1700,40.78,500,40.775999999999996,5000
10843,0.64,0.2,0.44,39.62000000000001,11:10:39,40.78,1900,40.79,900,40.7817,9000
10846,0.59,0.24,0.35,41.420000000000016,11:10:41,40.79,200,40.8,1200,40.791,2000
10849,0.6100000000000001,0.07,0.54,43.37000000000002,11:10:43,40.78,400,40.79,900,40.7833,4000
10852,0.75,0.09,0.66,45.36000000000002,11:10:45,40.78,1900,40.79,700,40.781,10331
10891,2.18,1.59,0.59,12.36,11:11:12,40.77,2800,40.78,1100,40.7743,110
10895,0.6,0.22,0.38,15.579999999999998,11:11:15,40.78,500,40.79,2500,40.789,200
10912,0.43,0.08,0.35,27.85,11:11:27,40.78,4300,40.79,2400,40.786,500
10923,0.5800000000000001,0.14,0.44,34.02000000000001,11:11:34,40.78,4600,40.79,2500,40.7854,365
10950,0.59,0.09,0.5,50.230000000000025,11:11:50,40.77,5800,40.78,1500,40.7758,800
10963,0.61,0.19,0.42,57.85000000000005,11:11:57,40.75,5500,40.76,700,40.755,300
10966,0.5700000000000001,0.07,0.5,0.0,11:12:00,40.75,5500,40.76,1500,40.7523,3000
11008,0.74,0.07,0.67,36.56,11:12:36,40.77,1100,40.78,800,40.7767,2000
11035,0.62,0.13,0.49,56.010000000000005,11:12:56,40.77,1800,40.78,600,40.777,145
11073,0.78,0.17,0.61,26.04000000000001,11:13:26,40.8,1300,40.81,1100,40.8097,100
11082,0.77,0.12,0.65,32.98000000000001,11:13:32,40.79,700,40.8,900,40.7998,100
11126,0.62,0.19,0.43,0.0,11:14:00,40.76,3300,40.77,1000,40.7657,450
11131,2.7800000000000002,2.35,0.43,4.99,11:14:04,40.77,1400,40.78,800,40.7766,1000
11146,0.6100000000000001,0.27,0.34,18.01,11:14:18,40.77,300,40.78,1200,40.779,100
11151,0.6,0.23,0.37,21.610000000000003,11:14:21,40.76,2000,40.77,700,40.7687,2000
11165,0.6,0.23,0.37,29.81,11:14:29,40.75,1200,40.76,400,40.7566,1000
11168,0.57,0.09,0.48,31.58,11:14:31,40.76,1300,40.77,800,40.7607,300
11251,0.5800000000000001,0.18,0.4,17.39,11:17:17,40.76,6500,40.77,3200,40.7658,2500
11286,0.59,0.24,0.35,37.59000000000001,11:17:37,40.76,5300,40.77,3400,40.7625,300
11297,0.5599999999999999,0.09,0.47,43.56000000000001,11:17:43,40.76,5300,40.77,3400,40.7693,300
11312,0.6,0.17,0.43,51.77000000000002,11:17:51,40.76,5300,40.77,3900,40.7636,1000
11339,1.77,1.34,0.43,5.960000000000001,11:18:05,40.76,5000,40.77,3900,40.7699,194
11361,0.6100000000000001,0.07,0.54,26.360000000000003,11:18:26,40.76,5000,40.77,4800,40.7634,5000
11423,0.6499999999999999,0.08,0.57,9.680000000000001,11:19:09,40.73,1200,40.74,2500,40.735,100
11452,0.79,0.19,0.6,33.81999999999999,11:19:33,40.72,3500,40.73,1200,40.7244,1000
11465,0.45,0.08,0.37,41.47,11:19:41,40.71,2400,40.72,700,40.7199,100
11487,0.6100000000000001,0.07,0.54,55.63,11:19:55,40.71,1300,40.72,500,40.711,4000
11515,0.61,0.13,0.48,21.599999999999994,11:20:21,40.72,2300,40.73,1900,40.7284,100
11518,0.6100000000000001,0.07,0.54,23.599999999999994,11:20:23,40.73,1300,40.74,1100,40.732,100
11525,0.8,0.07,0.73,28.359999999999996,11:20:28,40.76,700,40.77,1300,40.7539,100
11537,0.6,0.17,0.43,36.58,11:20:36,40.76,1500,40.77,1300,40.769,250
11548,0.5900000000000001,0.07,0.52,43.76000000000001,11:20:43,40.77,1300,40.78,300,40.7799,243
11636,0.5900000000000001,0.2,0.39,51.59000000000002,11:21:51,40.76,700,40.77,2300,40.7654,980
11704,0.44999999999999996,0.15,0.3,31.02,11:22:31,40.75,2000,40.76,2000,40.7549,200
11707,0.6,0.23,0.37,32.980000000000004,11:22:32,40.75,3000,40.76,2500,40.7592,100
11762,0.62,0.24,0.38,24.03,11:23:24,40.71,900,40.72,1300,40.7125,100
11775,0.6,0.1,0.5,32.19,11:23:32,40.7,6000,40.71,1300,40.7025,100
11794,0.6100000000000001,0.07,0.54,44.16000000000002,11:23:44,40.7,7500,40.71,3400,40.7049,150
11810,0.45,0.13,0.32,54.210000000000015,11:23:54,40.73,500,40.74,2600,40.739000000000004,100
11918,1.03,0.44,0.59,14.439999999999998,11:25:14,40.71,1900,40.72,2700,40.7145,400
11943,0.64,0.21,0.43,34.04999999999999,11:25:34,40.71,13100,40.72,2000,40.7154,105
11955,0.6,0.09,0.51,42.25,11:25:42,40.71,10600,40.72,2700,40.7146,9320
11969,0.8,0.28,0.52,52.26999999999999,11:25:52,40.71,10200,40.72,3600,40.7185,500
11972,0.61,0.18,0.43,54.28999999999999,11:25:54,40.71,10700,40.72,3900,40.7142,300
11983,0.75,0.08,0.67,2.16,11:26:02,40.71,1700,40.72,3500,40.7132,100
12049,0.74,0.07,0.67,8.32,11:27:08,40.69,600,40.7,6000,40.6975,244
12057,0.5700000000000001,0.13,0.44,0.0,11:28:00,40.69,1400,40.7,16900,40.6999,100
12063,0.74,0.07,0.67,0.0,11:29:00,40.69,1600,40.7,1000,40.6929,800
12066,0.64,0.08,0.56,2.25,11:29:02,40.69,1900,40.7,1000,40.6993,100
12071,0.78,0.22,0.56,6.24,11:29:06,40.69,1400,40.7,1000,40.6931,2500
12078,0.64,0.25,0.39,12.27,11:29:12,40.69,1700,40.7,1600,40.6958,1000
12081,0.5900000000000001,0.07,0.52,14.049999999999999,11:29:14,40.69,1700,40.7,1900,40.6913,500
12084,0.5800000000000001,0.12,0.46,15.829999999999998,11:29:15,40.68,3100,40.69,2800,40.6844,1500
12131,0.77,0.23,0.54,53.99999999999999,11:29:53,40.63,2500,40.64,700,40.6316,500
12139,0.99,0.23,0.76,0.0,11:30:00,40.63,2600,40.64,800,40.6315,615
12237,0.58,0.08,0.5,25.549999999999997,11:31:25,40.7,1100,40.71,1300,40.7058,5000
12256,0.6200000000000001,0.07,0.55,37.550000000000004,11:31:37,40.71,800,40.72,1000,40.7134,1100
12285,0.57,0.08,0.49,5.99,11:32:05,40.7,1000,40.71,700,40.7054,200
12289,0.44,0.07,0.37,10.83,11:32:10,40.7,800,40.71,2100,40.709,4500
12323,0.5800000000000001,0.07,0.51,34.029999999999994,11:32:34,40.66,1000,40.67,1200,40.6654,200
12330,0.5800000000000001,0.07,0.51,38.19,11:32:38,40.67,500,40.68,2100,40.6744,400
12348,0.44,0.08,0.36,47.66999999999999,11:32:47,40.67,200,40.68,1900,40.6734,900
12363,0.6,0.13,0.47,56.26999999999999,11:32:56,40.66,800,40.67,1200,40.6668,3800
12422,0.43999999999999995,0.09,0.35,30.290000000000003,11:33:30,40.67,5900,40.68,2400,40.6759,1000
12440,0.61,0.19,0.42,40.04,11:33:40,40.67,5400,40.68,2700,40.6735,250
12474,0.5900000000000001,0.07,0.52,5.8,11:34:05,40.64,800,40.65,2900,40.6454,100
12480,0.59,0.08,0.51,12.16,11:34:12,40.63,2800,40.64,3000,40.6364,1000
12492,0.63,0.18,0.45,23.800000000000008,11:34:23,40.63,3200,40.64,1500,40.631,5000
12505,0.64,0.18,0.46,32.17000000000001,11:34:32,40.62,4300,40.63,1200,40.629,300
12511,0.61,0.12,0.49,35.780000000000015,11:34:35,40.62,4300,40.63,1100,40.623000000000005,5000
12517,0.62,0.14,0.48,39.59000000000002,11:34:39,40.62,4300,40.63,2600,40.6201,5000
12529,0.5900000000000001,0.07,0.52,47.750000000000014,11:34:47,40.61,5000,40.62,4300,40.6101,100
12547,0.6000000000000001,0.07,0.53,0.0,11:35:00,40.61,3600,40.62,5000,40.611,5000
12550,0.77,0.32,0.45,1.98,11:35:01,40.61,4000,40.62,4900,40.619,1000
12553,0.75,0.17,0.58,4.55,11:35:04,40.6,7300,40.61,900,40.6011,200
12655,0.58,0.22,0.36,31.760000000000005,11:37:31,40.74,1000,40.75,1300,40.7423,1500
12673,0.44,0.07,0.37,41.77,11:37:41,40.73,800,40.74,300,40.7362,200
12687,0.58,0.08,0.5,49.55999999999999,11:37:49,40.73,400,40.74,800,40.7357,300
12705,0.5700000000000001,0.12,0.45,0.0,11:38:00,40.73,900,40.74,500,40.7325,100
12741,0.6000000000000001,0.14,0.46,32.2,11:38:32,40.75,800,40.76,700,40.7542,800
12747,0.6,0.21,0.39,36.050000000000004,11:38:36,40.75,700,40.76,500,40.7557,100
12759,0.58,0.09,0.49,43.830000000000005,11:38:43,40.75,800,40.76,700,40.751,4100
12769,0.59,0.08,0.51,49.83000000000002,11:38:49,40.75,800,40.76,500,40.7546,419
12799,3.9899999999999998,3.4,0.59,9.57,11:41:09,40.77,300,40.78,1000,40.7701,1750
12804,0.62,0.21,0.41,12.59,11:41:12,40.79,2600,40.8,1500,40.7993,100
12807,0.6,0.08,0.52,14.549999999999999,11:41:14,40.79,1200,40.8,1500,40.7954,490
12828,0.62,0.12,0.5,30.770000000000003,11:41:30,40.77,13500,40.78,1000,40.7778,1000
12840,0.6000000000000001,0.07,0.53,38.75000000000001,11:41:38,40.75,700,40.76,2600,40.759,1500
12909,3.11,2.79,0.32,18.75,11:42:18,40.76,800,40.77,2100,40.7662,300
12940,0.3,0.09,0.21,30.079999999999995,11:42:30,40.78,1500,40.79,1700,40.7775,300
12962,0.28,0.08,0.2,37.84999999999999,11:42:37,40.78,500,40.79,2000,40.783,1900
12981,0.41000000000000003,0.22,0.19,43.91999999999999,11:42:43,40.76,1500,40.77,100,40.7671,367
13004,0.39,0.19,0.2,51.790000000000006,11:42:51,40.76,800,40.77,1400,40.768,200
13040,0.25,0.08,0.17,4.4399999999999995,11:43:04,40.75,4800,40.76,1600,40.7561,200
13108,0.45,0.07,0.38,38.02000000000002,11:43:38,40.76,1100,40.77,200,40.7675,100
13142,84.78,84.59,0.19,0.0,11:45:00,40.8,600,40.81,2300,40.8056,100
13293,0.28,0.12,0.16,4.73,11:46:04,40.79,2700,40.8,1100,40.7949,337
13311,0.54,0.29,0.25,20.23,11:46:20,40.78,1600,40.79,2800,40.7868,5000
13316,0.38,0.21,0.17,22.060000000000002,11:46:22,40.78,1600,40.79,3200,40.7867,800
13516,0.45,0.23,0.22,37.38000000000001,11:47:37,40.78,700,40.79,2600,40.7885,100
13595,0.58,0.22,0.36,2.07,11:48:02,40.77,1300,40.78,2600,40.7756,100
13807,0.45,0.27,0.18,34.01,11:49:34,40.74,1000,40.75,2900,40.7414,2500
13820,0.37,0.17,0.2,38.07,11:49:38,40.74,300,40.75,3000,40.7467,100
13964,0.30000000000000004,0.13,0.17,36.01,11:50:36,40.7,9300,40.71,3600,40.7082,600
14001,0.33999999999999997,0.18,0.16,47.88,11:50:47,40.67,1500,40.68,1000,40.6742,4500
14049,0.36,0.14,0.22,3.7600000000000002,11:51:03,40.68,1300,40.69,4400,40.6892,2000
14127,0.26,0.07,0.19,39.7,11:51:39,40.68,1700,40.69,2200,40.6818,2500
14170,0.24000000000000002,0.07,0.17,53.730000000000025,11:51:53,40.67,1100,40.68,1100,40.6718,200
14244,0.44,0.24,0.2,23.940000000000005,11:52:23,40.69,1200,40.7,300,40.6982,200
14256,0.26,0.07,0.19,27.81000000000001,11:52:27,40.69,1100,40.7,500,40.692,200
14305,0.33999999999999997,0.18,0.16,44.00000000000001,11:52:44,40.7,1900,40.71,1000,40.7042,3478
14337,0.33999999999999997,0.13,0.21,53.68000000000001,11:52:53,40.71,2100,40.72,1600,40.7158,1500
14344,0.28,0.07,0.21,55.93000000000001,11:52:55,40.72,2800,40.73,1400,40.7285,100
14349,0.41000000000000003,0.19,0.22,0.0,11:53:00,40.73,1300,40.74,600,40.7372,1000
14361,0.42000000000000004,0.22,0.2,4.2,11:53:04,40.73,1200,40.74,900,40.7375,211
14416,0.33,0.14,0.19,31.75,11:53:31,40.75,2800,40.76,1700,40.7584,400
14493,0.55,0.21,0.34,58.30000000000005,11:53:58,40.78,800,40.79,1400,40.7844,1500
14505,0.39,0.21,0.18,0.39,11:54:00,40.78,1300,40.79,900,40.7801,2500
14526,0.25,0.07,0.18,14.639999999999997,11:54:14,40.77,800,40.78,800,40.7742,2500
14599,0.24000000000000002,0.07,0.17,38.37000000000002,11:54:38,40.77,1200,40.78,1400,40.7757,2500
14706,0.43000000000000005,0.2,0.23,28.320000000000007,11:55:28,40.8,1800,40.81,1700,40.809,400
14716,0.38,0.12,0.26,32.15000000000001,11:55:32,40.81,2000,40.82,1500,40.8156,1500
14727,0.32,0.12,0.2,36.290000000000006,11:55:36,40.81,800,40.82,3900,40.8184,100
14732,0.35,0.14,0.21,38.19000000000001,11:55:38,40.81,800,40.82,3900,40.8175,200
14770,0.28,0.07,0.21,52.26000000000002,11:55:52,40.8,1100,40.81,1800,40.806999999999995,1200
14799,0.25,0.07,0.18,0.86,11:56:00,40.8,1600,40.81,1900,40.8068,5000
14858,0.35,0.17,0.18,27.03000000000001,11:56:27,40.8,600,40.81,2600,40.8001,100
14906,0.44000000000000006,0.27,0.17,42.980000000000025,11:56:42,40.79,25300,40.8,1900,40.7956,100
14977,0.24000000000000002,0.07,0.17,13.850000000000001,11:57:13,40.8,2300,40.81,2500,40.8046,1000
14989,1.33,1.11,0.22,19.46,11:57:19,40.8,2300,40.81,2900,40.8087,1500
15083,0.37,0.17,0.2,52.16000000000002,11:57:52,40.79,25000,40.8,2400,40.792,137
15183,0.23,0.07,0.16,35.970000000000006,11:58:35,40.77,400,40.78,2500,40.7773,300
15318,0.27,0.07,0.2,31.580000000000016,11:59:31,40.81,700,40.82,1000,40.8117,8000
15336,0.41000000000000003,0.21,0.2,37.910000000000004,11:59:37,40.82,100,40.83,2200,40.8249,300
15381,0.27,0.08,0.19,53.57999999999999,11:59:53,40.84,2200,40.85,1900,40.842,400
15388,0.46,0.18,0.28,55.76999999999999,11:59:55,40.85,1800,40.86,500,40.858000000000004,200
15409,0.47000000000000003,0.2,0.27,4.090000000000001,12:00:04,40.87,900,40.88,2700,40.8775,100
15414,0.27,0.08,0.19,5.880000000000001,12:00:05,40.87,600,40.88,2700,40.8718,7000
15497,0.27,0.07,0.2,37.98,12:00:37,40.87,6800,40.88,1300,40.8732,2000
15504,0.38,0.2,0.18,39.88999999999999,12:00:39,40.87,6400,40.88,2000,40.871,600
15511,0.39,0.22,0.17,42.12999999999999,12:00:42,40.87,8100,40.88,2000,40.8798,1700
15528,0.36,0.2,0.16,47.94999999999999,12:00:47,40.87,7100,40.88,2300,40.8788,5000
15591,3.19,2.89,0.3,21.02,12:01:21,40.85,700,40.86,1700,40.851,150
15686,0.24000000000000002,0.07,0.17,49.81999999999999,12:01:49,40.85,1500,40.86,1000,40.8508,200
15727,3.92,3.68,0.24,0.0,12:02:00,40.85,1700,40.86,1500,40.852,113
15904,0.35,0.18,0.17,14.290000000000001,12:03:14,40.88,1600,40.89,500,40.8858,3000
15911,2.04,1.72,0.32,19.08,12:03:19,40.89,200,40.9,2500,40.8944,1000
15939,0.36,0.14,0.22,30.15,12:03:30,40.9,5400,40.91,5700,40.900999999999996,1000
15993,0.37,0.14,0.23,48.29000000000002,12:03:48,40.93,500,40.94,1300,40.9328,1800
16014,0.37,0.17,0.2,55.990000000000016,12:03:55,40.94,2800,40.95,25900,40.9444,100
16036,0.36,0.15,0.21,6.21,12:04:06,40.94,900,40.95,500,40.9424,3000
16063,0.27,0.08,0.19,22.12,12:04:22,40.91,900,40.92,600,40.918,200
16070,0.28,0.07,0.21,24.189999999999998,12:04:24,40.91,600,40.92,700,40.9156,300
16075,0.32,0.07,0.25,26.17,12:04:26,40.91,600,40.92,700,40.9137,400
16132,0.41000000000000003,0.21,0.2,46.08999999999999,12:04:46,40.89,500,40.9,3100,40.8925,200
16152,0.25,0.07,0.18,52.059999999999995,12:04:52,40.89,100,40.9,3300,40.8908,2000
16366,0.25,0.08,0.17,18.820000000000004,12:06:18,40.87,1900,40.88,1100,40.8772,617
16402,0.27,0.08,0.19,30.139999999999993,12:06:30,40.86,1700,40.87,1600,40.8657,700
16414,0.27,0.07,0.2,33.97,12:06:33,40.86,1600,40.87,1700,40.8654,200
16433,0.26,0.07,0.19,40.00999999999999,12:06:40,40.85,1300,40.86,700,40.8501,2000
16439,0.47000000000000003,0.27,0.2,42.33999999999999,12:06:42,40.85,1100,40.86,1500,40.8548,200
16466,0.28,0.07,0.21,51.98,12:06:51,40.83,2000,40.84,1700,40.8325,100
16510,0.24000000000000002,0.07,0.17,7.890000000000001,12:07:07,40.82,800,40.83,1400,40.8264,900
16515,0.24000000000000002,0.07,0.17,15.700000000000001,12:07:15,40.82,500,40.83,2600,40.823,600
16567,0.28,0.08,0.2,35.67000000000001,12:07:35,40.85,1400,40.86,800,40.8536,900
16608,0.27,0.07,0.2,49.63000000000003,12:07:49,40.85,800,40.86,900,40.853,500
16633,0.38,0.2,0.18,57.600000000000044,12:07:57,40.85,900,40.86,1900,40.8554,1000
16651,0.32,0.13,0.19,4.11,12:08:04,40.84,400,40.85,1700,40.8463,1000
16692,0.29,0.08,0.21,26.21999999999999,12:08:26,40.84,800,40.85,1600,40.8479,1400
16725,0.48,0.22,0.26,38.11999999999999,12:08:38,40.82,500,40.83,7300,40.829,230
16754,0.27,0.07,0.2,48.02000000000001,12:08:48,40.81,1600,40.82,1700,40.8142,119
16790,0.29000000000000004,0.07,0.22,1.77,12:09:01,40.81,400,40.82,3800,40.819,1000
16817,1.47,1.24,0.23,13.83,12:09:13,40.83,600,40.84,2400,40.8332,100
16836,0.25,0.07,0.18,21.78000000000001,12:09:21,40.83,600,40.84,2200,40.8334,5000
16880,0.28,0.12,0.16,35.610000000000014,12:09:35,40.83,500,40.84,2600,40.8333,4631
16921,0.55,0.24,0.31,48.1,12:09:48,40.82,2900,40.83,1400,40.8258,5000
16927,0.24000000000000002,0.07,0.17,49.690000000000005,12:09:49,40.82,2900,40.83,1500,40.8225,100
16977,1.57,1.33,0.24,14.63,12:10:14,40.81,1900,40.82,1000,40.814,500
17075,0.37,0.21,0.16,46.049999999999976,12:10:46,40.81,1400,40.82,1500,40.8133,1000
17185,0.35,0.17,0.18,21.830000000000002,12:11:21,40.8,700,40.81,1500,40.8027,3200
17219,0.31000000000000005,0.14,0.17,31.88,12:11:31,40.8,1300,40.81,1600,40.8025,100
17271,0.33999999999999997,0.18,0.16,48.06,12:11:48,40.8,1000,40.81,2400,40.8067,350
17276,0.32,0.16,0.16,50.0,12:11:50,40.8,1900,40.81,2400,40.8092,2100
17305,1.39,1.19,0.2,6.7,12:12:06,40.82,900,40.83,2400,40.8257,200
17379,0.23,0.07,0.16,37.85,12:12:37,40.8,1700,40.81,1000,40.8065,220
17434,0.3,0.09,0.21,56.0,12:12:56,40.79,1100,40.8,1100,40.7944,1300
17440,0.26,0.07,0.19,57.900000000000006,12:12:57,40.79,1100,40.8,1500,40.7953,1000
17513,0.25,0.07,0.18,34.040000000000006,12:13:34,40.79,300,40.8,3200,40.7966,1000
17585,0.44,0.26,0.18,56.12000000000001,12:13:56,40.8,400,40.81,3300,40.8085,155
17716,0.44999999999999996,0.21,0.24,47.82000000000003,12:14:47,40.82,2200,40.83,2100,40.8246,100
17972,0.27,0.07,0.2,25.000000000000014,12:16:25,40.81,900,40.82,1500,40.8166,100
17978,0.48,0.25,0.23,27.010000000000016,12:16:27,40.81,900,40.82,1500,40.8154,1500
18033,0.32,0.12,0.2,45.150000000000034,12:16:45,40.8,1300,40.81,900,40.8058,100
18061,0.36,0.19,0.17,2.9799999999999995,12:17:02,40.81,2500,40.82,1600,40.8128,200
18176,0.36,0.2,0.16,47.98999999999998,12:17:47,40.85,1300,40.86,600,40.8592,100
18228,0.37,0.21,0.16,4.08,12:18:04,40.84,1000,40.85,1900,40.8457,1500
18246,1.38,1.13,0.25,15.29,12:18:15,40.83,700,40.84,1100,40.8335,1000
18263,0.25,0.08,0.17,22.02,12:18:22,40.83,1200,40.84,1200,40.8328,300
18464,0.24000000000000002,0.07,0.17,33.940000000000005,12:19:33,40.85,30500,40.86,12300,40.8566,1200
18575,2.69,2.37,0.32,15.69,12:20:15,40.85,900,40.86,12300,40.8551,300
18622,0.4,0.21,0.19,34.279999999999994,12:20:34,40.85,900,40.86,12800,40.8544,200
18628,0.28,0.07,0.21,35.88999999999999,12:20:35,40.85,900,40.86,12700,40.8507,4000
18678,0.29000000000000004,0.07,0.22,52.099999999999994,12:20:52,40.88,1300,40.89,900,40.8834,200
18718,0.36,0.18,0.18,0.0,12:21:00,40.89,800,40.9,1700,40.8993,900
18726,0.39,0.23,0.16,3.8900000000000006,12:21:03,40.87,1300,40.88,600,40.8769,3000
18730,1.3,1.12,0.18,6.450000000000001,12:21:06,40.87,1100,40.88,500,40.8711,2100
18785,0.37,0.15,0.22,29.89999999999999,12:21:29,40.86,800,40.87,1300,40.8693,200
18849,0.33999999999999997,0.1,0.24,0.0,12:22:00,40.85,700,40.86,800,40.8527,500
18924,0.4,0.21,0.19,34.22,12:22:34,40.84,1100,40.85,1500,40.8441,1200
18972,0.29000000000000004,0.07,0.22,49.94,12:22:49,40.84,1200,40.85,1300,40.847,264
18983,0.28,0.09,0.19,53.93,12:22:53,40.84,1100,40.85,1300,40.8485,300
19041,0.28,0.07,0.21,21.770000000000003,12:23:21,40.84,2200,40.85,2800,40.8465,160
19042,0.26,0.07,0.19,22.030000000000005,12:23:22,40.84,2100,40.85,2500,40.8423,100
19121,0.43000000000000005,0.23,0.2,49.70000000000001,12:23:49,40.85,500,40.86,1700,40.8505,2500
19202,0.29000000000000004,0.09,0.2,17.88,12:24:17,40.84,1100,40.85,1200,40.8473,6000
19303,0.59,0.08,0.51,1.83,12:25:01,40.85,600,40.86,2400,40.8532,200
19319,2.81,2.41,0.4,16.529999999999998,12:25:16,40.85,1000,40.86,2600,40.8556,450
19322,0.56,0.12,0.44,17.879999999999995,12:25:17,40.85,1000,40.86,2600,40.8563,639
19421,0.47,0.23,0.24,55.849999999999994,12:25:55,40.87,1600,40.88,1700,40.8773,6000
19427,0.27,0.08,0.19,0.0,12:26:00,40.87,1600,40.88,1600,40.873000000000005,100
19453,0.29,0.08,0.21,15.859999999999998,12:26:15,40.87,2100,40.88,2100,40.879,6000
19462,0.28,0.07,0.21,20.02,12:26:20,40.86,1000,40.87,1200,40.8669,5000
19475,0.38,0.14,0.24,25.95,12:26:25,40.86,1000,40.87,800,40.8643,250
19486,0.28,0.07,0.21,29.830000000000002,12:26:29,40.86,1000,40.87,1400,40.8623,2300
19578,0.47,0.23,0.24,0.0,12:27:00,40.85,1000,40.86,2500,40.8511,190
19757,3.4000000000000004,3.2,0.2,15.900000000000004,12:28:15,40.86,1100,40.87,1600,40.8647,1000
19814,0.37,0.18,0.19,35.930000000000014,12:28:35,40.86,1600,40.87,1600,40.8685,200
19882,0.41000000000000003,0.24,0.17,0.41000000000000003,12:29:00,40.85,1200,40.86,800,40.8513,2875
19945,0.41000000000000003,0.2,0.21,26.219999999999995,12:29:26,40.83,4600,40.84,2600,40.8308,100
19973,0.27,0.07,0.2,36.26,12:29:36,40.83,4700,40.84,3300,40.830999999999996,200
20005,0.26,0.07,0.19,48.15999999999999,12:29:48,40.85,1300,40.86,1500,40.8523,650
20023,0.27,0.07,0.2,54.13000000000001,12:29:54,40.84,2900,40.85,1100,40.8458,3000
20178,0.33,0.07,0.26,55.830000000000005,12:30:55,40.85,1100,40.86,700,40.854,500
20207,0.33,0.14,0.19,1.98,12:31:01,40.85,1200,40.86,1700,40.8537,500
20416,0.27,0.08,0.19,33.820000000000014,12:32:33,40.86,11800,40.87,1400,40.8632,100
20453,0.24000000000000002,0.07,0.17,45.93000000000003,12:32:45,40.84,1100,40.85,1200,40.8498,2300
20637,0.42,0.21,0.21,2.12,12:34:02,40.81,1200,40.82,3300,40.817,1000
20683,0.35,0.17,0.18,23.880000000000003,12:34:23,40.85,1200,40.86,1200,40.8558,800
20807,0.36,0.18,0.18,2.01,12:35:02,40.89,700,40.9,6600,40.8923,1300
20812,0.35,0.17,0.18,3.77,12:35:03,40.89,700,40.9,7000,40.8953,1000
21023,0.32,0.15,0.17,30.069999999999997,12:36:30,40.85,600,40.86,2500,40.8585,1000
21089,0.44000000000000006,0.27,0.17,50.21999999999999,12:36:50,40.85,800,40.86,2100,40.8576,300
21121,0.34,0.14,0.2,0.0,12:37:00,40.85,200,40.86,2900,40.8534,600
21325,0.6100000000000001,0.27,0.34,24.03000000000001,12:38:24,40.84,800,40.85,1400,40.8468,3000
21331,0.27,0.08,0.19,25.870000000000005,12:38:25,40.84,700,40.85,1400,40.8466,1000
21513,0.35,0.18,0.17,18.210000000000004,12:40:18,40.84,700,40.85,1000,40.843,200
22004,0.45999999999999996,0.29,0.17,52.16000000000001,12:45:52,40.84,1400,40.85,2300,40.8426,150
22053,0.44,0.2,0.24,16.94,12:46:16,40.84,2200,40.85,4000,40.8454,400
22272,0.26,0.07,0.19,47.82000000000003,12:47:47,40.84,2900,40.85,4800,40.8456,180
22551,0.35,0.13,0.22,34.88,12:49:34,40.8,2600,40.81,5200,40.8054,139
22565,0.33,0.14,0.19,40.96000000000001,12:49:40,40.79,700,40.8,3100,40.7922,3000
22592,0.39,0.19,0.2,50.980000000000004,12:49:50,40.79,3500,40.8,5600,40.7911,100
22635,0.42000000000000004,0.26,0.16,10.020000000000001,12:50:10,40.78,900,40.79,4800,40.7811,260
22688,0.33,0.14,0.19,34.09000000000002,12:50:34,40.81,900,40.82,1400,40.8123,3000
22724,0.4,0.18,0.22,45.84000000000004,12:50:45,40.8,900,40.81,900,40.8075,3000
22926,0.37,0.21,0.16,54.19000000000002,12:51:54,40.78,800,40.79,1900,40.7866,800
23108,0.31000000000000005,0.14,0.17,0.0,12:53:00,40.82,1900,40.83,1300,40.8199,100
23143,0.53,0.23,0.3,20.680000000000003,12:53:20,40.82,1200,40.83,2000,40.8235,300
23335,0.27,0.07,0.2,39.80000000000002,12:54:39,40.76,600,40.77,2100,40.7652,2900
23376,0.44999999999999996,0.21,0.24,53.86000000000004,12:54:53,40.76,800,40.77,2400,40.7646,300
23414,1.96,1.76,0.2,0.0,12:55:00,40.78,1100,40.79,1600,40.7853,290
23501,0.36,0.19,0.17,32.269999999999975,12:55:32,40.78,2300,40.79,3300,40.7827,5000
23672,0.25,0.08,0.17,46.089999999999975,12:56:46,40.78,1100,40.79,3200,40.7872,7200
23797,0.24,0.08,0.16,42.03999999999999,12:57:42,40.75,1200,40.76,1800,40.7572,500
23843,0.36,0.2,0.16,56.059999999999974,12:57:56,40.73,1300,40.74,3500,40.7332,3000
23900,0.39,0.21,0.18,18.380000000000003,12:58:18,40.72,500,40.73,2100,40.729,1000
23973,0.24,0.08,0.16,41.90999999999997,12:58:41,40.75,2000,40.76,700,40.753,100
24019,0.42000000000000004,0.22,0.2,0.0,13:00:00,40.75,1800,40.76,1700,40.7599,206
24023,0.30000000000000004,0.07,0.23,1.5000000000000002,13:00:01,40.75,1800,40.76,2000,40.7597,100
24058,0.32,0.14,0.18,13.259999999999996,13:00:13,40.75,800,40.76,1000,40.7525,100
24216,0.38,0.2,0.18,41.71999999999998,13:01:41,40.74,1200,40.75,1500,40.7469,100
24292,0.31,0.15,0.16,3.85,13:02:03,40.75,1400,40.76,1700,40.7534,1000
24293,3.39,3.22,0.17,7.24,13:02:07,40.75,1400,40.76,1700,40.7554,200
24375,0.25,0.08,0.17,37.85999999999998,13:02:37,40.73,1800,40.74,1600,40.7358,200
24442,0.25,0.08,0.17,4.01,13:03:04,40.71,1600,40.72,1600,40.7144,170
24453,0.53,0.26,0.27,15.99,13:03:15,40.73,600,40.74,2300,40.733000000000004,5000
24481,0.33,0.14,0.19,27.88,13:03:27,40.72,1700,40.73,1700,40.7215,5000
24547,0.26,0.09,0.17,48.98000000000001,13:03:48,40.72,2500,40.73,2600,40.7201,5000
24604,0.41000000000000003,0.24,0.17,4.42,13:04:04,40.7,3700,40.71,2300,40.7018,2500
24667,0.24000000000000002,0.07,0.17,32.24000000000001,13:04:32,40.67,4100,40.68,1200,40.671,180
24710,0.31,0.07,0.24,46.18000000000002,13:04:46,40.69,4600,40.7,1100,40.7001,100
24719,0.4,0.21,0.19,49.33000000000003,13:04:49,40.69,5100,40.7,1100,40.6968,7000
24728,0.38,0.2,0.18,52.070000000000036,13:04:52,40.69,5300,40.7,1200,40.6996,120
24774,0.23,0.07,0.16,19.92,13:05:19,40.71,2800,40.72,2400,40.7099,100
24791,0.30000000000000004,0.14,0.16,25.94,13:05:25,40.71,2700,40.72,900,40.7113,100
24947,0.28,0.08,0.2,18.020000000000003,13:09:18,40.68,4300,40.69,2600,40.686,1000
24961,0.26,0.07,0.19,23.810000000000002,13:09:23,40.68,4300,40.69,2400,40.6893,400
24974,0.48,0.26,0.22,28.020000000000007,13:09:28,40.68,4300,40.69,2700,40.6834,1592
25061,0.36,0.17,0.19,57.83000000000003,13:09:57,40.65,10600,40.66,2400,40.6501,200
25075,0.4,0.13,0.27,0.0,13:10:00,40.65,10700,40.66,2400,40.6541,258
25199,0.36,0.18,0.18,51.83,13:10:51,40.68,1200,40.69,2600,40.6858,2400
25229,0.37,0.07,0.3,6.09,13:11:06,40.68,600,40.69,3500,40.6866,2000
25298,0.5800000000000001,0.27,0.31,44.319999999999986,13:11:44,40.67,1300,40.68,1300,40.6799,7000
25308,0.43999999999999995,0.09,0.35,49.02999999999997,13:11:49,40.67,1600,40.68,2000,40.6746,950
25349,0.5900000000000001,0.27,0.32,10.28,13:12:10,40.68,1800,40.69,3100,40.6828,624
25362,0.41000000000000003,0.18,0.23,21.91,13:12:21,40.72,2100,40.73,1500,40.7282,2000
25449,0.58,0.09,0.49,55.94000000000001,13:12:55,40.74,2000,40.75,1300,40.7468,200
25469,1.05,0.59,0.46,8.610000000000001,13:13:08,40.7,1900,40.71,1700,40.7091,4000
25477,0.57,0.08,0.49,16.32,13:13:16,40.7,1400,40.71,1100,40.7062,836
25484,0.59,0.24,0.35,22.139999999999997,13:13:22,40.68,2900,40.69,1800,40.6868,1227
25532,0.44,0.08,0.36,50.17000000000001,13:13:50,40.64,1200,40.65,1500,40.6428,500
25558,3.7600000000000002,3.33,0.43,11.73,13:14:11,40.65,3300,40.66,1700,40.659,2000
25569,0.6,0.18,0.42,20.170000000000005,13:14:20,40.65,6100,40.66,1700,40.6559,1700
25641,0.74,0.11,0.63,2.34,13:15:02,40.67,1400,40.68,600,40.6725,100
25695,0.43,0.08,0.35,40.19,13:15:40,40.66,5100,40.67,1400,40.6609,500
25733,3.64,3.18,0.46,6.02,13:16:06,40.67,2000,40.68,1600,40.6765,223
25791,0.55,0.07,0.48,49.90000000000002,13:16:49,40.68,800,40.69,1900,40.6833,1000
25816,0.5800000000000001,0.27,0.31,12.77,13:17:12,40.67,1000,40.68,1300,40.6748,100
25920,0.42000000000000004,0.14,0.28,26.17,13:18:26,40.66,2800,40.67,3800,40.6693,100
25958,0.5800000000000001,0.18,0.4,45.95000000000002,13:18:45,40.66,2500,40.67,3800,40.6647,100
25989,0.41000000000000003,0.09,0.32,2.41,13:19:02,40.65,4100,40.66,3300,40.653,1500
26017,0.57,0.08,0.49,27.410000000000004,13:19:27,40.62,900,40.63,2700,40.6237,500
26076,0.5599999999999999,0.08,0.48,0.0,13:20:00,40.66,1200,40.67,1400,40.669000000000004,2000
26081,0.44,0.08,0.36,2.83,13:20:02,40.66,1400,40.67,1400,40.6606,200
26097,1.2000000000000002,0.4,0.8,20.779999999999998,13:20:20,40.65,1200,40.66,1400,40.6575,100
26099,0.6,0.24,0.36,22.02,13:20:22,40.65,1100,40.66,2300,40.6558,750
26108,0.44,0.07,0.37,27.63,13:20:27,40.65,1100,40.66,1400,40.6538,197
26159,0.42,0.07,0.35,57.37000000000002,13:20:57,40.65,1300,40.66,2200,40.6557,200
26219,0.6,0.16,0.44,43.81000000000001,13:21:43,40.65,1900,40.66,3300,40.6566,1000
26232,0.45,0.13,0.32,51.460000000000015,13:21:51,40.63,1200,40.64,1400,40.6369,372
26244,0.5800000000000001,0.07,0.51,58.040000000000006,13:21:58,40.63,1000,40.64,2400,40.639,100
26261,0.44,0.07,0.37,4.04,13:22:04,40.64,1200,40.65,1800,40.648,190
26280,0.61,0.08,0.53,18.270000000000003,13:22:18,40.64,900,40.65,4400,40.6485,100
26321,0.5499999999999999,0.08,0.47,40.45000000000002,13:22:40,40.64,600,40.65,3700,40.6466,200
26364,3.4000000000000004,2.66,0.74,10.41,13:23:10,40.63,1600,40.64,1500,40.6368,500
26487,0.47000000000000003,0.13,0.34,42.230000000000004,13:24:42,40.64,1100,40.65,500,40.6433,161
26550,1.1700000000000002,0.1,1.07,3.1799999999999997,13:26:03,40.65,2400,40.66,2000,40.6585,333
26563,1.39,0.18,1.21,19.57,13:26:19,40.65,2200,40.66,2900,40.6595,1000
26565,1.19,0.21,0.98,21.770000000000003,13:26:21,40.65,1700,40.66,2900,40.6584,338
26589,1.01,0.18,0.83,47.390000000000015,13:26:47,40.64,2900,40.65,2400,40.6448,1000
26626,1.21,0.08,1.13,34.82000000000001,13:27:34,40.65,1600,40.66,1800,40.6592,2000
26627,1.01,0.07,0.94,35.830000000000005,13:27:35,40.66,1200,40.67,1800,40.6638,4606
26645,1.3699999999999999,0.16,1.21,56.390000000000015,13:27:56,40.66,1900,40.67,3500,40.6641,500
26655,1.21,0.18,1.03,7.81,13:28:07,40.67,1300,40.68,800,40.678000000000004,100
26667,1.1900000000000002,0.08,1.11,22.17,13:28:22,40.68,1400,40.69,1600,40.681,1300
26673,1.02,0.13,0.89,29.01,13:28:29,40.68,1700,40.69,1700,40.6854,500
26685,1.3900000000000001,0.08,1.31,43.04000000000002,13:28:43,40.68,1600,40.69,1500,40.688,1400
26693,1.38,0.23,1.15,53.24000000000003,13:28:53,40.68,1700,40.69,1700,40.6846,1022
26714,1.24,0.27,0.97,33.620000000000005,13:29:33,40.66,1400,40.67,1000,40.6657,100
26721,1.3900000000000001,0.07,1.32,42.38,13:29:42,40.67,2000,40.68,1200,40.6773,170
26747,1.4000000000000001,0.08,1.32,12.6,13:30:12,40.68,1500,40.69,2000,40.6886,500
26753,1.01,0.07,0.94,20.01,13:30:20,40.68,1900,40.69,2300,40.6856,300
26759,1.3900000000000001,0.07,1.32,28.380000000000003,13:30:28,40.67,1000,40.68,1000,40.6767,447
26768,1.21,0.12,1.09,39.61000000000001,13:30:39,40.67,1500,40.68,1500,40.6784,400
26776,1.2,0.07,1.13,49.98000000000001,13:30:49,40.67,1600,40.68,1600,40.676,100
26779,1.19,0.3,0.89,53.60000000000001,13:30:53,40.67,1500,40.68,1900,40.677,375
26796,1.38,0.2,1.18,14.59,13:31:14,40.66,2200,40.67,3100,40.6667,100
26859,1.3800000000000001,0.07,1.31,42.99,13:32:42,40.69,1300,40.7,2000,40.6964,500
26880,1.1900000000000002,0.07,1.12,14.6,13:33:14,40.69,2200,40.7,3900,40.6942,500
26888,1.41,0.18,1.23,25.82,13:33:25,40.69,5200,40.7,3600,40.6987,100
26925,1.22,0.07,1.15,17.82,13:34:17,40.67,1500,40.68,800,40.672,2000
26976,1.0,0.08,0.92,21.389999999999997,13:35:21,40.67,500,40.68,3200,40.6736,1000
27009,1.3900000000000001,0.14,1.25,5.390000000000001,13:36:05,40.67,1700,40.68,3400,40.6785,100
27027,1.39,0.2,1.19,28.99,13:36:28,40.67,6100,40.68,3700,40.6786,100
27088,1.59,0.27,1.32,38.780000000000015,13:37:38,40.66,2400,40.67,1700,40.6636,1800
27157,3.77,2.93,0.84,11.399999999999999,13:39:11,40.66,4100,40.67,1600,40.6646,430
27207,1.1800000000000002,0.08,1.1,3.4000000000000004,13:40:03,40.66,4400,40.67,2900,40.6666,300
27214,2.21,1.56,0.65,4.41,13:41:04,40.66,4700,40.67,4800,40.6626,5000
27219,1.02,0.07,0.95,9.020000000000001,13:41:09,40.66,4600,40.67,4600,40.6648,100
27290,1.23,0.17,1.06,48.199999999999996,13:42:48,40.66,2600,40.67,5700,40.668,370
27304,1.03,0.18,0.85,7.590000000000001,13:43:07,40.66,2500,40.67,6300,40.6665,200
27381,1.19,0.21,0.98,29.979999999999997,13:44:29,40.69,3100,40.7,800,40.6973,200
27383,1.41,0.28,1.13,32.4,13:44:32,40.69,3100,40.7,700,40.6934,340
27503,1.82,0.91,0.91,3.0300000000000002,13:47:03,40.66,1400,40.67,2300,40.6634,1000
27539,1.1900000000000002,0.07,1.12,49.389999999999986,13:47:49,40.69,2300,40.7,1100,40.6905,5000
27546,1.2000000000000002,0.08,1.12,0.0,13:48:00,40.69,1600,40.7,3900,40.6916,400
27593,0.98,0.09,0.89,51.35999999999999,13:48:51,40.65,1100,40.66,2400,40.658,200
27703,1.03,0.07,0.96,51.62999999999999,13:50:51,40.65,3200,40.66,2800,40.657,500
27800,1.0,0.28,0.72,47.379999999999995,13:52:47,40.66,1600,40.67,3900,40.6642,350
27818,0.83,0.08,0.75,5.0,13:53:05,40.61,800,40.62,2100,40.617,5000
27872,1.2,0.2,1.0,0.0,13:54:00,40.63,1100,40.64,1400,40.6361,100
27904,0.99,0.07,0.92,37.809999999999995,13:54:37,40.61,500,40.62,3100,40.6151,400
27911,0.82,0.08,0.74,44.809999999999995,13:54:44,40.6,7700,40.61,1500,40.605,100
27914,0.81,0.07,0.74,47.41,13:54:47,40.6,7200,40.61,2400,40.6044,150
27923,1.4000000000000001,0.08,1.32,0.0,13:55:00,40.6,10200,40.61,1700,40.6054,1000
27924,1.4,0.22,1.18,1.4,13:55:01,40.6,10200,40.61,1500,40.601,2033
27926,1.1900000000000002,0.07,1.12,3.9800000000000004,13:55:03,40.61,800,40.62,3800,40.6099,100
27933,1.4,0.15,1.25,14.179999999999998,13:55:14,40.61,800,40.62,2700,40.6133,300
27939,1.4,0.12,1.28,22.799999999999994,13:55:22,40.6,10700,40.61,500,40.6158,900
27948,1.2,0.18,1.02,33.8,13:55:33,40.6,10200,40.61,1100,40.6066,1600
27961,1.2000000000000002,0.08,1.12,49.42,13:55:49,40.61,1000,40.62,2800,40.6157,2500
27969,1.3900000000000001,0.07,1.32,0.0,13:56:00,40.61,1100,40.62,2800,40.6194,100
27979,1.18,0.22,0.96,12.780000000000001,13:56:12,40.6,8500,40.61,2500,40.609,100
28006,0.82,0.13,0.69,39.98,13:56:39,40.57,1100,40.58,1700,40.5744,500
28021,0.98,0.07,0.91,53.56999999999999,13:56:53,40.55,4000,40.56,2800,40.5542,1800
28030,0.98,0.24,0.74,1.79,13:57:01,40.55,4800,40.56,900,40.5563,2500
28053,0.8200000000000001,0.07,0.75,32.18,13:57:32,40.54,3600,40.55,2600,40.5447,970
28073,0.8099999999999999,0.11,0.7,51.97,13:57:51,40.54,2700,40.55,3200,40.548,1000
28088,1.01,0.17,0.84,11.41,13:58:11,40.53,1100,40.54,2400,40.5301,400
28120,1.02,0.07,0.95,54.36000000000003,13:58:54,40.52,2800,40.53,3700,40.5299,100
28122,1.18,0.18,1.0,56.730000000000025,13:58:56,40.52,2900,40.53,3700,40.5256,1000
28131,1.2,0.07,1.13,10.389999999999999,13:59:10,40.52,1300,40.53,3700,40.5246,500
28132,1.41,0.27,1.14,11.799999999999999,13:59:11,40.52,1300,40.53,3700,40.529,2500
28134,1.2000000000000002,0.09,1.11,14.399999999999999,13:59:14,40.52,1500,40.53,3800,40.5267,1000
28141,1.1900000000000002,0.08,1.11,22.990000000000006,13:59:22,40.51,10400,40.52,3000,40.5136,1000
28142,1.02,0.09,0.93,24.010000000000005,13:59:24,40.51,10000,40.52,2900,40.5101,200
28159,1.19,0.18,1.01,44.760000000000005,13:59:44,40.51,3200,40.52,300,40.5167,1000
28171,0.98,0.08,0.9,57.76,13:59:57,40.51,3100,40.52,3200,40.5185,1800
28172,0.81,0.07,0.74,58.57,13:59:58,40.51,3100,40.52,3200,40.5156,6000
28174,1.4000000000000001,0.07,1.33,0.0,14:00:00,40.51,3100,40.52,3300,40.5166,5000
28175,1.02,0.08,0.94,1.02,14:00:01,40.48,2400,40.49,8400,40.4834,300
28182,2.2199999999999998,1.17,1.05,13.010000000000002,14:00:13,40.49,500,40.5,700,40.4934,1000
28189,0.98,0.08,0.9,21.98,14:00:21,40.51,1500,40.52,800,40.5132,4000
28213,0.8200000000000001,0.17,0.65,47.01,14:00:47,40.52,1400,40.53,1800,40.528,100
28229,2.23,1.28,0.95,6.8100000000000005,14:01:06,40.52,2300,40.53,2400,40.5253,493
28276,1.39,0.2,1.19,1.39,14:02:01,40.52,2900,40.53,4600,40.523,765
28317,1.02,0.07,0.95,50.57999999999999,14:02:50,40.54,1300,40.55,2600,40.5407,200
28318,1.02,0.18,0.84,51.599999999999994,14:02:51,40.54,1300,40.55,2600,40.5454,3000
28334,1.1800000000000002,0.07,1.11,14.2,14:03:14,40.53,4700,40.54,3700,40.5354,320
28359,1.21,0.24,0.97,44.04,14:03:44,40.51,4000,40.52,2200,40.5143,5000
28365,1.4000000000000001,0.09,1.31,51.029999999999994,14:03:51,40.52,3500,40.53,1700,40.5227,174
28376,1.3900000000000001,0.37,1.02,5.789999999999999,14:04:05,40.51,4500,40.52,1100,40.5135,1000
28409,0.82,0.09,0.73,45.78000000000001,14:04:45,40.56,1700,40.57,1000,40.5663,1000
28419,1.0,0.19,0.81,55.17000000000001,14:04:55,40.57,1300,40.58,1700,40.579,500
28424,0.81,0.16,0.65,0.0,14:05:00,40.57,1300,40.58,1400,40.5764,1000
28468,1.1600000000000001,0.23,0.93,58.53999999999999,14:05:58,40.52,1500,40.53,1200,40.5266,3000
28474,1.2000000000000002,0.08,1.12,3.99,14:06:03,40.52,700,40.53,2800,40.5215,300
28515,0.8200000000000001,0.07,0.75,53.190000000000005,14:06:53,40.53,1600,40.54,900,40.5346,110
28519,1.22,0.08,1.14,0.0,14:07:00,40.53,1900,40.54,1200,40.5322,1493
28521,1.1800000000000002,0.08,1.1,2.38,14:07:02,40.53,2700,40.54,900,40.5335,1654
28534,1.21,0.18,1.03,24.029999999999998,14:07:24,40.54,800,40.55,4200,40.5433,300
28540,1.2,0.23,0.97,31.81,14:07:31,40.54,1800,40.55,2200,40.5467,100
28563,1.3800000000000001,0.07,1.31,0.0,14:08:00,40.57,2300,40.58,1400,40.5767,1500
28565,0.8099999999999999,0.09,0.72,1.81,14:08:01,40.57,1300,40.58,1300,40.5746,110
28577,1.5899999999999999,0.57,1.02,21.19,14:08:21,40.59,1700,40.6,1000,40.5901,6000
28583,0.97,0.08,0.89,27.990000000000002,14:08:27,40.58,600,40.59,2500,40.5812,2500
28595,0.98,0.24,0.74,41.199999999999996,14:08:41,40.58,1300,40.59,2400,40.5858,900
28608,0.8300000000000001,0.18,0.65,53.59,14:08:53,40.58,1900,40.59,1500,40.5867,100
28616,1.03,0.07,0.96,0.0,14:09:00,40.57,1300,40.58,1100,40.5799,100
28652,1.2100000000000002,0.09,1.12,41.96,14:09:41,40.58,900,40.59,2300,40.5843,1000
28656,1.3800000000000001,0.07,1.31,47.14000000000001,14:09:47,40.58,1000,40.59,2300,40.5899,100
28670,1.23,0.07,1.16,3.9899999999999998,14:10:03,40.56,3900,40.57,3000,40.5646,100
28688,1.2000000000000002,0.08,1.12,27.779999999999998,14:10:27,40.57,2000,40.58,3100,40.5736,1450
28699,6.01,5.05,0.96,44.98999999999999,14:10:44,40.58,1700,40.59,1400,40.5825,100
28704,0.81,0.17,0.64,49.40999999999999,14:10:49,40.58,1500,40.59,2200,40.5855,200
28709,1.2,0.21,0.99,54.589999999999996,14:10:54,40.58,1500,40.59,2000,40.5853,263
28717,1.0,0.07,0.93,3.2199999999999998,14:11:03,40.59,1600,40.6,500,40.592,200
28728,2.01,1.2,0.81,21.42,14:11:21,40.59,1300,40.6,1700,40.5935,223
28750,0.82,0.08,0.74,41.01,14:11:41,40.58,1300,40.59,2100,40.5835,500
28784,2.39,1.74,0.65,16.8,14:12:16,40.59,1000,40.6,2300,40.5958,400
28834,0.82,0.09,0.73,3.7899999999999996,14:13:03,40.62,1400,40.63,1200,40.6256,120
28839,0.8200000000000001,0.07,0.75,8.38,14:13:08,40.63,1600,40.64,600,40.6358,2000
28870,0.98,0.07,0.91,42.37,14:13:42,40.61,600,40.62,1400,40.6155,100
28883,0.8099999999999999,0.09,0.72,53.97,14:13:53,40.61,700,40.62,3100,40.6165,1000
28901,3.58,2.89,0.69,16.01,14:14:16,40.61,1400,40.62,2100,40.6192,100
28903,0.98,0.29,0.69,17.8,14:14:17,40.61,1400,40.62,2100,40.6181,147
28908,0.8099999999999999,0.08,0.73,22.409999999999997,14:14:22,40.64,500,40.65,3300,40.6467,900
28912,0.97,0.08,0.89,25.98999999999999,14:14:25,40.63,1700,40.64,700,40.6336,1000
28932,1.0,0.08,0.92,46.01,14:14:46,40.64,900,40.65,600,40.641,300
28951,0.8200000000000001,0.07,0.75,14.030000000000001,14:15:14,40.65,600,40.66,1300,40.6564,900
29093,1.0,0.07,0.93,53.58999999999999,14:17:53,40.6,900,40.61,2700,40.6014,200
29108,1.3699999999999999,0.24,1.13,7.78,14:18:07,40.62,900,40.63,1800,40.6235,399
29141,0.81,0.07,0.74,45.81000000000001,14:18:45,40.63,1200,40.64,3200,40.6366,400
29159,1.0,0.24,0.76,2.0,14:19:02,40.62,1000,40.63,3300,40.6246,850
29168,1.1800000000000002,0.09,1.09,14.4,14:19:14,40.62,1000,40.63,2800,40.6234,300
29169,1.02,0.19,0.83,15.42,14:19:15,40.62,1000,40.63,2900,40.6285,3000
29232,1.42,0.12,1.3,25.0,14:20:25,40.58,3200,40.59,3800,40.582,100
29418,0.58,0.1,0.48,30.060000000000002,14:22:30,40.57,800,40.58,2400,40.5713,1000
29421,0.57,0.08,0.49,31.660000000000004,14:22:31,40.57,400,40.58,2500,40.5735,267
29425,0.5900000000000001,0.27,0.32,33.90000000000001,14:22:33,40.57,800,40.58,2500,40.577,1000
29463,0.42,0.07,0.35,53.650000000000034,14:22:53,40.57,1600,40.58,2100,40.5765,1200
29471,0.5900000000000001,0.2,0.39,57.830000000000034,14:22:57,40.57,700,40.58,2700,40.5775,200
29488,0.44,0.07,0.37,10.62,14:23:10,40.58,1800,40.59,3100,40.580999999999996,1400
29508,0.43,0.08,0.35,23.6,14:23:23,40.58,700,40.59,4700,40.584,600
29579,0.5700000000000001,0.07,0.5,2.37,14:24:02,40.59,1200,40.6,1900,40.591,450
29662,0.6000000000000001,0.07,0.53,58.020000000000024,14:24:58,40.66,2100,40.67,600,40.6663,1316
29671,0.76,0.18,0.58,3.6100000000000003,14:25:03,40.67,600,40.68,1000,40.6754,1900
29685,0.42,0.07,0.35,21.240000000000002,14:25:21,40.65,1000,40.66,1200,40.6555,200
29727,0.76,0.1,0.66,48.01000000000001,14:25:48,40.65,3000,40.66,1500,40.6537,1000
29758,2.4000000000000004,1.85,0.55,15.54,14:26:15,40.62,6000,40.63,900,40.6293,1701
29762,2.6,2.22,0.38,19.97,14:26:19,40.62,6200,40.63,2200,40.6226,200
29797,0.6,0.18,0.42,41.330000000000005,14:26:41,40.63,800,40.64,1900,40.6354,300
29809,0.58,0.08,0.5,47.720000000000006,14:26:47,40.63,900,40.64,2100,40.6392,100
29833,0.61,0.08,0.53,0.0,14:27:00,40.63,2100,40.64,1700,40.633,3000
29916,0.6,0.12,0.48,52.16000000000001,14:27:52,40.67,2100,40.68,2200,40.6793,400
29951,0.74,0.14,0.6,23.959999999999997,14:28:23,40.65,2100,40.66,1500,40.6529,1000
29961,0.78,0.18,0.6,30.360000000000003,14:28:30,40.65,800,40.66,1200,40.6543,1000
30199,0.5800000000000001,0.07,0.51,7.72,14:31:07,40.62,1300,40.63,1500,40.6266,2000
30343,0.8300000000000001,0.18,0.65,44.22000000000001,14:32:44,40.61,800,40.62,2700,40.6168,100
30379,0.81,0.14,0.67,16.0,14:33:16,40.6,700,40.61,2900,40.6057,2400
30667,0.77,0.2,0.57,43.58000000000001,14:38:43,40.59,6600,40.6,4100,40.5977,3000
30683,0.5900000000000001,0.07,0.52,54.58000000000002,14:38:54,40.59,6600,40.6,4400,40.5932,225
30690,0.5700000000000001,0.13,0.44,1.0,14:39:01,40.59,5400,40.6,4500,40.5946,150
30775,0.75,0.25,0.5,57.940000000000026,14:39:57,40.59,2300,40.6,2100,40.5965,1000
30816,0.79,0.23,0.56,31.649999999999995,14:40:31,40.59,2400,40.6,2300,40.5957,250
30831,0.81,0.07,0.74,42.089999999999996,14:40:42,40.59,5500,40.6,2200,40.5963,500
30876,1.04,0.51,0.53,14.61,14:41:14,40.59,5700,40.6,3400,40.5927,1200
30906,0.7699999999999999,0.08,0.69,37.90999999999999,14:41:37,40.57,2400,40.58,1200,40.5792,200
30949,0.5900000000000001,0.07,0.52,12.19,14:42:12,40.57,1700,40.58,3800,40.5733,1215
30983,0.6,0.08,0.52,37.99,14:42:37,40.59,2200,40.6,1200,40.5934,243
31032,0.57,0.1,0.47,10.19,14:43:10,40.59,1800,40.6,2600,40.5954,1550
31040,2.2,1.66,0.54,18.589999999999996,14:43:18,40.59,1800,40.6,2900,40.5985,500
31088,0.63,0.19,0.44,47.80000000000001,14:43:47,40.57,2200,40.58,1500,40.5734,1000
31109,0.79,0.27,0.52,0.0,14:44:00,40.57,1900,40.58,4800,40.5738,108
31137,0.6200000000000001,0.07,0.55,22.019999999999996,14:44:22,40.56,6900,40.57,4800,40.5661,300
31149,0.62,0.08,0.54,30.610000000000003,14:44:30,40.58,1200,40.59,2500,40.5897,2160
31155,0.77,0.07,0.7,34.970000000000006,14:44:34,40.58,1300,40.59,2600,40.5801,7500
31162,0.75,0.27,0.48,39.970000000000006,14:44:39,40.58,8400,40.59,2400,40.589,100
31220,2.45,1.95,0.5,22.439999999999998,14:45:22,40.58,8700,40.59,2900,40.5851,400
31250,0.78,0.25,0.53,44.80000000000001,14:45:44,40.58,9400,40.59,3400,40.5845,100
31257,0.75,0.08,0.67,50.36000000000001,14:45:50,40.58,9400,40.59,3400,40.5856,147
31313,0.81,0.07,0.74,39.740000000000016,14:46:39,40.59,10100,40.6,3300,40.597,1000
31423,3.59,3.03,0.56,5.17,14:48:05,40.59,5500,40.6,3100,40.5966,101
31463,0.44,0.08,0.36,34.05,14:48:34,40.58,1400,40.59,3500,40.5839,1000
31533,1.79,1.14,0.65,16.849999999999998,14:49:16,40.57,1000,40.58,4800,40.5743,190
31574,0.43,0.07,0.36,43.85000000000001,14:49:43,40.57,3000,40.58,3600,40.5766,1000
31684,1.78,1.32,0.46,7.970000000000001,14:51:07,40.59,2300,40.6,2400,40.5942,150
31690,0.76,0.2,0.56,13.95,14:51:13,40.59,2300,40.6,2800,40.5961,227
31699,0.76,0.07,0.69,24.35,14:51:24,40.59,4900,40.6,4100,40.599000000000004,200
31779,0.43,0.07,0.36,19.830000000000002,14:52:19,40.59,3400,40.6,1800,40.5994,160
31866,0.6,0.17,0.43,17.950000000000003,14:53:17,40.59,1300,40.6,2100,40.5945,100
31899,0.7999999999999999,0.23,0.57,39.77000000000001,14:53:39,40.6,1400,40.61,4500,40.6042,250
31927,0.44,0.07,0.37,57.75000000000002,14:53:57,40.59,2800,40.6,1300,40.5992,100
31955,0.59,0.08,0.51,19.799999999999994,14:54:19,40.59,2000,40.6,3700,40.598,200
31995,0.74,0.19,0.55,45.35,14:54:45,40.59,8200,40.6,4000,40.5964,1000
32079,0.61,0.08,0.53,15.209999999999999,14:56:15,40.61,700,40.62,1800,40.6144,200
32145,0.5800000000000001,0.27,0.31,26.060000000000002,14:57:26,40.6,1100,40.61,3800,40.6034,1000
32164,0.79,0.23,0.56,38.220000000000006,14:57:38,40.6,800,40.61,2700,40.6075,200
32313,0.8,0.27,0.53,23.810000000000002,14:59:23,40.64,1900,40.65,36700,40.6423,8000
32353,0.59,0.21,0.38,46.020000000000024,14:59:46,40.63,2800,40.64,3100,40.637,1006
32356,0.6000000000000001,0.07,0.53,47.82000000000003,14:59:47,40.63,2700,40.64,3100,40.6356,125
32395,0.58,0.15,0.43,15.789999999999997,15:00:15,40.61,3400,40.62,2000,40.6134,200
32459,0.64,0.21,0.43,53.85,15:00:53,40.61,2000,40.62,2000,40.6104,100
32553,0.78,0.23,0.55,3.8100000000000005,15:02:03,40.6,900,40.61,2100,40.607,1000
32564,1.5899999999999999,1.01,0.58,20.61,15:02:20,40.58,1500,40.59,1300,40.5805,1000
32566,0.63,0.12,0.51,22.009999999999998,15:02:22,40.58,1400,40.59,1200,40.5896,300
32584,1.06,0.07,0.99,36.71000000000001,15:02:36,40.57,1200,40.58,1400,40.5796,1500
32590,0.8300000000000001,0.18,0.65,42.43000000000001,15:02:42,40.57,1500,40.58,2400,40.5721,2100
32632,0.95,0.41,0.54,15.600000000000001,15:03:15,40.56,4100,40.57,800,40.5635,1000
32644,0.61,0.08,0.53,26.04,15:03:26,40.56,4400,40.57,2300,40.5692,2000
32695,0.61,0.09,0.52,0.0,15:04:00,40.59,3100,40.6,1300,40.593,2600
32712,0.61,0.08,0.53,15.849999999999998,15:04:15,40.59,2100,40.6,1500,40.5986,300
32882,0.76,0.14,0.62,31.980000000000004,15:06:31,40.59,3200,40.6,2900,40.5944,350
32945,0.63,0.08,0.55,25.64,15:07:25,40.6,3700,40.61,2300,40.6032,201
32981,0.76,0.13,0.63,53.59000000000002,15:07:53,40.59,3600,40.6,1000,40.5911,1200
33100,0.63,0.2,0.43,23.799999999999994,15:09:23,40.57,2900,40.58,2800,40.573,100
33138,0.44,0.14,0.3,45.840000000000025,15:09:45,40.58,9900,40.59,3300,40.5862,200
33171,0.45999999999999996,0.11,0.35,8.41,15:10:08,40.6,1800,40.61,3100,40.6062,104
33201,0.6,0.19,0.41,34.2,15:10:34,40.61,3000,40.62,2100,40.6191,167
33291,0.5800000000000001,0.07,0.51,36.00000000000001,15:11:36,40.6,1300,40.61,3000,40.6065,1000
33337,1.02,0.24,0.78,9.78,15:12:09,40.6,1400,40.61,5100,40.6015,2000
33390,0.5900000000000001,0.13,0.46,48.38000000000001,15:12:48,40.59,5900,40.6,4400,40.5925,1900
33429,1.38,0.83,0.55,18.579999999999995,15:13:18,40.59,4600,40.6,3000,40.5933,250
33444,0.61,0.2,0.41,27.839999999999993,15:13:27,40.59,4400,40.6,3200,40.5926,250
33742,0.76,0.21,0.55,39.890000000000015,15:16:39,40.58,5200,40.59,2500,40.5884,200
33781,0.76,0.23,0.53,6.36,15:17:06,40.58,5100,40.59,4100,40.5813,600
33900,0.59,0.08,0.51,32.18000000000001,15:18:32,40.58,4000,40.59,2300,40.5834,1435
33922,0.77,0.29,0.48,46.390000000000015,15:18:46,40.58,5800,40.59,2300,40.5874,150
33962,0.5900000000000001,0.14,0.45,22.2,15:19:22,40.59,2700,40.6,7000,40.5921,200
33997,0.6,0.17,0.43,45.82000000000001,15:19:45,40.59,2600,40.6,7500,40.5988,900
34037,0.6000000000000001,0.07,0.53,9.99,15:20:09,40.59,3400,40.6,6900,40.5924,1500
34051,0.6100000000000001,0.07,0.54,23.989999999999995,15:20:23,40.6,4000,40.61,1500,40.6052,300
34058,0.6499999999999999,0.24,0.41,28.639999999999993,15:20:28,40.6,4300,40.61,2000,40.6058,400
34118,0.6000000000000001,0.07,0.53,7.1899999999999995,15:21:07,40.59,4300,40.6,3200,40.5975,100
34140,0.77,0.18,0.59,26.180000000000007,15:21:26,40.6,2000,40.61,3700,40.6001,125
34163,0.6200000000000001,0.07,0.55,40.449999999999996,15:21:40,40.6,3400,40.61,3500,40.606,200
34287,4.17,3.56,0.61,10.99,15:23:10,40.6,2000,40.61,2700,40.6069,200
34402,0.64,0.18,0.46,32.03,15:24:32,40.59,5700,40.6,3500,40.5968,195
34560,0.43,0.14,0.29,24.020000000000003,15:26:24,40.58,4300,40.59,2100,40.5887,100
34593,0.59,0.08,0.51,42.39,15:26:42,40.58,2900,40.59,3400,40.5854,500
34678,0.79,0.15,0.64,41.820000000000014,15:27:41,40.57,10600,40.58,3400,40.5763,2500
34740,0.61,0.08,0.53,24.030000000000005,15:28:24,40.57,9900,40.58,2800,40.5748,200
34743,0.6000000000000001,0.14,0.46,25.83000000000001,15:28:25,40.57,9900,40.58,2900,40.571999999999996,2000
34784,0.6100000000000001,0.07,0.54,51.59000000000002,15:28:51,40.57,9600,40.58,4800,40.5745,100
34803,0.63,0.09,0.54,2.04,15:29:02,40.57,9800,40.58,5000,40.5757,147
34852,1.24,0.23,1.01,46.74,15:29:46,40.57,12400,40.58,6200,40.5708,299
34856,1.05,0.12,0.93,50.900000000000006,15:29:50,40.57,12400,40.58,6700,40.571,400
34979,0.59,0.08,0.51,33.98,15:31:33,40.56,7700,40.57,3100,40.561,110
35026,0.6,0.18,0.42,4.42,15:32:04,40.54,3000,40.55,4500,40.5401,300
35036,2.41,1.92,0.49,13.62,15:32:13,40.54,3400,40.55,3400,40.5451,1000
35072,0.64,0.08,0.56,36.25,15:32:36,40.55,1500,40.56,5100,40.559,5000
35085,0.5700000000000001,0.07,0.5,44.38999999999999,15:32:44,40.55,2100,40.56,5400,40.551,3000
35088,0.58,0.08,0.5,46.169999999999995,15:32:46,40.55,2100,40.56,5300,40.5546,100
35143,0.59,0.08,0.51,21.559999999999995,15:33:21,40.53,700,40.54,5100,40.5336,1000
35149,0.5900000000000001,0.07,0.52,25.169999999999998,15:33:25,40.52,3500,40.53,4400,40.521,1480
35193,0.59,0.08,0.51,0.0,15:34:00,40.51,6600,40.52,6400,40.5112,3165
35212,1.0,0.48,0.52,16.22,15:34:16,40.51,4100,40.52,3200,40.5145,400
35227,0.5800000000000001,0.07,0.51,26.400000000000006,15:34:26,40.51,1300,40.52,3700,40.5146,200
35242,0.6000000000000001,0.07,0.53,36.19000000000001,15:34:36,40.51,1500,40.52,5500,40.519,1000
35347,0.58,0.08,0.5,37.44,15:35:37,40.52,4100,40.53,3200,40.5247,210
35393,2.83,2.39,0.44,13.57,15:36:13,40.49,3800,40.5,2200,40.4958,100
35458,0.5700000000000001,0.07,0.5,51.53000000000001,15:36:51,40.49,3800,40.5,3600,40.4988,1000
35462,0.5700000000000001,0.07,0.5,53.74,15:36:53,40.49,3800,40.5,3600,40.4957,150
35472,0.5900000000000001,0.2,0.39,0.0,15:37:00,40.49,5000,40.5,4800,40.4922,1700
35482,0.45,0.12,0.33,6.21,15:37:06,40.49,5000,40.5,5400,40.4948,1000
35485,0.5900000000000001,0.07,0.52,8.0,15:37:08,40.49,3800,40.5,6700,40.4935,100
35504,0.6000000000000001,0.2,0.4,28.000000000000004,15:37:28,40.49,4000,40.5,5900,40.4974,5000
35516,0.6300000000000001,0.07,0.56,36.6,15:37:36,40.48,3700,40.49,2900,40.489000000000004,250
35658,0.44,0.08,0.36,22.010000000000005,15:39:22,40.47,600,40.48,6400,40.4743,200
35662,0.57,0.08,0.49,24.180000000000007,15:39:24,40.47,700,40.48,6400,40.4785,240
35716,0.6000000000000001,0.14,0.46,54.21,15:39:54,40.46,4300,40.47,7200,40.4607,100
35751,0.7899999999999999,0.09,0.7,26.01,15:40:26,40.46,3000,40.47,9700,40.4608,100
35842,0.44,0.07,0.37,25.819999999999997,15:41:25,40.46,1600,40.47,6800,40.4644,100
35864,0.63,0.27,0.36,38.23000000000001,15:41:38,40.45,15400,40.46,5200,40.459,100
35873,0.79,0.17,0.62,44.57000000000001,15:41:44,40.45,15900,40.46,3900,40.4508,2469
35906,4.02,3.44,0.58,12.84,15:42:12,40.46,7600,40.47,6900,40.4659,100
35939,0.8,0.27,0.53,41.379999999999995,15:42:41,40.47,8100,40.48,2300,40.4775,100
35956,0.62,0.08,0.54,53.41,15:42:53,40.49,5800,40.5,2900,40.491,400
36062,0.59,0.09,0.5,0.59,15:44:00,40.44,4500,40.45,6400,40.4401,900
36072,0.45,0.08,0.37,6.220000000000001,15:44:06,40.43,3300,40.44,1600,40.4358,1000
36078,0.59,0.24,0.35,14.200000000000001,15:44:14,40.44,2600,40.45,3400,40.449,4800
36085,0.5900000000000001,0.28,0.31,18.009999999999998,15:44:18,40.43,3100,40.44,1000,40.435,100
36093,0.44,0.14,0.3,22.23,15:44:22,40.43,2800,40.44,3700,40.4367,3000
36098,2.0,1.42,0.58,26.570000000000004,15:44:26,40.43,2600,40.44,3600,40.431,620
36104,0.44,0.08,0.36,29.820000000000007,15:44:29,40.43,2900,40.44,5000,40.4399,396
36115,0.63,0.21,0.42,36.19000000000001,15:44:36,40.43,2200,40.44,5400,40.431999999999995,300
36118,0.61,0.25,0.36,37.98000000000001,15:44:37,40.43,2400,40.44,6000,40.4346,200
36139,0.63,0.26,0.37,52.190000000000026,15:44:52,40.42,3300,40.43,4400,40.4256,140
36149,0.6,0.08,0.52,58.210000000000036,15:44:58,40.43,5600,40.44,2000,40.4323,5000
36166,0.6,0.23,0.37,8.2,15:45:08,40.45,1600,40.46,4100,40.4566,3300
36188,0.59,0.1,0.49,25.989999999999995,15:45:25,40.46,4700,40.47,4100,40.4643,300
36195,0.5900000000000001,0.07,0.52,30.179999999999996,15:45:30,40.46,4700,40.47,4000,40.4637,1000
36202,0.5900000000000001,0.14,0.45,34.17,15:45:34,40.46,5000,40.47,3900,40.469,400
36208,0.59,0.08,0.51,37.790000000000006,15:45:37,40.46,2800,40.47,4000,40.4631,700
36219,0.61,0.18,0.43,44.20000000000001,15:45:44,40.46,2100,40.47,3300,40.4601,300
36257,3.3899999999999997,2.78,0.61,10.209999999999999,15:46:10,40.44,7100,40.45,3700,40.4492,100
36303,0.6100000000000001,0.07,0.54,43.60000000000001,15:46:43,40.44,11300,40.45,4600,40.4454,200
36306,0.74,0.18,0.56,45.780000000000015,15:46:45,40.44,11500,40.45,4900,40.4465,900
36335,0.6,0.08,0.52,8.040000000000001,15:47:08,40.44,11500,40.45,4500,40.4443,300
36358,0.58,0.08,0.5,25.630000000000003,15:47:25,40.45,6700,40.46,2700,40.4581,112
36430,0.59,0.09,0.5,18.97,15:48:18,40.45,4800,40.46,4800,40.4559,600
36432,0.6,0.09,0.51,20.01,15:48:20,40.45,4800,40.46,5100,40.4567,200
36456,0.63,0.23,0.4,34.38999999999999,15:48:34,40.44,6600,40.45,2500,40.4458,870
36532,0.5900000000000001,0.2,0.39,29.590000000000003,15:49:29,40.44,5800,40.45,6300,40.4456,500
