,Total Delay,Request Delay,Saving Delay,Arrival Time,Time,Bid,Bid Size,Ask,Ask Size,Last Price,Last Size
0,0.6499999999999999,0.3,0.35,0.6499999999999999,09:30:00,37.6,300,37.69,300,37.685,100
71,0.37,0.18,0.19,0.0,09:31:00,37.52,100,37.56,500,37.56,100
77,1.79,1.43,0.36,4.07,09:31:04,37.47,100,37.52,200,37.5,100
105,0.41000000000000003,0.23,0.18,15.579999999999998,09:31:15,37.47,100,37.52,1100,37.47,197
122,0.32,0.12,0.2,21.329999999999995,09:31:21,37.42,100,37.49,400,37.45,100
127,0.6000000000000001,0.27,0.33,23.439999999999994,09:31:23,37.42,100,37.49,800,37.42,200
175,0.32,0.14,0.18,41.2,09:31:41,37.41,1900,37.45,1000,37.41,100
186,0.29,0.08,0.21,0.0,09:32:00,37.39,300,37.44,1100,37.4,756
197,2.11,1.93,0.18,5.2,09:32:05,37.35,4300,37.42,100,37.36,100
200,2.27,2.05,0.22,8.01,09:32:08,37.35,4300,37.42,600,37.37,100
201,4.77,4.56,0.21,12.78,09:32:12,37.35,4400,37.41,800,37.355,100
202,2.2199999999999998,2.03,0.19,15.0,09:32:15,37.36,300,37.42,900,37.38,100
209,1.96,1.75,0.21,18.8,09:32:18,37.36,400,37.42,900,37.3816,1000
258,0.39,0.22,0.17,34.55999999999999,09:32:34,37.36,200,37.41,1100,37.35,100
276,0.24000000000000002,0.07,0.17,40.38999999999998,09:32:40,37.37,200,37.39,200,37.385,100
359,0.35,0.18,0.17,12.069999999999999,09:33:12,37.43,200,37.46,400,37.44,100
381,0.41000000000000003,0.22,0.19,22.130000000000003,09:33:22,37.42,100,37.45,100,37.445,74000
387,0.42000000000000004,0.22,0.2,24.35,09:33:24,37.43,100,37.45,600,37.43,100
446,0.25,0.07,0.18,44.30000000000001,09:33:44,37.41,200,37.44,900,37.4325,100
507,0.51,0.26,0.25,9.459999999999999,09:34:09,37.46,200,37.47,100,37.46,100
509,2.14,1.95,0.19,13.379999999999999,09:34:13,37.46,200,37.5,500,37.461,800
556,0.47000000000000003,0.28,0.19,38.279999999999994,09:34:38,37.46,300,37.5,1100,37.49,100
641,0.4,0.18,0.22,22.53,09:35:22,37.38,100,37.39,500,37.39,100
668,0.26,0.07,0.19,32.669999999999995,09:35:32,37.28,100,37.31,200,37.28,183
674,0.44999999999999996,0.21,0.24,34.75,09:35:34,37.27,100,37.29,200,37.27,100
695,0.6200000000000001,0.28,0.34,42.92,09:35:42,37.22,100,37.24,1000,37.24,100
701,0.26,0.08,0.18,44.800000000000004,09:35:44,37.15,400,37.19,100,37.18,100
707,0.25,0.07,0.18,46.68000000000001,09:35:46,37.12,200,37.13,100,37.12,200
708,0.25,0.08,0.17,46.93000000000001,09:35:46,37.12,200,37.13,100,37.11,100
714,0.44,0.26,0.18,48.92000000000001,09:35:48,37.15,100,37.17,200,37.15,100
727,0.38,0.21,0.17,53.05000000000001,09:35:53,37.1,100,37.15,500,37.1,200
741,0.23,0.07,0.16,56.81000000000002,09:35:56,37.06,200,37.12,300,37.066,500
748,0.4,0.22,0.18,58.740000000000016,09:35:58,37.07,300,37.11,200,37.075,100
765,0.44000000000000006,0.17,0.27,4.380000000000001,09:36:04,37.13,100,37.15,800,37.14,500
772,0.24000000000000002,0.07,0.17,12.05,09:36:12,37.12,100,37.15,200,37.13,100
778,0.39,0.21,0.18,16.39,09:36:16,37.15,500,37.16,100,37.155,100
779,3.7600000000000002,3.33,0.43,20.150000000000002,09:36:20,37.19,400,37.23,600,37.185,100
790,0.38,0.09,0.29,24.490000000000002,09:36:24,37.19,300,37.22,300,37.1901,400
810,0.4,0.12,0.28,32.6,09:36:32,37.14,200,37.19,400,37.162,100
814,0.5800000000000001,0.19,0.39,34.5,09:36:34,37.14,200,37.19,600,37.19,100
833,0.39,0.16,0.23,42.389999999999986,09:36:42,37.2,200,37.22,200,37.215,312
850,0.34,0.08,0.26,50.269999999999996,09:36:50,37.23,2000,37.25,500,37.25,3000
885,0.46,0.08,0.38,6.05,09:37:06,37.23,2100,37.25,1200,37.2499,100
902,0.39,0.14,0.25,18.95,09:37:18,37.24,100,37.25,1100,37.2475,1200
922,0.43,0.08,0.35,28.31,09:37:28,37.26,500,37.32,100,37.26,800
931,0.5,0.07,0.43,32.660000000000004,09:37:32,37.26,500,37.33,800,37.295,100
965,0.42,0.18,0.24,46.14999999999999,09:37:46,37.27,600,37.33,1000,37.2838,700
984,0.41,0.12,0.29,54.059999999999974,09:37:54,37.27,600,37.33,600,37.3,100
1015,1.01,0.75,0.26,0.0,09:38:00,37.28,700,37.33,100,37.315,8300
1016,4.37,4.13,0.24,4.37,09:38:04,37.28,600,37.33,400,37.305,700
1108,0.35000000000000003,0.08,0.27,45.25999999999999,09:38:45,37.32,600,37.34,100,37.33,200
1113,0.51,0.21,0.3,47.559999999999995,09:38:47,37.32,600,37.35,800,37.34,100
1181,0.43,0.18,0.25,29.96000000000001,09:39:29,37.42,200,37.44,100,37.435,200
1226,0.27,0.08,0.19,48.140000000000036,09:39:48,37.43,300,37.45,200,37.4398,450
1308,0.42,0.18,0.24,23.730000000000004,09:40:23,37.49,100,37.51,100,37.505,100
1336,0.44,0.2,0.24,33.620000000000005,09:40:33,37.52,100,37.54,200,37.52,100
1337,0.48,0.21,0.27,34.1,09:40:34,37.49,100,37.54,900,37.5399,100
1378,0.36,0.07,0.29,49.70999999999999,09:40:49,37.53,300,37.55,100,37.54,100
1387,0.5700000000000001,0.27,0.3,54.11999999999999,09:40:54,37.49,500,37.53,200,37.525,1000
1391,0.49,0.22,0.27,55.879999999999995,09:40:55,37.49,500,37.54,200,37.53,100
1422,0.4,0.21,0.19,10.13,09:41:10,37.5,100,37.52,200,37.51,100
1427,0.33,0.13,0.2,12.16,09:41:12,37.45,5000,37.49,400,37.48,100
1482,0.45999999999999996,0.24,0.22,36.36999999999999,09:41:36,37.46,300,37.51,400,37.485,100
1533,0.41000000000000003,0.17,0.24,56.15999999999999,09:41:56,37.54,200,37.55,100,37.55,100
1560,2.34,2.03,0.31,13.59,09:42:13,37.53,200,37.54,100,37.535,1000
1572,0.38,0.07,0.31,21.9,09:42:21,37.55,300,37.58,300,37.57,100
1610,0.42000000000000004,0.19,0.23,37.85999999999999,09:42:37,37.5,300,37.54,300,37.501,242
1614,0.42,0.07,0.35,40.19999999999999,09:42:40,37.51,200,37.54,100,37.510999999999996,300
1680,0.45,0.2,0.25,1.84,09:43:01,37.54,100,37.55,100,37.545,100
1725,0.36,0.09,0.27,23.88,09:43:23,37.54,400,37.58,200,37.58,100
1736,0.6000000000000001,0.27,0.33,28.36,09:43:28,37.54,400,37.57,200,37.555,100
1761,0.37,0.14,0.23,37.78,09:43:37,37.57,100,37.6,9900,37.59,100
1970,1.2,0.89,0.31,8.54,09:45:08,37.38,400,37.38,200,37.365,100
2098,0.31,0.08,0.23,4.01,09:46:04,37.44,400,37.47,500,37.455,100
2118,2.44,2.1,0.34,19.44,09:46:19,37.45,300,37.49,600,37.4501,364
2135,0.41000000000000003,0.2,0.21,26.080000000000002,09:46:26,37.39,300,37.43,200,37.395,100
2373,0.39,0.2,0.19,0.0,09:48:00,37.46,100,37.49,200,37.465,100
2394,0.28,0.07,0.21,7.680000000000001,09:48:07,37.49,200,37.51,200,37.503,1616
2544,0.45,0.18,0.27,12.21,09:49:12,37.49,200,37.5,100,37.4946,100
2547,0.38,0.18,0.2,13.720000000000002,09:49:13,37.49,100,37.5,200,37.495,200
2590,0.35000000000000003,0.07,0.28,37.529999999999994,09:49:37,37.6,100,37.61,1000,37.6,100
2594,0.37,0.07,0.3,39.60999999999999,09:49:39,37.6,200,37.62,300,37.61,100
2627,0.30000000000000004,0.07,0.23,51.53000000000001,09:49:51,37.57,1800,37.59,300,37.575,300
2684,0.37,0.17,0.2,20.02,09:50:20,37.59,100,37.6,100,37.5998,100
2689,0.3,0.08,0.22,21.58,09:50:21,37.59,100,37.6,100,37.595,100
2706,0.30000000000000004,0.07,0.23,27.84,09:50:27,37.62,300,37.64,1400,37.63,200
2712,0.5,0.27,0.23,30.07,09:50:30,37.62,400,37.64,1600,37.64,135
2716,0.67,0.22,0.45,31.900000000000002,09:50:31,37.58,1100,37.61,200,37.62,100
2767,0.33,0.08,0.25,55.800000000000004,09:50:55,37.55,400,37.57,200,37.5624,2000
2779,0.44999999999999996,0.21,0.24,2.1,09:51:02,37.56,200,37.59,400,37.565,200
2812,0.38,0.15,0.23,19.99,09:51:19,37.53,100,37.55,100,37.5388,500
2836,0.44,0.2,0.24,29.990000000000002,09:51:29,37.53,300,37.54,200,37.5344,500
3085,0.29000000000000004,0.09,0.2,5.9399999999999995,09:53:05,37.47,300,37.48,100,37.475,100
3087,3.0,2.81,0.19,9.41,09:53:09,37.47,100,37.48,100,37.471,300
3172,0.31,0.13,0.18,41.84999999999998,09:53:41,37.48,100,37.5,200,37.4888,200
3372,0.26,0.09,0.17,0.0,09:55:00,37.51,500,37.53,300,37.5185,515
3409,1.06,0.63,0.43,20.129999999999995,09:55:20,37.59,200,37.61,200,37.591,100
3444,0.6799999999999999,0.25,0.43,34.559999999999995,09:55:34,37.64,200,37.65,100,37.65,100
3622,0.37,0.12,0.25,49.919999999999995,09:56:49,37.61,400,37.63,100,37.6137,500
3670,0.3,0.08,0.22,0.0,09:57:00,37.61,400,37.64,600,37.6232,800
3688,0.37,0.12,0.25,14.01,09:57:14,37.59,400,37.62,300,37.5953,300
3760,0.26,0.07,0.19,38.12999999999999,09:57:38,37.6,200,37.63,200,37.6133,125
3833,0.24000000000000002,0.07,0.17,22.009999999999998,09:58:22,37.66,200,37.68,200,37.66,100
3897,0.28,0.08,0.2,43.849999999999994,09:58:43,37.67,300,37.69,200,37.68,100
3913,0.46,0.18,0.28,50.05000000000001,09:58:50,37.67,100,37.69,200,37.6788,100
3918,0.32,0.12,0.2,52.02,09:58:52,37.66,100,37.68,300,37.67,100
4028,0.4,0.23,0.17,31.940000000000005,09:59:31,37.67,100,37.69,300,37.69,300
4097,0.46,0.07,0.39,3.21,10:00:03,37.68,600,37.7,1300,37.6891,200
4107,0.32,0.07,0.25,10.23,10:00:10,37.69,100,37.72,200,37.7,100
4150,0.52,0.23,0.29,34.220000000000006,10:00:34,37.7,200,37.72,300,37.72,100
4155,0.48,0.17,0.31,36.56,10:00:36,37.71,200,37.74,200,37.73,100
4159,0.5,0.24,0.26,38.279999999999994,10:00:38,37.7,100,37.72,200,37.71,100
4381,0.76,0.5,0.26,20.900000000000002,10:02:20,37.64,200,37.66,100,37.6516,100
4680,0.36,0.14,0.22,16.19,10:04:16,37.73,200,37.75,1300,37.75,100
4702,0.47000000000000003,0.13,0.34,26.24,10:04:26,37.73,800,37.75,1900,37.74,100
4822,2.16,1.81,0.35,7.23,10:05:07,37.69,200,37.7,200,37.695,100
4962,0.31,0.15,0.16,24.009999999999998,10:06:24,37.73,300,37.74,100,37.7375,100
4969,0.24000000000000002,0.07,0.17,25.809999999999995,10:06:25,37.76,100,37.77,400,37.7475,100
4970,0.24,0.08,0.16,26.049999999999994,10:06:26,37.75,300,37.76,100,37.76,100
4994,0.45999999999999996,0.22,0.24,34.25999999999999,10:06:34,37.75,600,37.77,300,37.77,100
5005,0.41000000000000003,0.08,0.33,38.24999999999999,10:06:38,37.75,500,37.77,500,37.7686,100
5037,0.3,0.09,0.21,49.90000000000002,10:06:49,37.75,400,37.76,700,37.7549,400
5213,0.4,0.2,0.2,49.55000000000002,10:07:49,37.71,600,37.72,300,37.715,1040
5387,0.41000000000000003,0.24,0.17,14.240000000000002,10:09:14,37.78,200,37.8,2300,37.79,100
5407,0.33,0.07,0.26,24.060000000000002,10:09:24,37.79,700,37.81,100,37.8,100
5414,0.26,0.08,0.18,26.130000000000003,10:09:26,37.78,900,37.79,100,37.78,100
5552,0.32,0.08,0.24,2.1,10:13:02,37.72,500,37.74,200,37.731,300
5586,0.33,0.08,0.25,24.289999999999996,10:13:24,37.72,600,37.74,400,37.7399,106
5703,0.31000000000000005,0.14,0.17,3.9499999999999997,10:14:03,37.76,300,37.77,100,37.765,200
6384,0.39,0.17,0.22,24.249999999999996,10:19:24,37.76,400,37.78,300,37.7703,103
6442,0.36,0.15,0.21,7.950000000000001,10:20:07,37.8,300,37.81,100,37.8039,200
6451,1.02,0.77,0.25,12.720000000000002,10:20:12,37.8,300,37.82,200,37.82,200
6569,0.64,0.28,0.36,16.099999999999998,10:21:16,37.78,300,37.79,300,37.7758,131
6580,0.44,0.19,0.25,21.949999999999996,10:21:21,37.79,400,37.8,100,37.7943,590
6608,0.6799999999999999,0.21,0.47,0.0,10:22:00,37.8,400,37.81,100,37.81,100
6626,0.79,0.29,0.5,12.490000000000002,10:22:12,37.82,300,37.83,200,37.825,100
6677,0.47000000000000003,0.08,0.39,42.190000000000026,10:22:42,37.8,500,37.81,300,37.805,100
6708,0.37,0.09,0.28,55.77000000000002,10:22:55,37.83,400,37.85,300,37.84,100
6738,0.53,0.24,0.29,6.4,10:23:06,37.86,300,37.88,500,37.86,100
6762,0.31,0.07,0.24,15.990000000000002,10:23:15,37.88,600,37.9,200,37.88,200
6798,0.42000000000000004,0.19,0.23,30.38000000000001,10:23:30,37.88,1000,37.89,100,37.8832,300
6803,0.38,0.17,0.21,32.42000000000001,10:23:32,37.9,600,37.91,1300,37.9,100
6813,0.42,0.21,0.21,35.77000000000002,10:23:35,37.91,800,37.93,300,37.91,100
6838,0.33,0.1,0.23,43.960000000000036,10:23:43,37.92,400,37.93,200,37.93,100
6844,0.28,0.07,0.21,0.0,10:24:00,37.91,200,37.92,100,37.92,100
6900,0.49,0.18,0.31,34.059999999999995,10:24:34,37.89,700,37.91,400,37.89,100
6987,0.74,0.27,0.47,1.54,10:25:01,37.92,400,37.94,300,37.921,100
7034,0.33,0.08,0.25,23.13000000000001,10:25:23,37.93,100,37.94,200,37.94,100
7112,0.42000000000000004,0.1,0.32,22.15000000000001,10:26:22,37.87,2000,37.88,200,37.87,1000
7171,0.44,0.13,0.31,48.190000000000005,10:26:48,37.87,2000,37.89,300,37.885,300
7193,0.4,0.22,0.18,3.0,10:27:03,37.95,100,37.96,200,37.95,600
7276,0.29,0.08,0.21,9.06,10:28:09,37.93,400,37.95,400,37.9301,100
7324,0.43000000000000005,0.2,0.23,29.939999999999998,10:28:29,37.93,1700,37.94,600,37.9311,6000
7348,0.35000000000000003,0.07,0.28,38.2,10:28:38,37.95,100,37.96,100,37.96,100
7510,0.45999999999999996,0.24,0.22,39.63000000000001,10:29:39,37.97,100,37.98,200,37.98,100
7516,0.28,0.08,0.2,41.610000000000014,10:29:41,37.96,500,37.98,200,37.97,100
7554,0.26,0.08,0.18,53.520000000000024,10:29:53,37.98,100,37.99,2700,37.975,100
7561,0.38,0.17,0.21,55.760000000000026,10:29:55,37.99,500,38.0,1600,37.99,2417
7566,0.52,0.19,0.33,57.79000000000003,10:29:57,38.0,500,38.01,100,38.0,100
7722,3.88,3.58,0.3,0.0,10:31:00,37.96,500,37.97,200,37.9647,100
7766,0.30000000000000004,0.07,0.23,21.25,10:31:21,37.98,100,37.99,200,37.985,900
7776,0.36,0.12,0.24,25.569999999999997,10:31:25,38.01,200,38.02,800,38.02,100
7782,0.4,0.18,0.22,27.319999999999997,10:31:27,38.01,200,38.02,800,38.0163,1000
7804,0.4,0.23,0.17,0.0,10:33:00,38.03,200,38.05,300,38.03,100
7835,0.4,0.19,0.21,12.660000000000005,10:33:12,38.04,600,38.06,400,38.04,100
7846,0.42000000000000004,0.2,0.22,17.04000000000001,10:33:17,38.04,600,38.06,400,38.046,2000
7851,0.41000000000000003,0.23,0.18,18.940000000000012,10:33:18,38.05,700,38.07,600,38.06,100
7929,0.31,0.07,0.24,45.02000000000002,10:33:45,38.04,900,38.05,100,38.05,100
7979,0.36,0.13,0.23,21.83,10:34:21,38.05,1200,38.07,500,38.0575,200
8031,0.47,0.18,0.29,41.88,10:34:41,38.05,1700,38.06,200,38.055,461
8099,0.57,0.08,0.49,15.980000000000002,10:35:15,38.03,400,38.04,300,38.035,116
8156,2.7600000000000002,2.24,0.52,6.74,10:36:06,38.03,300,38.04,400,38.0301,100
8171,0.59,0.08,0.51,16.36,10:36:16,38.01,300,38.02,500,38.015,450
8247,3.59,3.07,0.52,0.0,10:37:00,38.01,500,38.03,700,38.01,100
8363,0.59,0.09,0.5,29.959999999999997,10:38:29,38.02,300,38.03,1100,38.025,600
8458,0.76,0.14,0.62,38.16,10:39:38,38.02,500,38.03,1000,38.0237,100
8523,0.61,0.08,0.53,33.95,10:40:33,38.02,200,38.03,1000,38.027,400
8561,0.43,0.07,0.36,57.48000000000003,10:40:57,38.06,700,38.07,400,38.062,200
8565,0.75,0.32,0.43,0.0,10:41:00,38.07,200,38.08,900,38.07,100
8572,0.6,0.23,0.37,4.039999999999999,10:41:04,38.07,300,38.08,900,38.075,900
8577,0.6000000000000001,0.14,0.46,7.629999999999999,10:41:07,38.07,300,38.08,800,38.077,1200
8601,0.5700000000000001,0.07,0.5,27.589999999999996,10:41:27,38.06,800,38.07,800,38.065,150
8657,0.62,0.23,0.39,0.0,10:42:00,38.09,400,38.1,7300,38.09,100
8668,0.62,0.2,0.42,6.2,10:42:06,38.09,700,38.1,7200,38.095,200
8674,0.5800000000000001,0.2,0.38,9.600000000000001,10:42:09,38.11,500,38.12,100,38.1107,100
8678,0.62,0.27,0.35,12.03,10:42:12,38.11,700,38.12,100,38.11,100
8682,3.02,2.54,0.48,16.88,10:42:16,38.09,100,38.1,600,38.1,100
8684,0.6,0.09,0.51,19.71,10:42:19,38.08,200,38.09,200,38.085,100
8687,0.5900000000000001,0.28,0.31,21.7,10:42:21,38.08,200,38.09,300,38.08,200
8702,0.6,0.25,0.35,31.92,10:42:31,38.12,100,38.13,600,38.12,100
8705,0.61,0.29,0.32,33.720000000000006,10:42:33,38.11,200,38.12,600,38.115,100
8708,0.5800000000000001,0.07,0.51,35.5,10:42:35,38.11,300,38.12,400,38.117,100
8740,0.57,0.09,0.48,53.850000000000016,10:42:53,38.13,100,38.14,600,38.14,100
8775,0.6,0.08,0.52,0.0,10:43:00,38.12,600,38.13,700,38.13,100
8777,0.65,0.13,0.52,1.4500000000000002,10:43:01,38.15,400,38.16,600,38.15,100
8783,0.7799999999999999,0.08,0.7,5.62,10:43:05,38.15,400,38.16,600,38.16,100
8838,0.5900000000000001,0.07,0.52,0.0,10:44:00,38.15,200,38.16,600,38.155,177
8987,0.79,0.41,0.38,34.24,10:45:34,38.15,200,38.17,600,38.17,100
8999,0.58,0.15,0.43,42.010000000000005,10:45:42,38.15,300,38.16,300,38.153,400
9030,0.63,0.21,0.42,13.81,10:46:13,38.16,300,38.17,600,38.165,200
9034,0.5900000000000001,0.26,0.33,16.01,10:46:16,38.16,400,38.17,600,38.163000000000004,200
9037,0.62,0.24,0.38,17.780000000000005,10:46:17,38.16,400,38.17,600,38.1625,300
9108,0.62,0.19,0.43,0.0,10:47:00,38.18,600,38.19,800,38.18,100
9109,0.6100000000000001,0.28,0.33,0.6100000000000001,10:47:00,38.17,700,38.18,200,38.175,100
9117,1.5699999999999998,1.0,0.57,11.8,10:47:11,38.13,500,38.15,300,38.145,100
9217,0.62,0.19,0.43,23.82,10:48:23,38.13,100,38.14,200,38.135,100
9363,0.98,0.18,0.8,40.2,10:49:40,38.2,200,38.21,100,38.21,200
9371,0.83,0.21,0.62,2.44,10:50:02,38.21,500,38.23,800,38.23,100
9381,3.3899999999999997,2.88,0.51,11.989999999999998,10:50:11,38.22,500,38.23,700,38.22,100
9384,0.5800000000000001,0.07,0.51,13.79,10:50:13,38.21,100,38.22,900,38.215,100
9386,2.2,1.55,0.65,16.57,10:50:16,38.19,300,38.21,400,38.2,100
9391,0.6000000000000001,0.2,0.4,21.800000000000004,10:50:21,38.19,300,38.2,300,38.19,100
9417,0.63,0.21,0.42,36.350000000000016,10:50:36,38.2,100,38.21,200,38.205,100
9605,0.59,0.08,0.51,45.42000000000001,10:52:45,38.22,200,38.23,200,38.225,100
9653,0.44999999999999996,0.15,0.3,17.85,10:53:17,38.23,600,38.24,100,38.24,100
9661,0.58,0.08,0.5,22.019999999999996,10:53:22,38.23,500,38.24,100,38.2301,100
9700,0.6100000000000001,0.27,0.34,44.24,10:53:44,38.23,600,38.24,600,38.235,100
9744,3.38,2.89,0.49,18.42,10:54:18,38.26,200,38.27,300,38.27,100
9777,0.75,0.21,0.54,14.42,10:56:14,38.24,700,38.26,300,38.25,300
9779,0.75,0.07,0.68,15.629999999999999,10:56:15,38.24,700,38.26,300,38.26,100
10175,0.58,0.08,0.5,0.0,11:01:00,38.21,700,38.22,200,38.2195,600
10221,0.5700000000000001,0.07,0.5,37.790000000000006,11:01:37,38.22,200,38.23,200,38.2251,250
10270,0.63,0.17,0.46,10.15,11:04:10,38.24,200,38.25,400,38.245,100
10340,1.56,0.89,0.67,15.149999999999999,11:05:15,38.25,500,38.26,200,38.255,100
10455,0.74,0.31,0.43,25.32,11:06:25,38.21,300,38.22,400,38.2154,300
10542,0.5700000000000001,0.07,0.5,19.8,11:07:19,38.24,400,38.25,200,38.2468,113
10546,0.44,0.07,0.37,22.060000000000002,11:07:22,38.24,500,38.25,200,38.2424,800
10728,0.61,0.21,0.4,15.799999999999997,11:09:15,38.25,600,38.26,400,38.2505,700
10767,0.43,0.07,0.36,37.599999999999994,11:09:37,38.25,400,38.26,500,38.2546,200
10802,0.44,0.07,0.37,16.23,11:10:16,38.24,1000,38.25,600,38.2461,200
10834,0.6000000000000001,0.2,0.4,34.04,11:10:34,38.22,100,38.23,400,38.2275,200
10889,0.5700000000000001,0.25,0.32,7.800000000000002,11:11:07,38.25,400,38.26,500,38.2551,250
10985,0.46,0.07,0.39,16.23,11:12:16,38.25,500,38.26,600,38.2608,200
11076,0.81,0.2,0.61,10.590000000000002,11:13:10,38.26,600,38.27,400,38.2642,500
11105,0.59,0.17,0.42,29.810000000000006,11:13:29,38.27,400,38.28,100,38.28,100
11136,3.83,3.39,0.44,0.0,11:14:00,38.28,100,38.29,200,38.29,100
11146,0.6100000000000001,0.27,0.34,6.98,11:14:06,38.29,200,38.3,300,38.3,100
11201,108.41,107.97,0.44,0.0,11:16:00,38.32,600,38.34,300,38.33,100
11226,0.74,0.08,0.66,16.02,11:16:16,38.32,500,38.33,300,38.32,100
11229,0.6000000000000001,0.07,0.53,18.07,11:16:18,38.32,600,38.33,300,38.325,100
11275,0.59,0.18,0.41,31.999999999999996,11:17:31,38.32,800,38.33,300,38.3299,200
11315,0.6,0.22,0.38,54.02000000000001,11:17:54,38.32,700,38.33,600,38.3246,250
11330,0.44,0.08,0.36,0.0,11:18:00,38.33,600,38.34,300,38.335,100
11334,0.5700000000000001,0.07,0.5,2.1500000000000004,11:18:02,38.33,200,38.34,400,38.34,100
11352,0.6000000000000001,0.07,0.53,20.190000000000005,11:18:20,38.31,500,38.32,400,38.31,100
11355,0.65,0.21,0.44,22.410000000000004,11:18:22,38.31,500,38.32,400,38.315,100
11452,0.79,0.19,0.6,33.81999999999999,11:19:33,38.3,1100,38.31,300,38.3078,1500
11490,0.64,0.11,0.53,57.84,11:19:57,38.3,1300,38.31,300,38.3051,219
11572,0.63,0.08,0.55,0.0,11:21:00,38.28,200,38.29,400,38.2853,100
11669,0.64,0.25,0.39,16.279999999999998,11:22:16,38.26,800,38.27,200,38.2651,200
11677,0.6,0.09,0.51,21.65,11:22:21,38.26,800,38.27,200,38.2646,300
11700,0.57,0.08,0.49,35.63999999999999,11:22:35,38.26,600,38.27,400,38.2632,200
11856,0.61,0.08,0.53,24.430000000000007,11:24:24,38.22,700,38.23,300,38.2266,100
11878,0.61,0.12,0.49,38.05000000000002,11:24:38,38.22,600,38.23,600,38.2252,100
12007,0.59,0.09,0.5,19.78,11:26:19,38.19,500,38.2,400,38.195,100
12020,0.61,0.08,0.53,27.85,11:26:27,38.19,600,38.2,700,38.1917,100
12120,0.81,0.18,0.63,32.370000000000005,11:29:32,38.19,300,38.2,400,38.1948,500
12207,0.73,0.21,0.52,6.950000000000001,11:31:06,38.13,200,38.14,200,38.1301,200
12210,0.6,0.1,0.5,8.99,11:31:08,38.14,700,38.15,200,38.1401,800
12376,2.16,1.47,0.69,5.96,11:33:05,38.13,800,38.14,400,38.131,200
12391,0.5900000000000001,0.07,0.52,18.02,11:33:18,38.13,800,38.14,400,38.1317,200
12529,0.5900000000000001,0.07,0.52,25.96,11:34:25,38.12,700,38.13,200,38.125,100
12680,0.62,0.24,0.38,40.16,11:37:40,38.16,1400,38.17,500,38.161,2000
12811,0.6,0.08,0.52,8.36,11:41:08,38.15,600,38.16,600,38.1533,200
13584,0.39,0.22,0.17,0.0,11:48:00,38.25,600,38.26,400,38.2519,350
13832,0.26,0.07,0.19,0.0,11:49:00,38.24,900,38.25,1100,38.243,100
13970,0.33,0.17,0.16,36.09,11:50:36,38.24,1100,38.25,1200,38.2443,1000
14085,0.31,0.12,0.19,9.68,11:51:09,38.26,1100,38.27,800,38.265,3000
14220,0.31,0.07,0.24,6.55,11:52:06,38.18,100,38.19,400,38.185,100
14924,0.35000000000000003,0.08,0.27,50.07000000000004,11:56:50,38.1,200,38.11,300,38.105,100
14967,1.0,0.77,0.23,4.57,11:57:04,38.1,200,38.11,400,38.101,100
15210,0.29,0.08,0.21,38.399999999999984,11:58:38,38.1,700,38.11,600,38.1075,160
16562,0.39,0.2,0.19,22.710000000000008,12:07:22,38.09,600,38.1,400,38.0986,400
17427,0.27,0.07,0.2,51.870000000000005,12:12:51,38.11,700,38.12,600,38.1101,500
17579,0.27,0.08,0.19,52.17,12:13:52,38.1,1500,38.11,600,38.1056,500
17772,0.36000000000000004,0.08,0.28,17.019999999999996,12:15:17,38.11,1600,38.12,400,38.1186,100
17843,0.35,0.17,0.18,43.51000000000003,12:15:43,38.1,500,38.11,900,38.1082,1000
18216,0.29000000000000004,0.12,0.17,0.0,12:18:00,38.1,900,38.11,800,38.103,1650
18410,0.32,0.14,0.18,13.560000000000002,12:19:13,38.12,1400,38.13,300,38.126999999999995,100
18478,0.24000000000000002,0.07,0.17,38.01000000000001,12:19:38,38.22,500,38.23,300,38.2201,100
18494,0.41000000000000003,0.24,0.17,42.27000000000002,12:19:42,38.24,200,38.25,100,38.2499,300
18542,0.42000000000000004,0.26,0.16,58.42000000000004,12:19:58,38.25,400,38.26,200,38.2585,453
18617,0.39,0.21,0.18,30.34,12:20:30,38.25,200,38.27,600,38.2566,700
18875,0.25,0.07,0.18,10.2,12:22:10,38.28,500,38.29,300,38.285,100
19035,0.62,0.29,0.33,9.970000000000002,12:23:09,38.28,900,38.29,400,38.2825,100
19075,0.34,0.17,0.17,26.800000000000004,12:23:26,38.28,300,38.29,600,38.288000000000004,100
19368,0.4,0.21,0.19,19.32,12:25:19,38.27,900,38.28,100,38.275,100
19380,0.3,0.08,0.22,24.11,12:25:24,38.27,900,38.28,100,38.2707,100
19498,0.53,0.28,0.25,32.06000000000001,12:26:32,38.26,700,38.28,500,38.260999999999996,150
19784,0.43,0.24,0.19,28.05,12:28:28,38.23,300,38.24,500,38.236999999999995,100
20212,3.6,3.43,0.17,0.0,12:31:00,38.24,1000,38.25,500,38.2401,100
21406,44.300000000000004,43.96,0.34,0.0,12:39:00,38.23,1100,38.24,700,38.2334,100
21937,0.35,0.15,0.2,10.1,12:45:10,38.28,600,38.29,500,38.2801,160
23060,0.26,0.07,0.19,45.93999999999997,12:52:45,38.3,800,38.31,800,38.301,100
23220,0.26,0.09,0.17,44.099999999999994,12:53:44,38.3,300,38.31,1100,38.305,100
23632,0.42000000000000004,0.22,0.2,15.940000000000005,12:56:15,38.29,600,38.3,900,38.295,100
24121,0.32,0.14,0.18,0.0,13:01:00,38.24,800,38.25,600,38.2417,558
24518,0.45999999999999996,0.25,0.21,40.06,13:03:40,38.18,500,38.19,500,38.1827,1000
24643,0.31,0.15,0.16,22.19,13:04:22,38.15,300,38.16,600,38.150999999999996,150
24868,0.5,0.23,0.27,14.420000000000002,13:05:14,38.16,700,38.17,500,38.1623,500
24889,0.24000000000000002,0.07,0.17,22.06,13:05:22,38.16,600,38.17,500,38.1657,300
25127,0.4,0.21,0.19,23.370000000000008,13:10:23,38.1,500,38.11,200,38.107,150
25628,0.63,0.13,0.5,25.99,13:14:25,38.12,700,38.13,300,38.1201,150
25932,0.42,0.07,0.35,29.840000000000014,13:18:29,38.11,700,38.12,500,38.1166,100
26204,0.5800000000000001,0.13,0.45,28.770000000000003,13:21:28,38.18,600,38.19,300,38.1899,105
26459,0.8099999999999999,0.24,0.57,22.210000000000004,13:24:22,38.15,1100,38.16,700,38.1595,339
26638,1.0,0.07,0.93,43.99000000000001,13:27:43,38.18,1200,38.19,200,38.1801,207
26649,4.59,3.5,1.09,4.59,13:28:04,38.19,800,38.2,500,38.1992,100
26709,1.01,0.07,0.94,27.419999999999998,13:29:27,38.2,700,38.21,300,38.203,690
26818,1.02,0.09,0.93,0.0,13:31:00,38.2,700,38.21,600,38.2009,2000
27188,1.19,0.29,0.9,42.370000000000005,13:39:42,38.14,200,38.15,400,38.141,1160
27630,1.19,0.14,1.05,28.390000000000008,13:49:28,38.13,1000,38.14,400,38.137,150
27812,1.2000000000000002,0.1,1.1,0.0,13:53:00,38.14,600,38.15,300,38.1419,100
28297,0.8099999999999999,0.08,0.73,28.999999999999996,14:02:28,38.09,900,38.1,800,38.0999,200
28329,3.18,2.1,1.08,6.59,14:03:06,38.1,1100,38.11,2100,38.1099,900
28700,0.8200000000000001,0.18,0.64,45.80999999999999,14:10:45,38.11,700,38.12,500,38.1147,200
28895,1.21,0.46,0.75,10.399999999999999,14:14:10,38.06,300,38.07,700,38.061,200
28925,1.1900000000000002,0.08,1.11,40.97999999999999,14:14:40,38.06,600,38.07,600,38.0633,600
29056,2.6,1.77,0.83,7.209999999999999,14:17:07,38.06,1600,38.07,1300,38.063,100
29232,1.42,0.12,1.3,25.0,14:20:25,38.05,1200,38.06,700,38.053000000000004,100
29285,0.5800000000000001,0.14,0.44,0.0,14:21:00,38.04,1000,38.05,300,38.047,100
29299,0.5700000000000001,0.12,0.45,7.960000000000001,14:21:07,38.04,900,38.05,300,38.0499,500
29328,0.5900000000000001,0.07,0.52,31.780000000000005,14:21:31,38.04,800,38.05,700,38.045,100
29374,0.6,0.09,0.51,0.0,14:22:00,38.04,1200,38.05,700,38.0435,496
29534,0.5700000000000001,0.18,0.39,37.55000000000002,14:23:37,38.05,900,38.06,800,38.0515,150
29909,0.63,0.08,0.55,49.95000000000001,14:27:49,38.0,2100,38.01,700,38.005,100
30050,0.59,0.11,0.48,18.419999999999998,14:29:18,37.96,1100,37.97,1100,37.965,100
30167,0.61,0.08,0.53,46.17000000000003,14:30:46,37.94,1200,37.95,1400,37.945,100
30189,0.5900000000000001,0.28,0.31,0.0,14:31:00,37.95,200,37.96,1300,37.955,100
30376,1.4100000000000001,0.9,0.51,0.0,14:33:00,37.96,1500,37.97,600,37.9699,200
30594,0.79,0.18,0.61,47.73000000000001,14:37:47,37.95,1300,37.96,1100,37.9599,300
30729,0.6000000000000001,0.2,0.4,29.779999999999998,14:39:29,37.93,100,37.94,1400,37.925,400
30862,0.58,0.08,0.5,0.0,14:41:00,37.92,1400,37.93,800,37.9275,100
31106,0.5900000000000001,0.13,0.46,0.0,14:44:00,37.97,1200,37.98,500,37.973,100
31115,0.76,0.07,0.69,9.99,14:44:09,37.97,1300,37.98,400,37.9741,244
31225,0.61,0.24,0.37,21.80999999999999,14:45:21,37.97,900,37.98,600,37.9759,1523
31416,0.59,0.24,0.35,37.34000000000001,14:47:37,37.97,2000,37.98,1100,37.9756,207
31805,0.61,0.17,0.44,28.030000000000005,14:52:28,37.97,1700,37.98,900,37.9765,324
32135,0.6,0.25,0.35,19.66,14:57:19,38.01,2200,38.02,700,38.0129,100
32170,0.5900000000000001,0.07,0.52,41.85000000000001,14:57:41,38.02,3700,38.03,2300,38.0199,100
32212,1.02,0.42,0.6,7.76,14:58:07,37.99,300,38.0,1200,37.995,100
32283,0.5700000000000001,0.13,0.44,0.0,14:59:00,37.99,700,38.0,1500,37.9943,275
32299,0.43,0.07,0.36,13.43,14:59:13,37.99,600,38.0,1500,37.9901,263
33088,1.6,1.12,0.48,10.959999999999999,15:09:10,37.96,900,37.97,800,37.9648,300
33581,0.61,0.08,0.53,27.770000000000003,15:14:27,37.96,2300,37.97,300,37.961,686
33606,1.02,0.47,0.55,7.619999999999999,15:15:07,37.97,1900,37.98,300,37.9786,934
33913,0.6,0.08,0.52,40.37000000000002,15:18:40,37.98,1200,37.99,1700,37.9847,200
34377,3.59,3.01,0.58,10.75,15:24:10,38.02,1300,38.03,700,38.0299,519
34551,1.01,0.42,0.59,2.2,15:26:02,38.0,600,38.01,1600,38.0035,1770
34634,5.199999999999999,4.68,0.52,12.2,15:27:12,38.01,1400,38.02,400,38.019,100
34766,0.61,0.08,0.53,39.99000000000001,15:28:39,38.0,700,38.01,1000,38.001,264
34772,0.62,0.23,0.39,43.80000000000001,15:28:43,38.0,700,38.01,1000,38.0043,1000
34812,3.6300000000000003,2.99,0.64,10.610000000000001,15:29:10,38.0,1000,38.01,800,38.0034,900
34883,0.79,0.14,0.65,0.0,15:30:00,38.01,1100,38.02,1200,38.014,136
34966,0.65,0.23,0.42,28.18,15:31:28,38.03,1400,38.04,700,38.0399,300
34989,0.76,0.08,0.68,42.530000000000015,15:31:42,38.04,1400,38.05,200,38.0475,100
35088,0.58,0.08,0.5,41.75,15:32:41,38.03,1300,38.04,900,38.039,500
35223,0.62,0.21,0.41,24.010000000000005,15:34:24,37.99,600,38.0,3000,37.9942,2600
35455,0.59,0.24,0.35,49.75000000000001,15:36:49,37.98,200,37.99,1200,37.9832,313
35508,0.6000000000000001,0.07,0.53,24.209999999999994,15:37:24,37.99,600,38.0,1000,37.991,290
35602,0.6,0.18,0.42,35.54000000000001,15:38:35,37.99,1000,38.0,2400,37.9953,110
35776,0.6,0.21,0.39,41.86,15:40:41,37.99,1900,38.0,4600,37.9945,400
36152,0.6,0.09,0.51,0.0,15:45:00,37.99,2200,38.0,2700,37.9999,113
36311,0.8200000000000001,0.17,0.65,48.440000000000026,15:46:48,37.99,1400,38.0,1400,37.9983,702
36384,0.5900000000000001,0.13,0.46,41.62000000000004,15:47:41,37.98,900,37.99,2500,37.9844,1000
36391,0.6100000000000001,0.27,0.34,45.860000000000035,15:47:45,37.98,1100,37.99,2500,37.981,500
36697,0.77,0.07,0.7,31.949999999999992,15:51:31,37.98,3200,37.99,2200,37.9812,359
36764,0.7999999999999999,0.09,0.71,28.429999999999996,15:52:28,37.98,4500,37.99,4100,37.9856,100
37066,0.5700000000000001,0.23,0.34,15.810000000000002,15:56:15,37.95,3200,37.96,4200,37.9515,100
37176,0.75,0.29,0.46,1.9700000000000002,15:59:01,37.92,5200,37.93,4200,37.9299,106
37198,0.8200000000000001,0.18,0.64,20.000000000000004,15:59:20,37.9,11100,37.91,7900,37.905,100
37228,0.6399999999999999,0.07,0.57,40.39000000000001,15:59:40,37.93,3200,37.94,5100,37.935,266
