,Total Delay,Request Delay,Saving Delay,Arrival Time,Time,Bid,Bid Size,Ask,Ask Size,Last Price,Last Size
0,0.6499999999999999,0.3,0.35,0.6499999999999999,09:30:00,59.28,100,59.5,300,59.28,553
12,0.35,0.16,0.19,4.76,09:30:04,59.28,300,59.5,300,59.5,100
56,0.30000000000000004,0.07,0.23,4.9799999999999995,09:31:04,59.31,200,59.45,200,59.45,100
59,0.33,0.1,0.23,6.17,09:31:06,59.31,200,59.45,200,59.38,300
122,0.32,0.12,0.2,36.10000000000001,09:31:36,59.38,200,59.51,400,59.39,100
138,0.38,0.07,0.31,42.140000000000015,09:31:42,59.35,200,59.4,100,59.375,200
144,0.46,0.18,0.28,44.46000000000002,09:31:44,59.35,100,59.4,100,59.35,100
156,0.48,0.21,0.27,50.20000000000002,09:31:50,59.36,300,59.51,400,59.415,100
163,0.43,0.24,0.19,52.29000000000002,09:31:52,59.36,300,59.51,400,59.435,300
169,0.27,0.07,0.2,54.020000000000024,09:31:54,59.36,300,59.51,400,59.37,100
289,0.30000000000000004,0.14,0.16,22.069999999999993,09:32:22,59.37,300,59.45,500,59.41,100
309,0.25,0.07,0.18,28.199999999999985,09:32:28,59.35,300,59.43,200,59.4,100
338,0.3,0.08,0.22,0.0,09:33:00,59.32,100,59.37,900,59.33,100
344,0.36,0.18,0.18,3.77,09:33:03,59.31,400,59.37,200,59.34,300
354,2.19,1.96,0.23,12.57,09:33:12,59.25,200,59.33,100,59.29,100
405,0.5700000000000001,0.28,0.29,33.96,09:33:33,59.26,200,59.33,200,59.27,100
412,0.47000000000000003,0.27,0.2,35.970000000000006,09:33:35,59.25,300,59.33,100,59.31,100
417,0.39,0.2,0.19,37.88000000000001,09:33:37,59.25,300,59.33,100,59.3125,100
433,0.26,0.07,0.19,43.81000000000001,09:33:43,59.26,100,59.33,400,59.295,100
457,0.33,0.13,0.2,51.84,09:33:51,59.29,200,59.34,100,59.3025,100
499,0.38,0.19,0.19,0.0,09:34:00,59.32,200,59.36,100,59.36,100
514,3.77,3.6,0.17,14.16,09:34:14,59.27,100,59.35,200,59.32,100
515,1.4000000000000001,1.06,0.34,15.56,09:34:15,59.26,200,59.35,400,59.2925,100
566,0.33,0.08,0.25,35.86999999999999,09:34:35,59.31,300,59.38,100,59.345,100
594,0.38,0.14,0.24,46.059999999999995,09:34:46,59.35,200,59.44,100,59.44,100
600,0.35000000000000003,0.08,0.27,48.169999999999995,09:34:48,59.36,200,59.44,300,59.43,100
623,1.67,1.41,0.26,11.46,09:35:11,59.44,300,59.47,200,59.4475,100
625,2.72,2.35,0.37,14.980000000000002,09:35:14,59.42,400,59.51,100,59.4825,100
632,0.29000000000000004,0.07,0.22,18.68,09:35:18,59.42,400,59.51,400,59.51,100
641,0.4,0.18,0.22,22.53,09:35:22,59.43,400,59.55,1000,59.545,100
680,0.33,0.07,0.26,36.78000000000001,09:35:36,59.48,500,59.53,300,59.48,200
686,0.6200000000000001,0.28,0.34,39.32000000000001,09:35:39,59.48,500,59.53,100,59.53,100
741,0.23,0.07,0.16,56.81000000000002,09:35:56,59.5,400,59.54,300,59.52,100
751,0.4,0.23,0.17,0.0,09:36:00,59.54,600,59.59,300,59.57,100
759,0.38,0.21,0.17,2.25,09:36:02,59.49,200,59.54,100,59.49,100
771,2.1,1.83,0.27,11.81,09:36:11,59.49,500,59.54,100,59.54,100
790,0.38,0.09,0.29,24.490000000000002,09:36:24,59.52,400,59.6,300,59.6,100
795,0.33,0.1,0.23,26.310000000000006,09:36:26,59.52,500,59.59,300,59.5813,260
810,0.4,0.12,0.28,32.6,09:36:32,59.53,300,59.59,200,59.59,100
814,0.5800000000000001,0.19,0.39,34.5,09:36:34,59.52,600,59.59,200,59.58,100
898,1.7399999999999998,1.38,0.36,13.839999999999998,09:37:13,59.39,100,59.45,100,59.445,100
965,0.42,0.18,0.24,45.72999999999998,09:37:45,59.45,200,59.49,100,59.47,100
989,0.36,0.07,0.29,55.90999999999997,09:37:55,59.45,400,59.5,100,59.46,100
1002,0.42,0.07,0.35,0.0,09:38:00,59.45,400,59.5,300,59.495,100
1104,0.45,0.18,0.27,50.12999999999999,09:38:50,59.37,200,59.43,200,59.425,100
1152,0.44,0.2,0.24,9.950000000000001,09:39:09,59.38,200,59.44,300,59.385,100
1159,2.5700000000000003,2.24,0.33,15.510000000000002,09:39:15,59.39,200,59.44,100,59.42,100
1445,0.36,0.07,0.29,22.139999999999993,09:41:22,59.4,400,59.45,300,59.4495,246
1667,0.41000000000000003,0.13,0.28,2.25,09:43:02,59.3,100,59.31,100,59.305,100
1676,0.54,0.25,0.29,6.07,09:43:06,59.26,200,59.3,200,59.26,100
1692,1.6300000000000001,1.29,0.34,15.000000000000005,09:43:15,59.26,100,59.3,400,59.2675,100
1694,0.38,0.12,0.26,15.830000000000005,09:43:15,59.21,100,59.28,200,59.255,300
1700,0.31,0.1,0.21,17.930000000000003,09:43:17,59.21,100,59.28,400,59.245,100
1810,0.54,0.21,0.33,0.0,09:44:00,59.22,300,59.29,200,59.265,100
1841,0.39,0.18,0.21,15.99,09:44:15,59.22,100,59.23,300,59.22,100
1844,1.8399999999999999,1.48,0.36,18.669999999999998,09:44:18,59.17,100,59.23,300,59.2,100
1847,0.46,0.18,0.28,19.839999999999996,09:44:19,59.17,100,59.22,200,59.17,100
1858,0.36000000000000004,0.08,0.28,24.049999999999994,09:44:24,59.15,300,59.22,400,59.195,100
1904,0.4,0.2,0.2,41.92,09:44:41,59.17,100,59.21,200,59.18,100
1921,0.41000000000000003,0.17,0.24,47.900000000000006,09:44:47,59.15,200,59.19,200,59.16,100
1933,0.41000000000000003,0.18,0.23,51.73000000000001,09:44:51,59.15,100,59.2,100,59.155,100
1972,1.42,1.15,0.27,10.559999999999999,09:45:10,59.13,100,59.19,300,59.13,100
2052,0.39,0.15,0.24,43.910000000000004,09:45:43,59.06,2100,59.1,100,59.1,200
2056,0.51,0.28,0.23,45.660000000000004,09:45:45,59.03,2000,59.12,200,59.03,100
2061,0.44,0.2,0.24,47.67,09:45:47,59.04,200,59.11,200,59.11,100
2082,0.29000000000000004,0.07,0.22,0.0,09:46:00,59.06,500,59.12,200,59.065,100
2110,0.37,0.1,0.27,12.129999999999999,09:46:12,59.07,300,59.12,100,59.12,100
2112,2.15,1.73,0.42,14.58,09:46:14,59.07,300,59.15,100,59.09,100
2304,0.44,0.18,0.26,15.28,09:47:15,59.06,200,59.11,200,59.06,100
2338,0.48,0.24,0.24,27.289999999999996,09:47:27,59.05,100,59.08,100,59.05,100
2343,0.5900000000000001,0.27,0.32,29.419999999999995,09:47:29,59.05,100,59.13,100,59.07,100
2383,0.44,0.26,0.18,1.75,09:48:01,59.09,200,59.14,100,59.14,1800
2508,0.30000000000000004,0.07,0.23,51.66000000000001,09:48:51,59.02,100,59.08,200,59.055,100
2514,0.49,0.27,0.22,53.80000000000002,09:48:53,59.03,200,59.09,100,59.08,100
2627,0.30000000000000004,0.07,0.23,51.53000000000001,09:49:51,59.11,200,59.13,100,59.125,100
2633,0.32,0.08,0.24,53.65000000000001,09:49:53,59.12,200,59.15,100,59.135,100
2682,0.49,0.22,0.27,18.09,09:50:18,59.1,400,59.13,1200,59.115,300
2848,0.33999999999999997,0.09,0.25,30.04,09:51:30,59.14,300,59.18,100,59.15,289
3576,0.37,0.07,0.3,17.120000000000005,09:56:17,59.16,200,59.21,100,59.21,100
3885,0.30000000000000004,0.07,0.23,42.019999999999996,09:58:42,59.07,200,59.12,400,59.105,100
3908,0.3,0.09,0.21,50.12,09:58:50,59.07,300,59.12,300,59.091,100
4680,0.36,0.14,0.22,14.169999999999998,10:04:14,59.05,100,59.09,500,59.04,100
4722,0.27,0.07,0.2,32.25000000000001,10:04:32,59.04,100,59.07,200,59.045,230
4754,0.51,0.23,0.28,44.36,10:04:44,59.03,100,59.06,100,59.02,100
4881,0.43,0.19,0.24,41.67999999999999,10:05:41,59.01,400,59.06,300,59.035,100
4938,3.37,3.21,0.16,4.2700000000000005,10:06:04,59.0,200,59.01,100,59.0,100
4946,0.30000000000000004,0.13,0.17,7.870000000000002,10:06:07,59.0,200,59.01,100,59.005,282
4952,2.39,2.14,0.25,16.930000000000003,10:06:16,58.97,100,59.0,300,58.97,100
4976,0.31,0.09,0.22,25.969999999999995,10:06:25,58.95,200,58.98,100,58.96,100
5005,0.41000000000000003,0.08,0.33,36.3,10:06:36,58.95,200,58.98,400,58.98,100
5026,0.28,0.08,0.2,44.10000000000003,10:06:44,58.92,100,58.96,1000,58.94,100
5037,0.3,0.09,0.21,47.950000000000024,10:06:47,58.91,200,58.95,100,58.92,100
5063,0.27,0.08,0.19,55.98000000000003,10:06:55,58.91,200,58.94,200,58.93,100
5125,0.38,0.18,0.2,13.689999999999996,10:07:13,58.93,200,58.96,200,58.95,100
5278,0.36000000000000004,0.08,0.28,14.509999999999998,10:08:14,58.9,900,58.93,200,58.91,100
5462,168.17,168.0,0.17,0.0,10:12:00,58.81,300,58.84,500,58.84,3000
5484,0.23,0.07,0.16,6.210000000000001,10:12:06,58.81,200,58.84,500,58.835,100
5552,0.32,0.08,0.24,0.0,10:13:00,58.78,300,58.81,200,58.82,100
5557,0.35000000000000003,0.07,0.28,2.0500000000000003,10:13:02,58.78,400,58.81,200,58.78,200
5559,1.82,1.57,0.25,4.54,10:13:04,58.78,200,58.81,200,58.795,465
5560,2.4,2.01,0.39,6.9399999999999995,10:13:06,58.78,200,58.81,200,58.81,100
5564,0.38,0.18,0.2,9.92,10:13:09,58.78,200,58.81,300,58.8,169
5570,0.36,0.09,0.27,12.0,10:13:12,58.76,200,58.8,100,58.77,100
5591,0.46,0.26,0.2,24.01,10:13:24,58.76,200,58.77,100,58.765,100
5597,0.25,0.07,0.18,25.91,10:13:25,58.73,200,58.76,200,58.75,100
5608,0.47,0.23,0.24,30.09,10:13:30,58.72,500,58.76,200,58.745,200
5614,0.26,0.07,0.19,31.950000000000003,10:13:31,58.72,500,58.74,200,58.74,100
5619,0.44999999999999996,0.24,0.21,34.17000000000001,10:13:34,58.73,200,58.74,100,58.7398,400
5624,0.45999999999999996,0.21,0.25,36.20000000000002,10:13:36,58.72,100,58.74,100,58.73,100
5640,0.30000000000000004,0.07,0.23,41.90000000000003,10:13:41,58.71,500,58.73,100,58.72,100
5646,0.42,0.24,0.18,44.260000000000026,10:13:44,58.71,400,58.74,400,58.71,100
5819,0.39,0.21,0.18,44.310000000000024,10:14:44,58.76,100,58.81,100,58.79,200
5983,0.25,0.07,0.18,55.680000000000035,10:15:55,58.79,300,58.83,300,58.83,1194
6031,0.27,0.08,0.19,12.32,10:16:12,58.76,200,58.8,100,58.785,20800
6157,0.44,0.21,0.23,4.26,10:17:04,58.78,200,58.82,300,58.7801,1472
6207,0.33999999999999997,0.15,0.19,34.15000000000001,10:17:34,58.85,100,58.87,200,58.85,100
6389,0.44999999999999996,0.24,0.21,26.359999999999996,10:19:26,58.82,100,58.84,100,58.8314,100
6405,0.48000000000000004,0.28,0.2,32.349999999999994,10:19:32,58.84,200,58.92,200,58.89,100
6451,1.02,0.77,0.25,2.73,10:20:02,58.87,100,58.9,100,58.915,100
6467,0.39,0.12,0.27,9.93,10:20:09,58.87,100,58.9,300,58.886,1600
6526,0.31,0.09,0.22,31.869999999999994,10:20:31,58.86,200,58.88,100,58.86,100
6605,0.5900000000000001,0.07,0.52,36.04999999999999,10:21:36,58.78,100,58.81,400,58.7875,300
6647,0.49,0.18,0.31,26.020000000000007,10:22:26,58.75,600,58.78,100,58.76,100
6821,0.43,0.22,0.21,45.900000000000006,10:23:45,58.86,100,58.92,100,58.9,100
6838,0.33,0.1,0.23,51.63000000000002,10:23:51,58.88,200,58.91,100,58.885,105
6856,4.62,4.28,0.34,8.959999999999999,10:24:08,58.88,200,58.91,100,58.895,100
6919,0.44999999999999996,0.24,0.21,42.05999999999999,10:24:42,58.9,400,58.95,200,58.935,100
7554,0.26,0.08,0.18,53.79000000000003,10:29:53,58.69,300,58.73,200,58.7,100
7566,0.52,0.19,0.33,58.06000000000003,10:29:58,58.69,400,58.73,200,58.69,100
7963,0.5,0.23,0.27,15.850000000000001,10:34:15,58.76,100,58.78,100,58.775,600
8280,0.75,0.19,0.56,29.720000000000006,10:37:29,58.75,600,58.76,300,58.755,100
8646,0.5800000000000001,0.07,0.51,52.2,10:41:52,58.7,300,58.71,400,58.705,200
8712,0.46,0.08,0.38,37.910000000000004,10:42:37,58.68,700,58.71,100,58.68,100
8715,0.6000000000000001,0.07,0.53,39.71000000000001,10:42:39,58.68,700,58.71,100,58.695,100
8755,0.62,0.15,0.47,3.9699999999999998,10:43:03,58.7,500,58.71,200,58.7025,1200
8863,0.6399999999999999,0.07,0.57,20.16,10:44:20,58.66,200,58.68,100,58.67,4500
9099,0.94,0.35,0.59,56.95000000000002,10:46:56,58.65,300,58.68,200,58.665,6300
9115,2.97,2.47,0.5,3.41,10:47:03,58.65,300,58.66,100,58.66,100
9119,0.63,0.19,0.44,6.62,10:47:06,58.63,300,58.66,200,58.64,100
9179,0.59,0.09,0.5,42.660000000000004,10:47:42,58.63,400,58.66,200,58.655,100
9185,0.6100000000000001,0.07,0.54,46.27000000000001,10:47:46,58.65,100,58.66,200,58.65,100
9199,0.6,0.18,0.42,6.199999999999999,10:48:06,58.6,500,58.61,300,58.61,100
9202,2.9800000000000004,2.45,0.53,10.379999999999999,10:48:10,58.61,100,58.63,100,58.62,100
9214,0.6,0.15,0.45,24.209999999999997,10:48:24,58.6,700,58.62,400,58.6,100
9264,0.6,0.24,0.36,52.19,10:48:52,58.62,200,58.63,300,58.63,100
9296,0.43,0.08,0.35,10.829999999999998,10:49:10,58.64,300,58.67,300,58.6525,100
9352,0.8500000000000001,0.2,0.65,45.85,10:49:45,58.58,100,58.59,200,58.59,100
9355,0.76,0.07,0.69,48.21,10:49:48,58.56,300,58.59,300,58.5725,400
9357,0.63,0.08,0.55,49.45,10:49:49,58.54,700,58.57,300,58.54,100
9360,0.6,0.13,0.47,51.620000000000005,10:49:51,58.56,300,58.59,200,58.55,200
9555,0.76,0.12,0.64,11.209999999999999,10:52:11,58.72,300,58.75,100,58.735,200
9847,0.5599999999999999,0.08,0.48,30.36000000000001,10:57:30,58.64,300,58.65,300,58.645,100
9882,0.6,0.24,0.36,50.150000000000034,10:57:50,58.63,100,58.64,400,58.635,100
10024,0.59,0.22,0.37,15.809999999999997,10:59:15,58.68,400,58.69,200,58.685,200
10128,0.75,0.07,0.68,28.549999999999994,11:00:28,58.67,100,58.69,100,58.6783,1000
10243,0.61,0.22,0.39,51.779999999999994,11:01:51,58.67,400,58.68,100,58.675,200
10359,0.56,0.22,0.34,8.99,11:05:08,58.73,100,58.75,100,58.7368,287
10512,0.44,0.08,0.36,1.01,11:07:01,58.71,200,58.72,300,58.7149,294
10916,0.61,0.18,0.43,22.459999999999997,11:11:22,58.79,300,58.8,100,58.797,100
11070,0.78,0.07,0.71,6.0200000000000005,11:13:06,58.78,200,58.8,100,58.7932,1800
11226,0.74,0.08,0.66,16.02,11:16:16,58.75,400,58.78,600,58.7767,100
11345,0.46,0.07,0.39,9.870000000000001,11:18:09,58.82,300,58.87,200,58.87,200
11454,0.63,0.15,0.48,1.2200000000000002,11:19:01,58.86,200,58.88,300,58.88,100
11588,1.4300000000000002,1.04,0.39,14.229999999999999,11:21:14,58.88,300,58.93,100,58.9299,130
11623,0.62,0.17,0.45,39.64,11:21:39,58.88,600,58.93,300,58.905,100
11813,0.81,0.28,0.53,52.38000000000002,11:23:52,58.86,400,58.88,500,58.8752,1000
12049,0.74,0.07,0.67,7.76,11:27:07,58.82,200,58.84,100,58.845,700
12099,0.63,0.08,0.55,0.0,11:29:00,58.81,200,58.84,300,58.825,100
12468,0.62,0.09,0.53,0.0,11:34:00,58.71,400,58.74,100,58.7253,230
12799,3.9899999999999998,3.4,0.59,8.82,11:41:08,58.73,100,58.75,1300,58.7425,100
13295,4.75,4.48,0.27,9.84,11:46:09,58.74,200,58.76,200,58.7499,100
14337,0.33999999999999997,0.13,0.21,55.86,11:52:55,58.71,200,58.72,100,58.715,200
15599,0.28,0.1,0.18,23.77,12:01:23,58.71,300,58.72,500,58.7125,100
16322,0.31,0.08,0.23,54.98,12:05:54,58.6,400,58.63,200,58.6168,119
16366,0.25,0.08,0.17,18.820000000000004,12:06:18,58.57,300,58.61,200,58.58,200
16501,2.19,2.0,0.19,5.09,12:07:05,58.56,300,58.6,200,58.57,100
16686,0.33999999999999997,0.12,0.22,5.8,12:08:05,58.58,100,58.61,200,58.6099,150
16884,0.25,0.08,0.17,21.96,12:09:21,58.56,100,58.57,100,58.56,100
16887,0.30000000000000004,0.14,0.16,23.01,12:09:23,58.56,100,58.57,300,58.565,100
16972,5.26,5.06,0.2,5.26,12:10:05,58.51,100,58.54,600,58.52,100
16975,0.26,0.08,0.18,6.1499999999999995,12:10:06,58.5,600,58.54,600,58.51,100
16977,1.57,1.33,0.24,10.66,12:10:10,58.5,900,58.52,200,58.5,100
17185,0.35,0.17,0.18,0.0,12:11:00,58.53,100,58.55,100,58.5499,180
17546,0.29000000000000004,0.13,0.16,43.82000000000001,12:13:43,58.53,700,58.54,300,58.535,100
17573,0.39,0.23,0.16,52.080000000000005,12:13:52,58.53,400,58.54,300,58.53,100
17722,0.46,0.27,0.19,44.03000000000002,12:14:44,58.52,100,58.53,600,58.525,100
17850,0.31,0.12,0.19,45.81000000000003,12:15:45,58.52,100,58.54,200,58.521,200
17998,0.27,0.08,0.19,33.10000000000002,12:16:33,58.57,300,58.58,200,58.575,100
18273,0.24000000000000002,0.07,0.17,19.149999999999995,12:18:19,58.49,100,58.51,100,58.4999,153
18383,0.35,0.18,0.17,0.0,12:19:00,58.47,900,58.49,100,58.48,100
18507,0.30000000000000004,0.07,0.23,46.47000000000001,12:19:46,58.47,900,58.49,400,58.49,100
18983,0.28,0.09,0.19,51.92,12:22:51,58.47,700,58.48,200,58.47,100
19022,0.30000000000000004,0.07,0.23,0.0,12:23:00,58.48,200,58.49,200,58.488,200
19042,0.26,0.07,0.19,11.989999999999998,12:23:11,58.47,500,58.5,300,58.4869,200
19588,2.2800000000000002,2.06,0.22,0.0,12:27:00,58.46,300,58.49,200,58.46,100
19807,0.32,0.13,0.19,9.68,12:28:09,58.49,900,58.51,300,58.495,100
20100,0.27,0.07,0.2,26.160000000000007,12:30:26,58.48,200,58.51,400,58.4842,200
20201,0.36,0.17,0.19,0.0,12:31:00,58.44,100,58.46,200,58.45,100
20241,0.41000000000000003,0.23,0.18,20.13999999999999,12:31:20,58.42,500,58.44,200,58.44,100
20298,0.37,0.2,0.17,38.11999999999998,12:31:38,58.42,600,58.44,200,58.43,100
20356,0.38,0.2,0.18,1.85,12:32:01,58.44,100,58.45,200,58.445,100
20360,0.3,0.08,0.22,4.11,12:32:04,58.4,600,58.44,100,58.42,200
20365,3.59,3.3,0.29,11.379999999999999,12:32:11,58.41,300,58.44,100,58.41,100
20579,0.25,0.07,0.18,33.78,12:33:33,58.4,200,58.43,200,58.403,100
20586,0.25,0.07,0.18,36.050000000000004,12:33:36,58.39,400,58.42,100,58.4008,100
20605,0.46,0.27,0.19,42.239999999999995,12:33:42,58.39,300,58.42,200,58.4,100
20610,0.34,0.07,0.27,44.00999999999999,12:33:44,58.39,200,58.42,200,58.4125,100
20749,0.25,0.08,0.17,13.830000000000004,12:34:13,58.41,400,58.42,300,58.415,100
21230,0.42000000000000004,0.2,0.22,41.97000000000002,12:37:41,58.52,300,58.53,400,58.5247,100
21349,0.4,0.19,0.21,28.149999999999995,12:38:28,58.56,200,58.58,500,58.5736,424
21351,2.54,2.31,0.23,31.119999999999994,12:38:31,58.56,100,58.58,500,58.5699,100
21587,0.29000000000000004,0.07,0.22,37.96999999999998,12:40:37,58.47,200,58.5,300,58.485,100
22085,0.34,0.14,0.2,16.980000000000008,12:46:16,58.45,300,58.47,400,58.4598,400
22183,0.39,0.22,0.17,8.55,12:47:08,58.44,400,58.47,300,58.4565,200
22794,1.99,1.66,0.33,0.0,12:51:00,58.46,300,58.49,800,58.475,100
23266,2.0,1.76,0.24,5.11,12:54:05,58.45,500,58.47,600,58.465,200
23328,0.28,0.08,0.2,31.860000000000014,12:54:31,58.44,100,58.45,200,58.4499,109
23482,0.30000000000000004,0.14,0.16,41.710000000000015,12:55:41,58.5,200,58.53,100,58.515,100
24537,0.42000000000000004,0.23,0.19,42.28,13:03:42,58.47,200,58.48,300,58.4799,120
24942,3.78,3.59,0.19,12.5,13:09:12,58.43,1200,58.46,900,58.4599,132
25045,0.41000000000000003,0.18,0.23,48.06,13:09:48,58.45,100,58.47,600,58.4699,103
25592,0.56,0.14,0.42,24.35,13:14:24,58.45,500,58.46,1100,58.455,200
25849,0.42000000000000004,0.09,0.33,31.980000000000004,13:17:31,58.37,100,58.4,100,58.38,100
25853,0.6000000000000001,0.2,0.4,34.18000000000001,13:17:34,58.36,200,58.39,100,58.37,100
25856,0.44,0.08,0.36,35.81000000000001,13:17:35,58.35,400,58.39,400,58.36,100
25860,0.6000000000000001,0.07,0.53,38.02000000000001,13:17:38,58.35,400,58.39,300,58.39,100
26181,0.56,0.13,0.43,9.350000000000001,13:21:09,58.35,800,58.39,700,58.35,100
26280,0.61,0.08,0.53,10.209999999999999,13:22:10,58.34,400,58.36,400,58.34,100
26317,0.72,0.3,0.42,30.180000000000007,13:22:30,58.33,500,58.34,500,58.33,100
26432,0.64,0.19,0.45,41.42999999999999,13:23:41,58.35,400,58.38,200,58.365,100
26501,1.2100000000000002,0.11,1.1,0.0,13:25:00,58.36,200,58.39,400,58.375,100
26547,1.1900000000000002,0.09,1.1,0.0,13:26:00,58.34,700,58.35,200,58.345,100
26562,1.79,0.39,1.4,18.18,13:26:18,58.33,200,58.34,200,58.335,100
26580,1.01,0.08,0.93,36.99,13:26:36,58.32,700,58.34,500,58.32,100
26594,0.99,0.12,0.87,52.77000000000002,13:26:52,58.32,600,58.33,600,58.325,100
26619,1.2,0.15,1.05,19.630000000000003,13:27:19,58.32,200,58.33,500,58.3275,101
26621,1.21,0.07,1.14,22.030000000000005,13:27:22,58.3,300,58.33,600,58.31,100
26622,1.42,0.26,1.16,23.450000000000003,13:27:23,58.3,600,58.32,200,58.315,100
26633,1.21,0.24,0.97,35.80000000000001,13:27:35,58.3,600,58.31,100,58.305,100
26638,1.0,0.07,0.93,41.20000000000002,13:27:41,58.3,100,58.31,1400,58.3,100
26642,1.1800000000000002,0.08,1.1,45.99000000000002,13:27:45,58.29,400,58.3,200,58.29,100
26647,1.4200000000000002,0.09,1.33,52.450000000000024,13:27:52,58.28,200,58.3,400,58.28,100
26649,4.59,3.5,1.09,4.59,13:28:04,58.28,300,58.3,300,58.285,500
26675,1.01,0.08,0.93,35.81000000000001,13:28:35,58.29,500,58.3,500,58.2939,100
26715,1.17,0.34,0.83,34.790000000000006,13:29:34,58.27,600,58.28,100,58.27,371
26717,1.19,0.21,0.98,37.2,13:29:37,58.27,600,58.28,600,58.275,100
26739,1.37,0.08,1.29,3.8,13:30:03,58.26,100,58.28,900,58.26,200
26742,1.3900000000000001,0.07,1.32,7.42,13:30:07,58.25,300,58.28,900,58.265,100
26770,1.21,0.24,0.97,43.400000000000006,13:30:43,58.31,100,58.33,100,58.3225,103
27030,1.41,0.23,1.18,31.789999999999996,13:36:31,58.34,200,58.37,300,58.3625,100
27035,1.01,0.14,0.87,37.37999999999999,13:36:37,58.34,200,58.37,300,58.355,100
27156,1.19,0.37,0.82,7.629999999999999,13:39:07,58.39,100,58.42,100,58.405,100
27479,1.4,0.23,1.17,31.810000000000002,13:46:31,58.35,400,58.41,500,58.3999,108
28061,1.01,0.07,0.94,36.58999999999999,13:57:36,58.31,300,58.33,400,58.3213,1000
28075,0.81,0.07,0.74,50.169999999999995,13:57:50,58.31,300,58.33,500,58.3252,1000
28159,1.19,0.18,1.01,36.970000000000006,13:59:36,58.33,300,58.35,400,58.339,100
28237,0.98,0.23,0.75,15.8,14:01:15,58.3,600,58.32,1200,58.3199,102
28286,1.58,0.58,1.0,16.189999999999998,14:02:16,58.25,200,58.27,600,58.25,100
28300,0.8099999999999999,0.09,0.72,31.789999999999992,14:02:31,58.23,100,58.24,400,58.24,100
28302,0.98,0.24,0.74,33.57999999999999,14:02:33,58.23,100,58.24,300,58.23,100
28308,0.98,0.25,0.73,39.16999999999998,14:02:39,58.21,500,58.23,100,58.22,100
28469,1.4000000000000001,0.1,1.3,0.0,14:06:00,58.25,300,58.26,200,58.2599,121
28622,1.19,0.18,1.01,6.369999999999999,14:09:06,58.35,400,58.38,100,58.3799,100
28774,0.98,0.07,0.91,0.0,14:12:00,58.34,400,58.35,700,58.3499,100
28852,0.8200000000000001,0.17,0.65,25.8,14:13:25,58.31,700,58.33,1200,58.3101,234
28983,0.97,0.09,0.88,0.0,14:15:00,58.39,600,58.43,100,58.4299,100
29189,0.99,0.27,0.72,35.419999999999995,14:19:35,58.37,400,58.4,200,58.385,100
29275,0.6100000000000001,0.07,0.54,53.050000000000004,14:20:53,58.38,500,58.4,800,58.3915,200
29929,0.7999999999999999,0.1,0.7,0.0,14:28:00,58.42,600,58.43,400,58.425,100
30359,0.8200000000000001,0.2,0.62,30.380000000000003,14:32:30,58.48,200,58.49,700,58.4825,100
30639,0.6,0.17,0.43,27.46,14:38:27,58.46,200,58.47,500,58.4683,143
32456,0.62,0.25,0.37,50.419999999999995,15:00:50,58.5,500,58.51,1700,58.505,100
32496,0.79,0.24,0.55,15.149999999999999,15:01:15,58.49,300,58.51,1000,58.4908,199
33015,0.97,0.28,0.69,22.069999999999993,15:08:22,58.64,200,58.65,200,58.6458,125
33177,4.37,3.72,0.65,13.8,15:10:13,58.62,600,58.63,700,58.625,100
33685,0.6000000000000001,0.2,0.4,53.75999999999998,15:15:53,58.68,400,58.69,100,58.681000000000004,100
34271,0.62,0.21,0.41,55.73000000000005,15:22:55,58.85,900,58.86,500,58.855,100
34273,0.6100000000000001,0.07,0.54,56.93000000000005,15:22:56,58.85,900,58.86,500,58.8599,100
34377,3.59,3.01,0.58,10.75,15:24:10,58.81,200,58.83,400,58.8225,100
34467,0.47000000000000003,0.08,0.39,17.809999999999995,15:25:17,58.81,300,58.82,500,58.815,100
35819,3.1500000000000004,2.6,0.55,0.0,15:41:00,58.71,600,58.73,400,58.7192,100
36490,0.6200000000000001,0.07,0.55,58.39999999999999,15:48:58,58.79,1000,58.8,1000,58.7901,143
36778,0.6,0.09,0.51,38.02000000000001,15:52:38,58.72,400,58.73,1200,58.725,100
36906,1.9700000000000002,1.34,0.63,17.009999999999998,15:54:17,58.8,800,58.81,1000,58.805,100
37189,0.63,0.14,0.49,12.410000000000002,15:59:12,58.72,800,58.73,5300,58.7275,100
