,Total Delay,Request Delay,Saving Delay,Arrival Time,Time,Bid,Bid Size,Ask,Ask Size,Last Price,Last Size
0,0.6499999999999999,0.3,0.35,0.6499999999999999,09:30:00,199.36,1200,199.51,1000,199.41,100
6,0.28,0.08,0.2,2.6000000000000005,09:30:02,199.33,100,199.51,1000,199.32,200
12,0.35,0.16,0.19,4.76,09:30:04,199.19,500,199.36,100,199.2,100
22,0.3,0.08,0.22,8.47,09:30:08,199.2,100,199.32,100,199.26,147
28,0.5800000000000001,0.27,0.31,10.940000000000001,09:30:10,199.19,400,199.32,100,199.2745,100
37,0.44,0.21,0.23,14.589999999999998,09:30:14,199.26,100,199.4,800,199.265,100
46,0.35000000000000003,0.08,0.27,0.35000000000000003,09:31:00,199.19,100,199.35,100,199.19,700
56,0.30000000000000004,0.07,0.23,5.329999999999999,09:31:05,199.19,100,199.31,500,199.25,150
59,0.33,0.1,0.23,6.52,09:31:06,199.15,100,199.25,100,199.15,100
65,0.31,0.07,0.24,10.33,09:31:10,199.14,100,199.31,500,199.3099,2000
68,0.9600000000000001,0.68,0.28,11.96,09:31:11,199.14,100,199.31,500,199.28,100
69,0.42,0.21,0.21,12.38,09:31:12,199.22,200,199.38,500,199.3,100
71,0.37,0.18,0.19,15.12,09:31:15,199.24,200,199.35,300,199.35,100
75,0.89,0.62,0.27,16.97,09:31:16,199.22,200,199.31,400,199.31,200
80,1.4100000000000001,1.07,0.34,21.98,09:31:21,199.23,400,199.4,500,199.3226,408
87,0.25,0.08,0.17,24.230000000000004,09:31:24,199.22,200,199.39,200,199.315,100
94,0.27,0.07,0.2,26.520000000000003,09:31:26,199.14,200,199.31,200,199.1783,200
99,0.27,0.07,0.2,28.39,09:31:28,199.14,100,199.22,300,199.16,618
127,0.6000000000000001,0.27,0.33,38.56000000000002,09:31:38,199.15,100,199.24,100,199.155,200
133,0.26,0.07,0.19,40.52000000000002,09:31:40,199.19,200,199.25,100,199.22,100
138,0.38,0.07,0.31,42.490000000000016,09:31:42,199.19,200,199.32,100,199.2931,210
144,0.46,0.18,0.28,44.810000000000024,09:31:44,199.19,100,199.3,100,199.29,200
147,0.47,0.22,0.25,46.090000000000025,09:31:46,199.19,100,199.3,100,199.299,100
148,0.4,0.08,0.32,46.49000000000002,09:31:46,199.19,100,199.32,100,199.24,200
152,0.74,0.21,0.53,48.72000000000002,09:31:48,199.19,200,199.33,600,199.215,300
156,0.48,0.21,0.27,50.55000000000002,09:31:50,199.19,200,199.33,300,199.285,400
175,0.32,0.14,0.18,56.32000000000002,09:31:56,199.22,200,199.32,100,199.27,100
182,0.33,0.07,0.26,58.61000000000002,09:31:58,199.25,100,199.4,1500,199.4,400
186,0.29,0.08,0.21,0.0,09:32:00,199.53,100,199.59,100,199.51,1000
193,0.41000000000000003,0.21,0.2,2.27,09:32:02,199.48,100,199.69,200,199.6417,1000
197,2.11,1.93,0.18,5.2,09:32:05,199.7,100,199.74,500,199.7256,1000
200,2.27,2.05,0.22,8.01,09:32:08,199.6,100,199.7,100,199.61,100
201,4.77,4.56,0.21,12.78,09:32:12,199.55,300,199.69,400,199.6899,100
202,2.2199999999999998,2.03,0.19,15.0,09:32:15,199.68,400,199.8,1300,199.7999,100
206,0.24000000000000002,0.07,0.17,16.12,09:32:16,199.9,100,199.98,200,199.96,163
209,1.96,1.75,0.21,18.8,09:32:18,200.16,100,200.29,100,200.2703,169
213,0.26,0.08,0.18,19.849999999999998,09:32:19,200.16,100,200.29,100,200.29,200
214,0.33999999999999997,0.18,0.16,20.189999999999998,09:32:20,200.26,100,200.48,300,200.395,100
220,0.37,0.21,0.16,22.08,09:32:22,200.26,200,200.46,100,200.365,100
221,0.26,0.08,0.18,22.34,09:32:22,200.26,200,200.45,100,200.47,100
226,0.25,0.08,0.17,23.83,09:32:23,200.26,200,200.45,100,200.355,100
227,0.36,0.19,0.17,24.189999999999998,09:32:24,200.26,400,200.47,100,200.36,300
234,0.23,0.07,0.16,26.159999999999997,09:32:26,200.26,400,200.47,100,200.27,100
240,0.27,0.09,0.18,28.139999999999993,09:32:28,200.12,100,200.41,100,200.2133,300
241,0.26,0.09,0.17,28.399999999999995,09:32:28,200.15,200,200.39,100,200.3658,1000
246,0.36,0.18,0.18,30.23999999999999,09:32:30,200.26,500,200.42,100,200.315,100
252,0.24000000000000002,0.07,0.17,32.32999999999999,09:32:32,200.27,200,200.45,100,200.3585,700
262,0.37,0.2,0.17,35.899999999999984,09:32:35,200.15,400,200.45,300,200.24,310
264,0.24000000000000002,0.07,0.17,36.509999999999984,09:32:36,200.15,300,200.3,400,200.248,500
276,0.24000000000000002,0.07,0.17,40.38999999999998,09:32:40,200.24,200,200.42,100,200.2401,100
283,0.25,0.09,0.16,42.359999999999985,09:32:42,200.24,300,200.41,200,200.3234,100
289,0.30000000000000004,0.14,0.16,44.40999999999999,09:32:44,200.24,300,200.4,100,200.26,100
295,0.33999999999999997,0.18,0.16,46.37,09:32:46,200.24,200,200.35,200,200.3004,300
302,0.39,0.22,0.17,48.61,09:32:48,200.24,200,200.4,200,200.4,200
309,0.25,0.07,0.18,50.54,09:32:50,200.34,1600,200.45,2100,200.45,100
315,0.3,0.08,0.22,52.58,09:32:52,200.29,100,200.4,100,200.2978,200
320,0.69,0.28,0.41,54.9,09:32:54,200.29,700,200.46,100,200.37,100
323,0.47,0.22,0.25,56.059999999999995,09:32:56,200.3,800,200.46,100,200.38,200
325,0.25,0.07,0.18,56.56999999999999,09:32:56,200.35,100,200.47,300,200.39,100
336,0.29,0.08,0.21,59.830000000000005,09:32:59,200.37,600,200.47,100,200.44,100
338,0.3,0.08,0.22,0.3,09:33:00,200.31,500,200.48,200,200.3313,5000
343,2.23,1.98,0.25,3.71,09:33:03,200.39,500,200.47,200,200.3933,610
344,0.36,0.18,0.18,4.07,09:33:04,200.27,200,200.48,100,200.3225,189
352,0.35,0.18,0.17,10.1,09:33:10,200.27,100,200.33,100,200.3,115
354,2.19,1.96,0.23,12.87,09:33:12,200.27,100,200.4,300,200.3484,500
356,2.15,1.91,0.24,15.28,09:33:15,200.0,500,200.1,100,200.095,200
359,0.35,0.18,0.17,16.14,09:33:16,200.06,400,200.22,200,200.19,100
362,2.69,2.48,0.21,19.31,09:33:19,200.06,400,200.17,200,200.06,200
365,0.42000000000000004,0.23,0.19,20.26,09:33:20,200.6,3100,200.72,100,200.6,300
370,0.66,0.28,0.38,22.390000000000004,09:33:22,200.35,100,200.6,100,200.53,200
375,0.32,0.15,0.17,24.220000000000006,09:33:24,200.36,600,200.6,200,200.4935,300
381,0.41000000000000003,0.22,0.19,26.200000000000006,09:33:26,200.43,600,200.68,100,200.635,100
387,0.42000000000000004,0.22,0.2,28.420000000000005,09:33:28,200.45,400,200.64,100,200.57,100
392,0.3,0.09,0.21,29.820000000000004,09:33:29,200.45,400,200.64,100,200.545,100
393,0.35,0.18,0.17,30.170000000000005,09:33:30,200.47,400,200.61,200,200.4887,308
399,0.38,0.21,0.17,32.25000000000001,09:33:32,200.48,600,200.58,100,200.524,200
405,0.5700000000000001,0.28,0.29,34.260000000000005,09:33:34,200.48,600,200.56,100,200.5471,1000
412,0.47000000000000003,0.27,0.2,36.27000000000001,09:33:36,200.48,300,200.55,200,200.515,100
423,0.28,0.07,0.21,40.33000000000002,09:33:40,200.63,200,200.7,500,200.61,100
427,0.41000000000000003,0.17,0.24,42.30000000000001,09:33:42,200.65,200,200.72,200,200.665,100
433,0.26,0.07,0.19,44.110000000000014,09:33:44,200.67,200,200.7,100,200.69099999999997,100
440,0.45,0.25,0.2,46.49000000000002,09:33:46,200.59,100,200.71,100,200.6568,500
445,0.39,0.21,0.18,48.12000000000002,09:33:48,200.52,100,200.71,100,200.55,200
452,0.26,0.07,0.19,50.250000000000014,09:33:50,200.73,200,200.76,100,200.76,100
457,0.33,0.13,0.2,52.14000000000001,09:33:52,200.73,200,200.8,100,200.765,100
458,0.27,0.09,0.18,52.41000000000001,09:33:52,200.67,100,200.77,100,200.72,100
462,0.45000000000000007,0.28,0.17,53.99000000000001,09:33:53,200.67,100,200.77,100,200.77,200
464,0.39,0.17,0.22,54.66000000000001,09:33:54,200.55,400,200.75,200,200.75,200
470,0.41000000000000003,0.19,0.22,56.65000000000001,09:33:56,200.55,300,200.68,100,200.68,200
475,0.32,0.09,0.23,58.51000000000001,09:33:58,200.72,100,200.82,100,200.78,100
492,0.34,0.14,0.2,4.010000000000001,09:34:04,200.52,100,200.72,300,200.54,100
498,0.39,0.14,0.25,5.84,09:34:05,200.52,100,200.71,100,200.537,400
499,0.38,0.19,0.19,6.22,09:34:06,200.41,400,200.7,100,200.66,200
502,0.6799999999999999,0.49,0.19,7.6,09:34:07,200.41,400,200.7,100,200.69,100
503,0.44,0.22,0.22,8.04,09:34:08,200.46,200,200.67,100,200.67,100
508,1.78,1.57,0.21,11.239999999999998,09:34:11,200.53,100,200.7,300,200.6941,100
509,2.14,1.95,0.19,13.379999999999999,09:34:13,200.54,100,200.7,300,200.6296,1000
513,2.17,1.87,0.3,16.61,09:34:16,200.43,200,200.61,100,200.493,1000
515,1.4000000000000001,1.06,0.34,21.779999999999998,09:34:21,200.43,100,200.65,100,200.435,100
516,0.42000000000000004,0.2,0.22,22.2,09:34:22,200.15,100,200.3,100,200.2048,1000
522,0.33,0.07,0.26,24.469999999999995,09:34:24,199.95,100,200.09,500,200.0,200
527,0.43,0.21,0.22,26.20999999999999,09:34:26,199.69,700,199.93,200,199.75,450
530,0.7,0.2,0.5,27.76999999999999,09:34:27,199.69,700,199.92,200,199.7935,140
531,0.51,0.17,0.34,28.27999999999999,09:34:28,199.65,300,199.8,200,199.7,200
535,0.39,0.08,0.31,30.049999999999994,09:34:30,199.66,200,199.8,200,199.765,100
540,0.35,0.13,0.22,31.939999999999994,09:34:31,199.83,200,199.99,100,199.835,100
546,0.45,0.2,0.25,34.08,09:34:34,199.91,300,199.99,100,199.845,100
551,0.47,0.25,0.22,35.97,09:34:35,200.08,200,200.25,100,200.165,600
561,0.26,0.08,0.18,40.00999999999999,09:34:40,200.15,300,200.3,100,200.299,100
571,0.32,0.07,0.25,44.09999999999999,09:34:44,200.28,100,200.4,300,200.28,400
577,0.43,0.14,0.29,46.29999999999999,09:34:46,200.27,300,200.4,100,200.3506,500
583,0.31,0.13,0.18,48.12999999999999,09:34:48,200.08,400,200.27,100,200.1265,165
588,0.29000000000000004,0.07,0.22,50.01999999999999,09:34:50,200.08,500,200.26,200,200.09,100
594,0.38,0.14,0.24,52.279999999999994,09:34:52,200.08,500,200.26,100,200.17,250
600,0.35000000000000003,0.08,0.27,54.38999999999999,09:34:54,200.08,500,200.26,100,200.199,500
609,0.49,0.2,0.29,58.589999999999996,09:34:58,200.15,100,200.24,100,200.2005,100
621,0.33,0.07,0.26,6.3500000000000005,09:35:06,200.42,100,200.5,600,200.49,180
622,3.44,3.13,0.31,9.790000000000001,09:35:09,200.36,200,200.42,200,200.42,100
623,1.67,1.41,0.26,11.46,09:35:11,200.36,300,200.52,400,200.5199,100
625,2.72,2.35,0.37,14.980000000000002,09:35:14,200.31,300,200.44,100,200.34,400
641,0.4,0.18,0.22,22.53,09:35:22,200.26,200,200.47,100,200.3305,1000
647,0.43000000000000005,0.16,0.27,24.77,09:35:24,200.27,300,200.47,200,200.396,520
674,0.44999999999999996,0.21,0.24,34.75,09:35:34,200.29,300,200.44,100,200.4244,100
680,0.33,0.07,0.26,36.78000000000001,09:35:36,200.36,200,200.5,200,200.4412,210
686,0.6200000000000001,0.28,0.34,39.32000000000001,09:35:39,200.36,200,200.49,200,200.3601,119
689,0.28,0.07,0.21,40.66000000000001,09:35:40,200.42,100,200.48,200,200.455,100
695,0.6200000000000001,0.28,0.34,42.92,09:35:42,200.28,100,200.49,100,200.3462,180
701,0.26,0.08,0.18,44.800000000000004,09:35:44,200.42,100,200.5,100,200.48,100
707,0.25,0.07,0.18,46.68000000000001,09:35:46,200.48,100,200.59,200,200.5419,1000
708,0.25,0.08,0.17,46.93000000000001,09:35:46,200.48,100,200.59,100,200.5483,300
714,0.44,0.26,0.18,48.92000000000001,09:35:48,200.48,100,200.58,200,200.4805,100
719,0.26,0.07,0.19,50.400000000000006,09:35:50,200.48,100,200.58,300,200.5186,750
727,0.38,0.21,0.17,53.05000000000001,09:35:53,200.48,500,200.56,300,200.5096,1500
741,0.23,0.07,0.16,56.81000000000002,09:35:56,200.48,100,200.57,200,200.525,100
756,0.31000000000000005,0.14,0.17,1.3900000000000001,09:36:01,200.4,700,200.48,100,200.4464,400
764,0.29,0.08,0.21,3.9400000000000004,09:36:03,200.29,200,200.38,200,200.3799,100
765,0.44000000000000006,0.17,0.27,4.380000000000001,09:36:04,200.29,200,200.38,200,200.347,120
767,1.8299999999999998,1.63,0.2,6.610000000000001,09:36:06,200.3,1500,200.37,100,200.3394,200
771,2.1,1.83,0.27,11.81,09:36:11,200.4,100,200.48,200,200.4447,500
772,0.24000000000000002,0.07,0.17,12.05,09:36:12,200.37,100,200.47,300,200.46,157
778,0.39,0.21,0.18,16.39,09:36:16,200.31,200,200.38,500,200.31,100
780,0.43,0.19,0.24,20.580000000000002,09:36:20,200.3,100,200.37,100,200.335,100
805,0.65,0.28,0.37,30.470000000000006,09:36:30,200.27,300,200.37,100,200.32,100
810,0.4,0.12,0.28,32.6,09:36:32,200.28,100,200.37,100,200.33,100
845,0.52,0.16,0.36,47.82999999999999,09:36:47,200.3,200,200.4,200,200.375,100
846,0.75,0.21,0.54,48.57999999999999,09:36:48,200.31,300,200.44,100,200.4345,1100
855,0.35000000000000003,0.07,0.28,52.44,09:36:52,200.32,400,200.43,300,200.325,100
865,0.38,0.07,0.31,56.13,09:36:56,200.36,300,200.43,200,200.3908,100
878,0.5900000000000001,0.07,0.52,0.0,09:37:00,200.36,200,200.43,200,200.42700000000002,100
882,0.47000000000000003,0.08,0.39,2.1900000000000004,09:37:02,200.36,400,200.44,100,200.4292,100
885,0.46,0.08,0.38,3.87,09:37:03,200.35,300,200.42,100,200.3986,300
892,0.5,0.24,0.26,7.7299999999999995,09:37:07,200.29,100,200.35,100,200.3272,300
893,0.28,0.07,0.21,8.01,09:37:08,200.11,200,200.31,100,200.23,100
897,1.12,0.75,0.37,10.34,09:37:10,200.2,200,200.36,100,200.3039,151
898,1.7399999999999998,1.38,0.36,12.08,09:37:12,200.15,100,200.32,200,200.2,100
901,2.69,2.4,0.29,16.38,09:37:16,200.03,100,200.11,200,200.08,300
902,0.39,0.14,0.25,16.77,09:37:16,199.99,200,200.1,100,199.93,100
909,0.6000000000000001,0.26,0.34,19.97,09:37:19,199.96,400,200.03,100,199.985,200
914,0.41000000000000003,0.21,0.2,22.13,09:37:22,200.04,200,200.11,100,200.04,125
922,0.43,0.08,0.35,26.13,09:37:26,200.1,300,200.22,100,200.14,100
926,0.53,0.1,0.43,28.090000000000003,09:37:28,200.1,100,200.21,200,200.1496,300
934,0.35000000000000003,0.07,0.28,31.950000000000003,09:37:31,200.07,300,200.21,400,200.12,100
939,0.47000000000000003,0.13,0.34,34.160000000000004,09:37:34,200.1,100,200.2,100,200.11,100
943,0.37,0.07,0.3,35.76,09:37:35,200.1,100,200.2,100,200.1502,400
944,0.43,0.08,0.35,36.19,09:37:36,200.1,100,200.19,100,200.15599999999998,100
949,0.4,0.09,0.31,38.199999999999996,09:37:38,200.06,100,200.2,100,200.071,438
953,0.3,0.08,0.22,39.59999999999999,09:37:39,200.06,100,200.2,100,200.0601,289
970,0.46,0.2,0.26,46.08999999999998,09:37:46,200.43,100,200.5,200,200.5,200
975,0.49,0.17,0.32,48.05999999999998,09:37:48,200.35,100,200.47,100,200.3861,500
979,0.35000000000000003,0.07,0.28,50.00999999999998,09:37:50,200.3,200,200.47,200,200.35,100
998,0.48,0.21,0.27,0.0,09:38:00,200.26,200,200.42,100,200.3103,750
1002,0.42,0.07,0.35,1.98,09:38:01,200.26,200,200.45,100,200.43099999999998,1900
1004,0.4,0.08,0.32,2.8,09:38:02,200.26,200,200.45,100,200.3649,100
1011,0.56,0.27,0.29,6.1800000000000015,09:38:06,200.26,200,200.37,200,200.2787,500
1015,1.01,0.75,0.26,8.510000000000002,09:38:08,200.2,300,200.25,100,200.225,100
1018,0.6000000000000001,0.27,0.33,13.870000000000003,09:38:13,200.15,100,200.21,100,200.18,100
1023,0.39,0.11,0.28,15.890000000000002,09:38:15,200.15,100,200.22,100,200.15,100
1028,0.34,0.08,0.26,17.89,09:38:17,200.06,100,200.14,100,200.1,100
1033,0.42000000000000004,0.14,0.28,19.959999999999997,09:38:19,200.06,100,200.2,200,200.07,100
1039,0.49,0.07,0.42,24.03,09:38:24,200.06,100,200.14,200,200.105,1000
1047,0.48,0.19,0.29,28.22,09:38:28,200.02,100,200.17,100,200.0865,300
1055,0.55,0.24,0.31,32.14,09:38:32,200.07,100,200.17,200,200.0825,1000
1059,0.4,0.09,0.31,33.72999999999999,09:38:33,200.07,100,200.17,100,200.13400000000001,1500
1075,0.30000000000000004,0.07,0.23,39.77999999999999,09:38:39,200.02,100,200.09,200,200.0623,100
1080,0.46,0.23,0.23,42.17999999999999,09:38:42,200.02,100,200.13,200,200.0594,100
1090,0.55,0.22,0.33,46.02999999999998,09:38:46,200.01,100,200.13,100,200.03,100
1099,0.58,0.23,0.35,49.90999999999998,09:38:49,200.01,600,200.09,100,200.05,100
1104,0.45,0.18,0.27,52.10999999999998,09:38:52,200.02,100,200.12,500,200.0642,100
1113,0.51,0.21,0.3,56.069999999999986,09:38:56,199.97,200,200.02,200,199.995,200
1117,0.62,0.27,0.35,57.899999999999984,09:38:57,199.97,200,200.06,200,199.9736,198
1123,0.44999999999999996,0.21,0.24,0.44999999999999996,09:39:00,199.97,200,200.06,200,200.02,100
1127,0.44,0.18,0.26,2.0300000000000002,09:39:02,199.97,300,200.05,200,199.98,100
1132,0.47,0.23,0.24,4.19,09:39:04,199.97,300,200.05,200,200.037,100
1135,0.42000000000000004,0.2,0.22,6.05,09:39:06,199.92,300,200.01,100,199.97,100
1137,0.31,0.08,0.23,8.25,09:39:08,199.93,200,200.03,200,199.9865,250
1142,0.37,0.18,0.19,10.05,09:39:10,199.93,100,200.0,200,199.9755,700
1148,2.41,2.17,0.24,14.400000000000002,09:39:14,199.93,100,200.02,200,199.9801,300
1149,0.26,0.07,0.19,14.660000000000002,09:39:14,199.9,300,200.0,200,200.01,600
1153,0.8200000000000001,0.52,0.3,16.820000000000004,09:39:16,199.88,200,200.04,400,199.885,100
1156,0.27,0.07,0.2,17.92,09:39:17,199.87,600,199.99,100,199.92,100
1157,0.61,0.37,0.24,18.53,09:39:18,199.87,600,199.99,100,199.88,100
1161,0.37,0.09,0.28,22.350000000000005,09:39:22,199.88,100,200.0,1000,199.8901,180
1172,0.31,0.07,0.24,26.210000000000004,09:39:26,199.89,200,200.03,200,199.9,100
1177,0.36,0.15,0.21,28.120000000000008,09:39:28,199.89,100,200.0,1500,199.91,100
1181,0.43,0.18,0.25,29.96000000000001,09:39:29,199.95,100,200.02,200,199.9934,400
1197,0.53,0.17,0.36,36.18000000000002,09:39:36,199.95,300,200.04,200,200.0056,250
1202,0.47,0.18,0.29,38.08000000000003,09:39:38,199.9,400,200.02,300,199.95,100
1211,0.45,0.2,0.25,42.32000000000003,09:39:42,199.91,100,200.01,200,199.9871,500
1226,0.27,0.08,0.19,48.140000000000036,09:39:48,199.81,100,199.89,200,199.81,160
1232,0.28,0.07,0.21,50.140000000000036,09:39:50,199.81,200,199.9,200,199.87,100
1245,0.42000000000000004,0.22,0.2,54.250000000000036,09:39:54,199.81,200,199.95,100,199.8579,100
1251,0.28,0.08,0.2,56.20000000000003,09:39:56,199.81,200,199.95,100,199.83,100
1266,0.52,0.28,0.24,2.3200000000000003,09:40:02,199.8,400,199.85,100,199.85,100
1269,2.0100000000000002,1.81,0.2,5.08,09:40:05,199.62,100,199.79,100,199.62,200
1277,0.46,0.2,0.26,8.22,09:40:08,199.77,200,199.81,100,199.8,100
1281,1.3,0.91,0.39,10.76,09:40:10,199.64,100,199.8,200,199.6401,123
1285,0.43,0.19,0.24,14.259999999999998,09:40:14,199.5,1100,199.61,100,199.6097,300
1294,4.24,3.94,0.3,21.129999999999995,09:40:21,199.4,500,199.49,200,199.49,100
1295,0.29000000000000004,0.07,0.22,21.419999999999995,09:40:21,199.48,1800,199.6,200,199.5999,100
1296,0.35,0.09,0.26,21.769999999999996,09:40:21,199.41,100,199.6,200,199.48,1590
1297,0.3,0.08,0.22,22.069999999999997,09:40:22,199.41,300,199.6,300,199.5,100
1303,0.33,0.07,0.26,24.11,09:40:24,199.42,200,199.56,600,199.46,300
1308,0.42,0.18,0.24,26.049999999999997,09:40:26,199.31,100,199.52,500,199.4153,100
1319,0.49,0.28,0.21,30.119999999999997,09:40:30,199.36,200,199.5,800,199.36,200
1330,0.38,0.19,0.19,33.98,09:40:33,199.25,100,199.45,700,199.34,100
1346,0.45,0.19,0.26,39.949999999999996,09:40:39,199.16,6000,199.31,300,199.18,150
1352,0.44,0.24,0.2,42.33999999999999,09:40:42,199.1,1200,199.28,400,199.105,100
1368,0.32,0.07,0.25,48.05999999999998,09:40:48,199.11,100,199.33,200,199.2529,200
1396,0.29000000000000004,0.09,0.2,0.29000000000000004,09:41:00,199.16,200,199.31,100,199.17,180
1410,0.4,0.2,0.2,6.090000000000001,09:41:06,199.15,200,199.32,100,199.2175,200
1417,0.42000000000000004,0.22,0.2,8.15,09:41:08,199.17,100,199.32,100,199.2525,300
1434,0.97,0.67,0.3,16.779999999999998,09:41:16,199.4,700,199.6,100,199.55,100
1438,0.28,0.07,0.21,18.05,09:41:18,199.4,700,199.57,100,199.4956,1000
1439,3.9699999999999998,3.65,0.32,22.02,09:41:22,199.41,200,199.62,300,199.5276,800
1440,0.31,0.08,0.23,22.33,09:41:22,199.5,100,199.61,200,199.59,100
1451,0.31,0.08,0.23,26.179999999999996,09:41:26,199.45,100,199.54,300,199.54,100
1456,0.37,0.15,0.22,27.979999999999997,09:41:27,199.45,200,199.54,400,199.53,100
1457,0.28,0.07,0.21,28.259999999999998,09:41:28,199.45,200,199.54,400,199.495,410
1463,0.27,0.07,0.2,30.02,09:41:30,199.5,100,199.53,100,199.515,100
1487,0.31,0.12,0.19,38.04999999999999,09:41:38,199.79,300,199.92,300,199.8871,500
1493,0.38,0.21,0.17,40.379999999999995,09:41:40,199.8,300,199.91,400,199.8612,700
1498,0.41000000000000003,0.22,0.19,42.42999999999999,09:41:42,199.85,100,199.91,400,199.9099,1800
1509,0.35,0.15,0.2,46.279999999999994,09:41:46,199.8,600,200.05,1000,199.925,1000
1523,0.47,0.09,0.38,52.29999999999999,09:41:52,199.6,400,199.81,300,199.6932,100
1528,0.33,0.07,0.26,54.33,09:41:54,199.61,100,199.81,200,199.7155,500
1543,0.42000000000000004,0.22,0.2,0.0,09:42:00,199.64,100,199.79,200,199.69,100
1551,0.41000000000000003,0.09,0.32,3.7700000000000005,09:42:03,199.56,100,199.68,200,199.57,100
1554,4.06,3.67,0.39,8.559999999999999,09:42:08,199.56,100,199.67,100,199.58,100
1555,0.30000000000000004,0.07,0.23,8.86,09:42:08,199.55,200,199.66,300,199.67,100
1557,1.23,0.99,0.24,10.51,09:42:10,199.55,200,199.66,300,199.5996,100
1560,2.34,2.03,0.31,13.59,09:42:13,199.64,100,199.77,100,199.6875,1000
1561,0.38,0.08,0.3,13.97,09:42:13,199.71,100,199.78,300,199.77,100
1565,2.37,2.09,0.28,17.970000000000002,09:42:17,199.71,300,199.78,300,199.78,100
1566,0.41000000000000003,0.09,0.32,18.380000000000003,09:42:18,199.78,100,199.84,100,199.8148,350
1568,0.38,0.07,0.31,20.05,09:42:20,199.77,100,199.84,200,199.8211,1700
1572,0.38,0.07,0.31,21.9,09:42:21,199.81,100,199.94,100,199.86,100
1591,0.39,0.08,0.31,29.889999999999993,09:42:29,199.86,200,199.96,300,199.9051,400
1595,0.7,0.24,0.46,31.999999999999993,09:42:31,199.87,100,199.96,200,199.959,100
1600,0.33,0.08,0.25,33.92999999999999,09:42:33,199.87,100,199.92,300,199.90200000000002,500
1618,0.43000000000000005,0.15,0.28,41.93999999999999,09:42:41,199.87,300,199.94,300,199.83599999999998,125
1622,0.33,0.07,0.26,43.80999999999999,09:42:43,199.81,200,199.94,300,199.8919,1000
1627,0.44,0.24,0.2,45.989999999999995,09:42:45,199.82,200,199.93,100,199.831,150
1632,0.33,0.07,0.26,47.75999999999999,09:42:47,199.82,200,199.9,400,199.8812,200
1637,0.4,0.18,0.22,49.87999999999999,09:42:49,199.72,300,199.86,200,199.8123,400
1642,0.36,0.07,0.29,51.749999999999986,09:42:51,199.6,800,199.71,100,199.6001,100
1654,0.45999999999999996,0.15,0.31,55.99999999999998,09:42:55,199.69,100,199.79,100,199.7377,100
1658,0.76,0.29,0.47,58.21999999999998,09:42:58,199.69,100,199.8,500,199.705,100
1667,0.41000000000000003,0.13,0.28,2.25,09:43:02,199.64,100,199.79,200,199.739,149
1672,0.46,0.08,0.38,4.36,09:43:04,199.66,100,199.79,100,199.79,155
1680,0.45,0.2,0.25,7.91,09:43:07,199.64,100,199.78,100,199.7202,110
1694,0.38,0.12,0.26,15.830000000000005,09:43:15,199.65,100,199.8,300,199.7334,350
1700,0.31,0.1,0.21,17.930000000000003,09:43:17,199.7,100,199.8,400,199.7154,153
1710,0.44,0.12,0.32,24.1,09:43:24,199.6,300,199.75,600,199.6616,1000
1715,0.32,0.08,0.24,25.959999999999997,09:43:25,199.6,200,199.75,600,199.6713,100
1725,0.36,0.09,0.27,29.95,09:43:29,199.61,100,199.79,200,199.72,475
1741,0.4,0.08,0.32,36.050000000000004,09:43:36,199.53,200,199.74,300,199.66099999999997,500
1746,0.31,0.08,0.23,38.160000000000004,09:43:38,199.54,200,199.74,200,199.6512,330
1757,0.29000000000000004,0.07,0.22,42.02000000000001,09:43:42,199.55,100,199.66,100,199.56,162
1761,0.37,0.14,0.23,43.85000000000001,09:43:43,199.56,200,199.78,200,199.66,100
1773,0.29000000000000004,0.07,0.22,48.08000000000001,09:43:48,199.6,100,199.71,100,199.64,100
1778,0.48,0.21,0.27,50.19000000000001,09:43:50,199.55,200,199.68,100,199.6,153
1788,0.29000000000000004,0.07,0.22,54.05000000000001,09:43:54,199.45,100,199.61,200,199.45,100
1794,0.33,0.14,0.19,56.18000000000001,09:43:56,199.4,200,199.55,200,199.4525,510
1799,0.6,0.24,0.36,58.21,09:43:58,199.33,100,199.51,300,199.4197,100
1815,0.33,0.07,0.26,4.07,09:44:04,199.17,200,199.34,400,199.33,100
1822,0.36,0.18,0.18,6.13,09:44:06,199.17,200,199.32,200,199.3199,100
1831,0.59,0.35,0.24,13.620000000000001,09:44:13,199.24,100,199.37,200,199.275,200
1832,0.35,0.1,0.25,13.97,09:44:13,199.19,300,199.32,200,199.2728,250
1841,0.39,0.18,0.21,18.14,09:44:18,199.19,200,199.29,200,199.25599999999997,1000
1847,0.46,0.18,0.28,21.99,09:44:21,199.37,100,199.5,200,199.38,100
1852,0.33,0.07,0.26,23.799999999999997,09:44:23,199.38,200,199.48,100,199.4184,1500
1873,0.36,0.14,0.22,32.059999999999995,09:44:32,199.34,200,199.58,300,199.485,100
1886,0.35,0.17,0.18,37.89999999999999,09:44:37,199.31,100,199.45,100,199.47,100
1891,0.46,0.18,0.28,39.779999999999994,09:44:39,199.38,100,199.49,100,199.44,100
1913,0.33999999999999997,0.15,0.19,47.08000000000001,09:44:47,199.49,100,199.58,100,199.547,213
1916,0.46,0.27,0.19,48.13000000000002,09:44:48,199.57,100,199.66,100,199.5884,1000
1927,0.27,0.07,0.2,51.80000000000001,09:44:51,199.4,100,199.51,100,199.4402,765
1956,0.43000000000000005,0.09,0.34,1.9500000000000002,09:45:01,199.42,100,199.52,100,199.42,1000
1966,0.42000000000000004,0.19,0.23,5.8500000000000005,09:45:05,199.31,200,199.49,200,199.37,100
1970,1.2,0.89,0.31,12.739999999999998,09:45:12,199.31,100,199.43,100,199.43,100
1977,1.44,1.19,0.25,18.77,09:45:18,199.32,100,199.38,100,199.39,200
1990,0.34,0.17,0.17,23.78,09:45:23,199.37,300,199.44,100,199.3705,200
1996,0.37,0.12,0.25,26.14,09:45:26,199.37,300,199.44,200,199.4399,320
2001,0.5800000000000001,0.27,0.31,28.230000000000004,09:45:28,199.31,100,199.4,100,199.355,100
2014,0.5700000000000001,0.26,0.31,34.100000000000016,09:45:34,199.39,100,199.48,200,199.4401,1600
2030,0.38,0.2,0.18,39.75000000000002,09:45:39,199.4,100,199.55,100,199.479,1600
2067,0.47,0.18,0.29,54.210000000000015,09:45:54,199.46,200,199.58,100,199.5488,3000
2093,0.32,0.07,0.25,3.78,09:46:03,199.52,300,199.6,100,199.585,900
2098,0.31,0.08,0.23,5.919999999999999,09:46:05,199.53,100,199.59,200,199.55200000000002,300
2110,0.37,0.1,0.27,12.129999999999999,09:46:12,199.55,300,199.66,900,199.6325,100
2120,0.46,0.14,0.32,22.250000000000004,09:46:22,199.61,100,199.67,100,199.6513,1909
2130,0.43,0.18,0.25,25.950000000000003,09:46:25,199.62,100,199.71,100,199.63,100
2135,0.41000000000000003,0.2,0.21,27.990000000000002,09:46:27,199.62,100,199.69,200,199.655,100
2140,0.30000000000000004,0.07,0.23,30.040000000000003,09:46:30,199.62,100,199.68,100,199.68,256
2152,0.38,0.08,0.3,34.03000000000001,09:46:34,199.66,100,199.73,400,199.6515,1000
2168,0.45999999999999996,0.21,0.25,39.95000000000002,09:46:39,199.69,200,199.78,200,199.775,100
2174,0.43000000000000005,0.23,0.2,42.05000000000002,09:46:42,199.69,200,199.76,300,199.725,100
2180,0.28,0.08,0.2,43.910000000000025,09:46:43,199.66,300,199.71,100,199.6978,100
2215,0.39,0.21,0.18,55.84000000000003,09:46:55,199.67,100,199.74,100,199.76,100
2227,0.25,0.07,0.18,0.0,09:47:00,199.71,100,199.8,400,199.755,100
2233,0.25,0.07,0.18,2.02,09:47:02,199.72,100,199.8,400,199.7462,500
2239,0.28,0.07,0.21,4.04,09:47:04,199.74,100,199.8,400,199.7795,2000
2255,0.26,0.08,0.18,10.06,09:47:10,199.66,100,199.72,100,199.6816,1000
2258,0.44,0.23,0.21,15.81,09:47:15,199.62,200,199.68,300,199.6524,105
2263,1.56,1.22,0.34,18.969999999999995,09:47:18,199.59,200,199.67,100,199.625,100
2267,0.36,0.18,0.18,20.129999999999995,09:47:20,199.59,400,199.68,200,199.6248,150
2284,0.28,0.08,0.2,26.279999999999994,09:47:26,199.66,100,199.75,100,199.7392,1500
2295,0.44999999999999996,0.09,0.36,30.199999999999992,09:47:30,199.68,800,199.74,200,199.71,100
2347,0.42,0.21,0.21,50.059999999999995,09:47:50,199.85,1000,199.9,100,199.875,100
2362,0.37,0.09,0.28,56.06999999999998,09:47:56,199.87,400,199.9,200,199.89,100
2363,0.47,0.17,0.3,56.53999999999998,09:47:56,199.87,500,199.94,100,199.905,100
2367,0.33,0.14,0.19,57.95999999999998,09:47:57,199.87,500,199.92,100,199.9047,400
2368,0.33,0.1,0.23,58.28999999999998,09:47:58,199.88,100,199.92,100,199.9199,100
2389,0.31,0.09,0.22,5.930000000000001,09:48:05,199.91,100,199.99,200,199.975,100
2403,0.31,0.07,0.24,11.770000000000001,09:48:11,199.94,200,200.04,100,199.9473,1500
2414,3.29,3.03,0.26,20.97,09:48:20,199.87,200,199.93,100,199.898,500
2423,0.37,0.14,0.23,23.729999999999997,09:48:23,199.91,200,199.95,100,199.9281,200
2429,0.25,0.07,0.18,25.839999999999996,09:48:25,199.88,200,199.94,100,199.9324,120
2453,0.43000000000000005,0.23,0.2,34.01,09:48:34,199.8,100,199.86,200,199.82,100
2469,0.37,0.09,0.28,40.04999999999999,09:48:40,199.72,200,199.79,200,199.768,700
2474,0.5900000000000001,0.25,0.34,42.129999999999995,09:48:42,199.72,100,199.78,100,199.72099999999998,2000
2479,0.27,0.08,0.19,43.82,09:48:43,199.63,200,199.76,200,199.695,500
2502,0.25,0.07,0.18,51.68,09:48:51,199.52,100,199.65,200,199.5604,1000
2508,0.30000000000000004,0.07,0.23,53.71000000000001,09:48:53,199.52,100,199.65,300,199.6032,1000
2524,0.51,0.2,0.31,0.0,09:49:00,199.52,100,199.59,400,199.5496,1500
2528,0.48000000000000004,0.2,0.28,1.6800000000000002,09:49:01,199.52,300,199.59,100,199.52,100
2542,1.92,1.56,0.36,9.350000000000001,09:49:09,199.5,1100,199.58,200,199.53099999999998,600
2544,0.45,0.18,0.27,12.21,09:49:12,199.63,100,199.7,200,199.665,100
2549,4.069999999999999,3.78,0.29,18.07,09:49:18,199.6,5400,199.67,300,199.6049,150
2559,0.37,0.09,0.28,23.630000000000003,09:49:23,199.64,100,199.69,300,199.6599,200
2569,0.66,0.23,0.43,28.150000000000002,09:49:28,199.66,100,199.71,100,199.7013,100
2594,0.37,0.07,0.3,39.60999999999999,09:49:39,199.53,100,199.57,200,199.545,200
2654,0.33,0.08,0.25,2.22,09:50:02,199.54,100,199.59,100,199.55599999999998,2000
2658,0.41000000000000003,0.15,0.26,4.050000000000001,09:50:04,199.55,200,199.58,100,199.5617,100
2677,0.45999999999999996,0.21,0.25,16.03,09:50:16,199.5,200,199.55,200,199.525,400
2684,0.37,0.17,0.2,22.240000000000002,09:50:22,199.52,100,199.56,100,199.5456,500
2737,0.42,0.24,0.18,42.220000000000006,09:50:42,199.54,200,199.56,100,199.546,150
2853,0.48,0.22,0.26,36.11,09:51:36,199.62,200,199.68,400,199.6699,250
2864,0.34,0.08,0.26,39.849999999999994,09:51:39,199.61,100,199.66,200,199.635,100
2880,0.34,0.07,0.27,46.009999999999984,09:51:46,199.62,100,199.68,200,199.65,100
2886,0.44,0.21,0.23,48.15999999999998,09:51:48,199.62,300,199.7,100,199.6529,700
2911,0.32,0.08,0.24,58.019999999999975,09:51:58,199.57,100,199.6,200,199.5827,1100
2928,0.42000000000000004,0.19,0.23,4.2700000000000005,09:52:04,199.58,200,199.63,200,199.6175,100
2988,0.24,0.08,0.16,30.860000000000003,09:52:30,199.55,300,199.58,300,199.5799,869
3004,0.26,0.07,0.19,36.12,09:52:36,199.59,200,199.68,100,199.685,100
3053,0.44,0.23,0.21,54.150000000000006,09:52:54,199.56,100,199.59,200,199.5767,300
3080,0.26,0.07,0.19,3.7800000000000002,09:53:03,199.55,200,199.58,200,199.5694,100
3085,0.29000000000000004,0.09,0.2,5.9399999999999995,09:53:05,199.56,1300,199.62,100,199.5966,100
3111,0.29000000000000004,0.09,0.2,21.8,09:53:21,199.61,200,199.69,100,199.6539,200
3172,0.31,0.13,0.18,41.84999999999998,09:53:41,199.65,300,199.68,100,199.68900000000002,100
3183,0.28,0.1,0.18,45.63999999999997,09:53:45,199.65,100,199.7,100,199.675,100
3195,0.39,0.22,0.17,49.97999999999996,09:53:49,199.57,100,199.62,300,199.6048,225
3227,0.39,0.22,0.17,0.0,09:54:00,199.54,100,199.66,200,199.5808,500
3243,0.27,0.07,0.2,14.690000000000001,09:54:14,199.49,200,199.59,200,199.528,1000
3349,0.39,0.2,0.19,51.83000000000003,09:54:51,199.49,500,199.54,200,199.5238,200
3354,0.44999999999999996,0.21,0.24,53.90000000000003,09:54:53,199.49,500,199.53,200,199.52200000000002,500
3392,0.29,0.08,0.21,11.95,09:55:11,199.5,100,199.57,200,199.53900000000002,100
3414,0.55,0.18,0.37,22.409999999999997,09:55:22,199.54,100,199.62,200,199.5903,100
3429,0.43,0.18,0.25,28.109999999999992,09:55:28,199.55,100,199.64,200,199.595,100
3509,0.5,0.26,0.24,0.0,09:56:00,199.56,200,199.59,200,199.5899,100
3513,0.42000000000000004,0.23,0.19,1.9,09:56:01,199.56,200,199.59,100,199.575,100
3522,0.33,0.07,0.26,5.89,09:56:05,199.5,400,199.57,200,199.535,200
3529,0.52,0.2,0.32,12.39,09:56:12,199.5,400,199.57,300,199.5308,300
3548,0.27,0.07,0.2,21.87,09:56:21,199.46,300,199.56,100,199.5097,100
3568,0.55,0.21,0.34,30.299999999999997,09:56:30,199.46,200,199.52,100,199.4903,300
3603,0.31,0.13,0.18,43.879999999999995,09:56:43,199.33,100,199.36,200,199.345,200
3646,0.33999999999999997,0.13,0.21,57.86000000000001,09:56:57,199.36,600,199.39,100,199.375,100
3657,0.38,0.09,0.29,1.9299999999999997,09:57:01,199.41,100,199.49,200,199.4493,100
3662,0.41000000000000003,0.21,0.2,3.8400000000000003,09:57:03,199.41,200,199.49,200,199.4574,100
3677,1.35,1.06,0.29,17.03,09:57:17,199.38,400,199.45,300,199.395,100
3759,0.35,0.1,0.25,47.74,09:57:47,199.35,100,199.37,100,199.3612,100
3789,0.29000000000000004,0.07,0.22,57.949999999999996,09:57:57,199.35,100,199.38,200,199.37900000000002,100
3796,0.25,0.07,0.18,0.25,09:58:00,199.37,200,199.44,100,199.4018,5000
3801,0.41000000000000003,0.22,0.19,1.92,09:58:01,199.35,100,199.44,100,199.4076,1100
3816,2.62,2.27,0.35,15.73,09:58:15,199.25,500,199.34,200,199.33900000000003,225
3845,0.37,0.2,0.17,30.03000000000001,09:58:30,199.32,500,199.39,100,199.3442,1000
3858,0.35,0.16,0.19,33.99000000000001,09:58:33,199.29,200,199.34,400,199.3259,1100
3891,0.42,0.21,0.21,46.059999999999995,09:58:46,199.29,200,199.31,100,199.3095,500
3897,0.28,0.08,0.2,47.81999999999999,09:58:47,199.29,200,199.31,200,199.3024,100
3908,0.3,0.09,0.21,52.04,09:58:52,199.31,400,199.39,200,199.3342,250
3959,1.3099999999999998,1.14,0.17,14.76,09:59:14,199.36,100,199.43,200,199.3994,1000
3978,0.26,0.08,0.18,21.869999999999997,09:59:21,199.39,200,199.53,200,199.4679,1000
4050,0.43000000000000005,0.2,0.23,46.16000000000001,09:59:46,199.71,300,199.78,200,199.7506,2000
4054,0.44,0.18,0.26,47.850000000000016,09:59:47,199.66,200,199.74,200,199.73,100
4071,0.41000000000000003,0.18,0.23,54.11,09:59:54,199.71,200,199.77,200,199.7325,200
4077,0.25,0.07,0.18,55.900000000000006,09:59:55,199.71,200,199.77,200,199.731,500
4083,0.43,0.21,0.22,58.09,09:59:58,199.71,300,199.77,200,199.74,400
4104,3.3400000000000003,2.95,0.39,8.82,10:00:08,199.71,400,199.77,100,199.7429,100
4112,0.43,0.18,0.25,12.089999999999998,10:00:12,199.71,400,199.76,500,199.735,100
4155,0.48,0.17,0.31,36.28,10:00:36,199.53,200,199.62,100,199.5828,500
4169,0.32,0.07,0.25,42.12999999999999,10:00:42,199.53,400,199.62,300,199.5855,100
4179,0.56,0.25,0.31,46.20999999999999,10:00:46,199.57,400,199.68,100,199.5956,100
4202,1.21,0.77,0.44,0.0,10:01:00,199.59,200,199.64,200,199.615,700
4262,0.25,0.07,0.18,29.470000000000002,10:01:29,199.53,200,199.57,100,199.5321,100
4274,0.25,0.07,0.18,33.440000000000005,10:01:33,199.53,200,199.56,100,199.5563,980
4293,0.44000000000000006,0.27,0.17,39.51000000000002,10:01:39,199.53,200,199.58,100,199.555,100
4374,0.69,0.48,0.21,13.4,10:02:13,199.55,500,199.65,200,199.588,100
4376,0.26,0.07,0.19,13.91,10:02:13,199.55,500,199.65,200,199.6167,700
4381,0.76,0.5,0.26,20.900000000000002,10:02:20,199.59,500,199.69,200,199.653,4100
4410,0.38,0.09,0.29,30.20999999999999,10:02:30,199.75,200,199.83,100,199.83900000000003,795
4416,0.36000000000000004,0.08,0.28,32.17999999999999,10:02:32,199.75,200,199.84,400,199.84,500
4456,0.42000000000000004,0.23,0.19,45.97000000000003,10:02:45,199.75,100,199.79,100,199.7676,455
4478,0.34,0.08,0.26,54.06000000000003,10:02:54,199.63,100,199.67,200,199.6464,800
4484,0.4,0.18,0.22,56.29000000000003,10:02:56,199.63,100,199.67,100,199.636,500
4505,0.26,0.07,0.19,3.75,10:03:03,199.63,100,199.65,200,199.6424,427
4514,1.45,1.22,0.23,7.870000000000002,10:03:07,199.58,100,199.62,100,199.645,300
4519,0.3,0.08,0.22,9.640000000000004,10:03:09,199.58,100,199.6,100,199.6146,100
4545,0.29000000000000004,0.09,0.2,23.840000000000003,10:03:23,199.33,700,199.41,100,199.37400000000002,2000
4563,0.27,0.08,0.19,29.710000000000008,10:03:29,199.18,100,199.21,100,199.14,100
4595,0.27,0.1,0.17,39.790000000000006,10:03:39,199.33,200,199.43,300,199.3869,500
4615,0.38,0.18,0.2,45.67,10:03:45,199.29,100,199.42,400,199.3472,500
4668,0.32,0.08,0.24,4.23,10:04:04,199.36,200,199.39,100,199.361,300
4672,3.85,3.52,0.33,11.73,10:04:11,199.38,100,199.42,100,199.385,100
4680,0.36,0.14,0.22,16.19,10:04:16,199.44,400,199.53,100,199.4711,400
4685,0.29000000000000004,0.09,0.2,20.18,10:04:20,199.47,200,199.51,100,199.487,150
4697,0.26,0.07,0.19,24.21,10:04:24,199.52,200,199.59,200,199.5508,100
4722,0.27,0.07,0.2,34.27,10:04:34,199.58,100,199.62,100,199.6003,250
4789,0.62,0.18,0.44,2.2,10:05:02,199.68,200,199.72,100,199.6928,500
4806,0.38,0.19,0.19,9.870000000000001,10:05:09,199.5,100,199.58,100,199.5643,200
4886,0.39,0.09,0.3,43.929999999999986,10:05:43,199.49,100,199.57,200,199.544,204
4891,0.39,0.14,0.25,45.87999999999998,10:05:45,199.49,300,199.56,200,199.553,100
4896,0.30000000000000004,0.07,0.23,47.879999999999974,10:05:47,199.49,300,199.56,200,199.50900000000001,300
4928,0.37,0.19,0.18,0.0,10:06:00,199.5,1100,199.65,200,199.649,215
4940,0.23,0.07,0.16,8.15,10:06:08,199.6,900,199.65,200,199.6287,100
4952,2.39,2.14,0.25,18.880000000000003,10:06:18,199.47,200,199.52,100,199.4993,1200
4988,0.27,0.07,0.2,31.93999999999999,10:06:31,199.49,200,199.55,200,199.49099999999999,100
5031,0.36,0.18,0.18,47.980000000000025,10:06:47,199.49,200,199.54,200,199.5148,100
5049,0.39,0.18,0.21,53.86000000000002,10:06:53,199.49,200,199.54,700,199.5296,550
5063,0.27,0.08,0.19,57.93000000000003,10:06:57,199.49,400,199.54,700,199.517,125
5070,0.37,0.18,0.19,0.0,10:07:00,199.49,300,199.54,700,199.5399,250
5083,0.45999999999999996,0.25,0.21,4.62,10:07:04,199.49,300,199.54,700,199.4901,1000
5100,0.24000000000000002,0.07,0.17,19.580000000000002,10:07:19,199.54,300,199.59,100,199.581,100
5113,0.28,0.08,0.2,23.650000000000006,10:07:23,199.57,200,199.64,100,199.5805,500
5141,0.39,0.17,0.22,33.60000000000001,10:07:33,199.55,200,199.64,100,199.6085,100
5194,0.26,0.07,0.19,51.60000000000002,10:07:51,199.61,200,199.66,100,199.6283,100
5207,0.31,0.12,0.19,55.54000000000003,10:07:55,199.61,100,199.66,100,199.6658,100
5227,0.23,0.07,0.16,2.1799999999999997,10:08:02,199.61,100,199.65,200,199.6334,200
5242,0.3,0.12,0.18,7.07,10:08:07,199.71,100,199.77,100,199.7625,100
5283,0.36,0.13,0.23,28.07,10:08:28,199.73,200,199.76,100,199.7513,100
5294,0.36,0.13,0.23,32.03,10:08:32,199.76,300,199.83,200,199.7845,5000
5300,0.34,0.07,0.27,33.95,10:08:33,199.76,300,199.83,200,199.8076,2000
5321,0.29000000000000004,0.07,0.22,42.18000000000001,10:08:42,199.73,100,199.76,200,199.745,500
5332,0.27,0.09,0.18,45.97000000000002,10:08:45,199.71,200,199.74,200,199.7121,800
5354,0.33999999999999997,0.13,0.21,53.65000000000001,10:08:53,199.7,100,199.74,200,199.7086,4200
5361,0.29000000000000004,0.07,0.22,55.900000000000006,10:08:55,199.69,200,199.72,200,199.6965,1700
5379,0.32,0.09,0.23,4.750000000000001,10:09:04,199.61,100,199.64,100,199.6291,200
5386,2.83,2.65,0.18,13.830000000000002,10:09:13,199.65,300,199.69,400,199.6756,1000
5388,2.6500000000000004,2.43,0.22,16.89,10:09:16,199.65,400,199.69,400,199.6824,200
5426,0.26,0.08,0.18,30.080000000000005,10:09:30,199.62,100,199.64,100,199.6344,100
5444,0.26,0.07,0.19,36.099999999999994,10:09:36,199.61,300,199.65,600,199.614,500
5534,0.44,0.24,0.2,24.31000000000001,10:12:24,199.54,300,199.57,200,199.5659,100
5552,0.32,0.08,0.24,2.1,10:13:02,199.54,300,199.59,200,199.565,100
5557,0.35000000000000003,0.07,0.28,4.1499999999999995,10:13:04,199.55,200,199.59,200,199.5691,1500
5559,1.82,1.57,0.25,6.64,10:13:06,199.54,300,199.57,100,199.5494,200
5586,0.33,0.08,0.25,24.289999999999996,10:13:24,199.58,200,199.61,100,199.5865,5000
5603,0.28,0.07,0.21,30.24,10:13:30,199.56,300,199.57,100,199.5639,150
5646,0.42,0.24,0.18,46.360000000000014,10:13:46,199.53,200,199.57,200,199.5789,100
5689,0.26,0.08,0.18,0.0,10:14:00,199.52,100,199.56,200,199.5343,1500
5725,0.39,0.22,0.17,21.97,10:14:21,199.53,200,199.58,400,199.5524,1300
5853,0.29000000000000004,0.07,0.22,5.38,10:15:05,199.43,200,199.47,100,199.449,300
5861,3.37,3.02,0.35,10.75,10:15:10,199.43,100,199.48,100,199.452,125
5862,0.26,0.08,0.18,11.01,10:15:11,199.43,100,199.48,100,199.4335,200
5868,0.68,0.22,0.46,18.02,10:15:18,199.47,100,199.53,400,199.5036,100
5878,0.32999999999999996,0.12,0.21,23.669999999999995,10:15:23,199.47,100,199.53,400,199.505,200
5890,0.29,0.08,0.21,27.899999999999995,10:15:27,199.47,100,199.5,1600,199.4775,100
5896,0.33,0.14,0.19,29.79999999999999,10:15:29,199.47,200,199.5,1600,199.4701,100
5902,0.41000000000000003,0.23,0.18,32.08999999999999,10:15:32,199.48,200,199.5,1600,199.4819,800
5926,0.39,0.2,0.19,39.78000000000001,10:15:39,199.49,300,199.55,100,199.5284,1800
6013,0.42000000000000004,0.22,0.2,10.010000000000002,10:16:10,199.49,300,199.51,100,199.4967,100
6018,0.26,0.08,0.18,13.430000000000001,10:16:13,199.49,300,199.52,100,199.4915,1800
6043,0.4,0.22,0.18,25.989999999999995,10:16:25,199.49,200,199.55,400,199.5483,121
6076,0.24000000000000002,0.07,0.17,35.9,10:16:35,199.61,400,199.69,500,199.6466,200
6082,0.43,0.24,0.19,38.1,10:16:38,199.61,400,199.68,200,199.6548,680
6105,0.25,0.08,0.17,45.95000000000001,10:16:45,199.61,500,199.68,200,199.6492,100
6117,0.39,0.2,0.19,49.97000000000002,10:16:49,199.61,500,199.69,300,199.6396,1000
6164,0.32999999999999996,0.12,0.21,14.290000000000001,10:17:14,199.62,400,199.67,100,199.6462,100
6253,0.53,0.22,0.31,50.16000000000003,10:17:50,199.77,300,199.83,100,199.782,400
6261,0.6,0.18,0.42,54.17000000000004,10:17:54,199.77,400,199.84,200,199.8033,750
6292,1.16,0.95,0.21,12.579999999999998,10:18:12,199.81,600,199.88,200,199.8625,100
6302,0.5800000000000001,0.24,0.34,19.769999999999996,10:18:19,199.84,200,199.89,200,199.865,100
6313,0.48,0.25,0.23,23.97999999999999,10:18:23,199.86,400,199.89,100,199.8601,100
6319,0.42000000000000004,0.23,0.19,0.42000000000000004,10:19:00,199.59,200,199.7,100,199.6632,100
6329,0.39,0.19,0.2,4.38,10:19:04,199.6,100,199.69,200,199.6045,500
6362,0.48000000000000004,0.28,0.2,16.24,10:19:16,199.72,100,199.76,200,199.7453,500
6368,0.31,0.07,0.24,18.55999999999999,10:19:18,199.72,200,199.74,200,199.7382,800
6389,0.44999999999999996,0.24,0.21,26.359999999999996,10:19:26,199.71,200,199.76,200,199.7374,100
6411,0.36000000000000004,0.08,0.28,34.42,10:19:34,199.71,200,199.8,200,199.7548,1000
6432,0.33,0.08,0.25,0.0,10:20:00,199.7,200,199.78,100,199.74599999999998,650
6483,0.36,0.14,0.22,25.75000000000001,10:20:25,199.75,200,199.82,100,199.7831,250
6499,0.43,0.19,0.24,31.93000000000001,10:20:31,199.75,1200,199.8,100,199.7729,490
6516,0.39,0.19,0.2,38.00000000000002,10:20:38,199.75,1200,199.82,100,199.7906,400
6531,0.43000000000000005,0.15,0.28,43.820000000000036,10:20:43,199.86,200,199.9,100,199.8775,100
6537,0.3,0.08,0.22,0.3,10:21:00,199.91,200,199.96,200,199.94,100
6542,0.32,0.08,0.24,2.07,10:21:02,199.91,100,199.96,200,199.956,2500
6547,0.34,0.07,0.27,4.069999999999999,10:21:04,199.91,100,199.96,100,199.9413,400
6566,0.43,0.07,0.36,14.299999999999999,10:21:14,200.01,100,200.1,200,200.055,100
6585,0.31,0.07,0.24,23.889999999999997,10:21:23,199.94,600,200.01,200,200.0099,200
6590,0.38,0.08,0.3,26.299999999999997,10:21:26,199.94,600,199.99,100,199.9626,250
6600,0.5499999999999999,0.08,0.47,32.60999999999999,10:21:32,199.91,200,199.95,400,199.9316,650
6603,0.75,0.23,0.52,34.80999999999999,10:21:34,199.8,600,199.86,200,199.86900000000003,100
6612,0.6000000000000001,0.27,0.33,2.42,10:22:02,199.71,200,199.8,100,199.7746,700
6623,0.43,0.08,0.35,10.65,10:22:10,199.72,100,199.8,200,199.7671,700
6626,0.79,0.29,0.5,12.490000000000002,10:22:12,199.71,100,199.8,200,199.7604,160
6628,0.46,0.18,0.28,14.300000000000002,10:22:14,199.72,400,199.8,100,199.7695,200
6631,0.49,0.08,0.41,16.150000000000002,10:22:16,199.72,300,199.81,100,199.792,100
6661,0.75,0.27,0.48,32.77000000000001,10:22:32,199.77,100,199.83,100,199.834,100
6665,0.49,0.07,0.42,34.88000000000002,10:22:34,199.82,100,199.86,200,199.8275,100
6674,0.7,0.24,0.46,40.590000000000025,10:22:40,199.73,200,199.8,100,199.7734,1000
6684,0.38,0.08,0.3,45.83000000000003,10:22:45,199.66,100,199.7,100,199.6755,300
6695,0.32,0.07,0.25,50.04000000000001,10:22:50,199.66,100,199.69,200,199.6675,500
6793,0.41000000000000003,0.17,0.24,42.089999999999996,10:23:42,199.6,600,199.65,200,199.628,150
6892,0.63,0.23,0.4,21.179999999999996,10:24:21,199.58,100,199.64,100,199.6208,163
6896,0.52,0.22,0.3,23.149999999999995,10:24:23,199.58,100,199.62,100,199.6101,400
6952,0.38,0.08,0.3,47.11000000000002,10:24:47,199.57,400,199.62,100,199.5982,100
6961,0.45000000000000007,0.17,0.28,0.0,10:25:00,199.57,100,199.6,100,199.5776,4300
6968,0.37,0.07,0.3,3.7100000000000004,10:25:03,199.52,100,199.57,100,199.5235,100
6987,0.74,0.27,0.47,20.14,10:25:20,199.53,200,199.6,100,199.5769,500
7020,0.44,0.18,0.26,35.74999999999999,10:25:35,199.51,100,199.57,100,199.55900000000003,150
7053,0.33,0.08,0.25,49.939999999999976,10:25:49,199.58,200,199.63,200,199.6158,156
7062,0.69,0.27,0.42,54.00999999999996,10:25:54,199.61,100,199.64,200,199.6145,4800
7066,0.6799999999999999,0.21,0.47,55.99999999999996,10:25:55,199.61,100,199.64,100,199.6292,1500
7093,0.55,0.23,0.32,9.100000000000001,10:26:09,199.61,200,199.66,300,199.6403,100
7100,2.15,1.85,0.3,14.280000000000001,10:26:14,199.61,100,199.65,200,199.6343,500
7112,0.42000000000000004,0.1,0.32,20.070000000000007,10:26:20,199.61,100,199.65,100,199.6355,100
7114,0.42,0.21,0.21,21.01000000000001,10:26:21,199.61,100,199.65,100,199.6472,200
7122,0.42000000000000004,0.15,0.27,24.05000000000001,10:26:24,199.51,200,199.58,100,199.5354,400
7151,0.61,0.19,0.42,36.33,10:26:36,199.52,400,199.61,200,199.5674,100
7185,37.42,37.15,0.27,0.0,10:27:00,198.81,100,198.88,100,198.9,100
7186,0.31000000000000005,0.14,0.17,0.31000000000000005,10:27:00,198.84,100,198.95,200,198.84,200
7188,0.36,0.19,0.17,0.91,10:27:00,198.8,200,198.93,100,198.81,100
7193,0.4,0.22,0.18,3.0,10:27:03,198.84,200,198.98,100,198.915,1500
7199,0.24000000000000002,0.07,0.17,4.91,10:27:04,198.87,100,198.96,100,198.93,4610
7205,0.24000000000000002,0.07,0.17,6.880000000000001,10:27:06,198.88,200,198.91,100,198.88,186
7211,0.41000000000000003,0.16,0.25,8.900000000000002,10:27:08,198.88,100,198.98,200,198.91,100
7217,0.4,0.16,0.24,11.020000000000003,10:27:11,198.91,300,199.1,200,199.1,100
7237,0.47000000000000003,0.2,0.27,19.17,10:27:19,199.03,1100,199.18,600,199.12,517
7242,0.39,0.14,0.25,21.160000000000004,10:27:21,199.03,1100,199.18,600,199.04,100
7247,0.3,0.08,0.22,23.050000000000004,10:27:23,199.03,1100,199.11,100,199.0751,400
7252,0.4,0.18,0.22,24.950000000000003,10:27:24,199.04,2300,199.18,600,199.11,100
7263,1.57,1.36,0.21,3.37,10:28:03,199.06,300,199.17,100,199.06,100
7276,0.29,0.08,0.21,9.06,10:28:09,199.04,2200,199.13,100,199.085,100
7285,0.99,0.75,0.24,14.76,10:28:14,199.08,100,199.15,200,199.1192,1000
7291,0.38,0.21,0.17,17.95,10:28:17,199.08,100,199.15,200,199.115,100
7292,1.63,1.42,0.21,19.58,10:28:19,199.08,100,199.15,200,199.1171,800
7324,0.43000000000000005,0.2,0.23,29.939999999999998,10:28:29,199.12,200,199.25,300,199.125,100
7330,0.30000000000000004,0.1,0.2,31.810000000000002,10:28:31,199.12,200,199.25,300,199.1201,149
7348,0.35000000000000003,0.07,0.28,38.2,10:28:38,199.13,600,199.18,200,199.15200000000002,1000
7353,0.31,0.08,0.23,39.83,10:28:39,199.13,300,199.19,100,199.1684,800
7370,0.27,0.08,0.19,45.74000000000001,10:28:45,199.14,200,199.22,100,199.2092,1000
7376,0.45,0.23,0.22,48.03000000000001,10:28:48,199.15,200,199.22,100,199.1948,500
7381,0.38,0.17,0.21,50.10000000000001,10:28:50,199.15,200,199.22,100,199.2026,100
7388,0.39,0.2,0.19,52.20000000000001,10:28:52,199.15,200,199.22,100,199.185,300
7401,0.32999999999999996,0.12,0.21,56.35,10:28:56,199.22,200,199.27,100,199.245,100
7439,3.2600000000000002,2.93,0.33,14.790000000000001,10:29:14,199.23,400,199.29,200,199.255,122
7465,0.37,0.19,0.18,23.910000000000004,10:29:23,199.29,300,199.41,500,199.3113,100
7483,0.27,0.08,0.19,30.01000000000001,10:29:30,199.3,200,199.37,200,199.3325,100
7494,0.42000000000000004,0.2,0.22,33.73000000000001,10:29:33,199.25,200,199.33,100,199.2794,1000
7495,0.41000000000000003,0.18,0.23,34.14000000000001,10:29:34,199.25,300,199.33,100,199.2788,900
7542,0.36,0.19,0.17,49.89000000000003,10:29:49,199.28,100,199.37,100,199.325,100
7566,0.52,0.19,0.33,58.06000000000003,10:29:58,199.28,200,199.42,200,199.3689,700
7570,0.62,0.23,0.39,0.0,10:30:00,199.28,200,199.42,200,199.3851,200
7571,0.55,0.24,0.31,0.55,10:30:00,199.33,200,199.42,200,199.3676,500
7579,0.27,0.07,0.2,3.99,10:30:03,199.33,200,199.43,100,199.4236,150
7590,0.26,0.07,0.19,11.99,10:30:11,199.39,500,199.48,100,199.435,200
7600,1.82,1.57,0.25,18.78,10:30:18,199.49,200,199.56,200,199.5348,300
7647,0.43000000000000005,0.2,0.23,37.36,10:30:37,199.56,1100,199.61,100,199.5973,600
7654,0.33999999999999997,0.09,0.25,39.79,10:30:39,199.56,200,199.6,100,199.5844,100
7690,0.47,0.21,0.26,54.25000000000001,10:30:54,199.6,100,199.61,200,199.5834,200
7722,3.88,3.58,0.3,10.4,10:31:10,199.55,1100,199.64,100,199.5937,150
7723,2.41,1.96,0.45,12.81,10:31:12,199.55,1100,199.64,300,199.5892,300
7744,0.44,0.24,0.2,23.770000000000007,10:31:23,199.57,200,199.64,300,199.5938,1500
7766,0.30000000000000004,0.07,0.23,31.650000000000006,10:31:31,199.58,300,199.63,100,199.6137,500
7776,0.36,0.12,0.24,35.97,10:31:35,199.58,300,199.62,100,199.584,200
7788,0.45,0.27,0.18,39.92000000000001,10:31:39,199.57,200,199.62,200,199.5957,700
7807,3.0,2.76,0.24,3.56,10:33:03,199.07,100,199.15,300,199.07,100
7846,0.42000000000000004,0.2,0.22,17.04000000000001,10:33:17,199.06,500,199.14,100,199.1057,100
7851,0.41000000000000003,0.23,0.18,18.940000000000012,10:33:18,199.07,100,199.14,100,199.1295,100
7856,0.27,0.07,0.2,20.61000000000001,10:33:20,199.13,100,199.29,200,199.27900000000002,200
7861,0.32,0.13,0.19,22.690000000000012,10:33:22,199.13,100,199.28,200,199.2315,900
7880,0.26,0.07,0.19,28.700000000000017,10:33:28,199.13,400,199.28,200,199.2275,123
7893,0.25,0.08,0.17,32.820000000000014,10:33:32,199.13,400,199.27,100,199.1916,750
7899,0.24000000000000002,0.07,0.17,34.80000000000002,10:33:34,199.13,500,199.23,100,199.13,100
7929,0.31,0.07,0.24,45.02000000000002,10:33:45,199.07,100,199.16,200,199.08,100
7946,0.41000000000000003,0.21,0.2,1.8400000000000003,10:34:01,198.99,300,199.02,100,199.0199,100
7959,0.5900000000000001,0.26,0.33,10.1,10:34:10,198.88,100,198.98,100,198.97,100
7963,0.5,0.23,0.27,13.65,10:34:13,198.87,100,198.98,200,198.9324,500
7964,0.38,0.12,0.26,14.030000000000001,10:34:14,198.87,100,198.97,200,198.928,100
7973,0.3,0.08,0.22,17.96,10:34:17,198.87,100,198.98,200,198.9304,200
7974,1.83,1.57,0.26,19.79,10:34:19,198.85,100,198.9,200,198.8772,1000
7977,0.44,0.21,0.23,21.06,10:34:21,198.83,100,198.9,200,198.85,100
7983,0.26,0.07,0.19,23.2,10:34:23,198.78,200,198.84,200,198.8,1334
7985,0.27,0.08,0.19,23.72,10:34:23,198.78,200,198.83,100,198.8304,200
7998,0.29000000000000004,0.07,0.22,27.77,10:34:27,198.85,800,198.88,100,198.8671,500
8013,0.75,0.27,0.48,34.43000000000001,10:34:34,198.87,100,198.91,100,198.89,100
8016,0.33,0.07,0.26,35.68000000000001,10:34:35,198.87,200,198.91,100,198.9033,400
8031,0.47,0.18,0.29,41.88,10:34:41,198.87,300,198.91,100,198.9096,5000
8042,0.48,0.23,0.25,46.1,10:34:46,198.84,300,198.88,100,198.878,100
8052,0.31,0.09,0.22,50.050000000000004,10:34:50,198.85,800,198.9,100,198.8917,300
8063,0.6000000000000001,0.07,0.53,55.970000000000006,10:34:55,198.85,1500,198.92,100,198.885,100
8072,0.7799999999999999,0.08,0.7,4.01,10:35:04,198.82,100,198.89,200,198.82,100
8075,0.63,0.17,0.46,6.029999999999999,10:35:06,198.74,400,198.79,100,198.7626,200
8081,0.75,0.19,0.56,9.999999999999998,10:35:09,198.74,300,198.86,600,198.86,500
8084,0.78,0.28,0.5,12.579999999999997,10:35:12,198.74,300,198.84,200,198.77,200
8092,0.59,0.24,0.35,17.979999999999997,10:35:17,198.71,400,198.79,100,198.71,1200
8095,0.5900000000000001,0.28,0.31,19.819999999999997,10:35:19,198.71,400,198.79,100,198.71099999999998,100
8099,0.57,0.08,0.49,22.009999999999994,10:35:22,198.71,400,198.78,200,198.72,100
8102,0.62,0.23,0.39,23.799999999999997,10:35:23,198.6,100,198.67,100,198.6001,120
8105,0.8,0.26,0.54,26.009999999999998,10:35:26,198.59,100,198.68,200,198.6377,100
8108,0.62,0.18,0.44,28.04,10:35:28,198.4,300,198.51,100,198.51,500
8111,0.62,0.08,0.54,29.849999999999998,10:35:29,198.35,200,198.48,200,198.38,200
8113,0.73,0.23,0.5,31.2,10:35:31,198.35,200,198.48,200,198.36,100
8114,0.47000000000000003,0.08,0.39,31.669999999999998,10:35:31,198.35,200,198.44,200,198.3875,400
8118,0.76,0.19,0.57,34.239999999999995,10:35:34,198.35,200,198.42,200,198.4099,317
8121,0.47000000000000003,0.08,0.39,36.08,10:35:36,198.35,200,198.41,100,198.43,500
8124,0.98,0.22,0.76,38.89,10:35:38,198.4,100,198.56,200,198.47,100
8126,0.7899999999999999,0.09,0.7,40.3,10:35:40,198.41,200,198.58,200,198.55,100
8128,0.98,0.18,0.8,42.25999999999999,10:35:42,198.41,200,198.56,100,198.42,100
8134,1.78,0.08,1.7,50.22999999999999,10:35:50,198.43,300,198.55,300,198.4301,685
8136,2.6,0.38,2.22,54.83999999999999,10:35:54,198.43,300,198.53,100,198.4736,100
8137,1.21,0.08,1.13,56.04999999999999,10:35:56,198.43,300,198.53,100,198.45,100
8138,1.0,0.28,0.72,57.04999999999999,10:35:57,198.44,100,198.5,300,198.49,400
8140,0.7999999999999999,0.22,0.58,58.679999999999986,10:35:58,198.43,100,198.5,300,198.49900000000002,100
8142,0.6,0.08,0.52,0.0,10:36:00,198.42,200,198.52,100,198.5,100
8145,0.6100000000000001,0.07,0.54,2.1799999999999997,10:36:02,198.42,100,198.53,200,198.44,100
8148,0.59,0.08,0.51,4.17,10:36:04,198.42,100,198.52,200,198.4717,1000
8156,2.7600000000000002,2.24,0.52,12.75,10:36:12,198.44,100,198.54,100,198.475,100
8162,1.2,0.77,0.43,17.15,10:36:17,198.43,100,198.53,200,198.4883,490
8170,0.61,0.23,0.38,21.779999999999998,10:36:21,198.42,100,198.48,100,198.41,100
8171,0.59,0.08,0.51,22.369999999999997,10:36:22,198.42,100,198.49,300,198.4494,400
8174,0.76,0.17,0.59,24.36,10:36:24,198.42,200,198.49,300,198.467,353
8190,0.62,0.15,0.47,34.44,10:36:34,198.43,200,198.51,100,198.4812,510
8194,0.5700000000000001,0.07,0.5,36.99999999999999,10:36:36,198.43,200,198.57,200,198.56799999999998,100
8196,0.5700000000000001,0.07,0.5,38.00999999999999,10:36:38,198.44,200,198.55,100,198.4838,100
8200,0.62,0.18,0.44,40.41999999999999,10:36:40,198.44,300,198.56,100,198.5009,100
8207,0.62,0.09,0.53,44.25999999999998,10:36:44,198.51,100,198.56,100,198.5359,400
8210,0.8,0.07,0.73,46.63999999999997,10:36:46,198.51,200,198.56,100,198.5454,100
8211,0.77,0.25,0.52,47.409999999999975,10:36:47,198.51,200,198.56,100,198.5525,100
8212,0.85,0.28,0.57,48.25999999999998,10:36:48,198.51,200,198.72,400,198.515,100
8215,0.73,0.25,0.48,50.409999999999975,10:36:50,198.51,200,198.71,600,198.6277,500
8218,0.63,0.23,0.4,52.479999999999976,10:36:52,198.51,300,198.7,200,198.67,100
8219,0.75,0.2,0.55,53.229999999999976,10:36:53,198.52,100,198.7,200,198.69,100
8230,0.64,0.2,0.44,0.0,10:37:00,198.59,200,198.76,100,198.6808,300
8231,0.77,0.07,0.7,0.77,10:37:00,198.59,200,198.76,100,198.675,100
8233,0.8,0.31,0.49,2.21,10:37:02,198.59,300,198.76,200,198.655,400
8236,0.6,0.17,0.43,3.97,10:37:03,198.6,200,198.76,200,198.68,100
8244,0.6000000000000001,0.2,0.4,9.56,10:37:09,198.75,200,198.79,600,198.79,100
8246,0.63,0.24,0.39,10.770000000000001,10:37:10,198.71,200,198.79,600,198.75,100
8248,0.59,0.09,0.5,14.950000000000001,10:37:14,198.71,1700,198.79,800,198.7624,510
8249,0.5800000000000001,0.07,0.51,15.530000000000001,10:37:15,198.75,200,198.9,500,198.78,100
8259,0.5900000000000001,0.07,0.52,21.53000000000001,10:37:21,198.78,400,198.84,100,198.83,250
8261,0.62,0.09,0.53,22.74000000000001,10:37:22,198.78,400,198.84,100,198.805,100
8266,0.6,0.17,0.43,25.70000000000001,10:37:25,198.78,500,198.83,100,198.808,200
8268,0.5800000000000001,0.07,0.51,26.710000000000008,10:37:26,198.78,500,198.83,100,198.825,200
8277,0.63,0.25,0.38,31.71000000000001,10:37:31,198.78,400,198.82,100,198.7981,490
8280,0.75,0.19,0.56,33.69000000000001,10:37:33,198.78,400,198.87,100,198.861,300
8283,0.59,0.08,0.51,35.710000000000015,10:37:35,198.78,300,198.89,200,198.8438,2500
8292,0.78,0.35,0.43,41.51000000000002,10:37:41,198.76,100,198.87,300,198.8183,500
8299,0.6,0.21,0.39,45.700000000000024,10:37:45,198.76,400,198.85,400,198.7906,500
8306,0.5700000000000001,0.07,0.5,49.88000000000003,10:37:49,198.78,100,198.85,100,198.8395,100
8313,0.63,0.19,0.44,53.73000000000003,10:37:53,198.75,400,198.79,100,198.76,100
8316,0.7699999999999999,0.08,0.69,55.91000000000004,10:37:55,198.75,300,198.79,100,198.7549,200
8319,0.78,0.07,0.71,58.12000000000004,10:37:58,198.75,300,198.8,100,198.765,100
8325,0.5800000000000001,0.07,0.51,1.79,10:38:01,198.75,400,198.8,200,198.775,100
8338,0.61,0.14,0.47,9.609999999999998,10:38:09,198.71,200,198.76,100,198.74,100
8341,1.06,0.76,0.3,14.219999999999997,10:38:14,198.7,100,198.76,100,198.7487,140
8343,2.58,1.97,0.61,17.36,10:38:17,198.73,200,198.82,200,198.7675,500
8357,0.45,0.07,0.38,26.02,10:38:26,198.75,200,198.83,300,198.8243,200
8363,0.59,0.09,0.5,29.959999999999997,10:38:29,198.78,500,198.81,400,198.7989,1000
8366,0.44,0.07,0.37,31.419999999999998,10:38:31,198.78,500,198.81,500,198.7926,100
8372,0.61,0.2,0.41,34.989999999999995,10:38:34,198.78,500,198.88,1000,198.795,100
8391,0.43,0.07,0.36,45.41,10:38:45,198.75,300,198.78,200,198.7536,100
8401,0.62,0.18,0.44,52.01,10:38:52,198.71,200,198.79,100,198.7219,500
8413,0.9299999999999999,0.07,0.86,1.73,10:39:01,198.75,100,198.79,100,198.7771,100
8419,1.44,0.86,0.58,8.37,10:39:08,198.75,500,198.79,200,198.7688,500
8428,2.44,1.92,0.52,17.93,10:39:17,198.77,200,198.86,200,198.815,150
8436,0.8300000000000001,0.27,0.56,23.739999999999995,10:39:23,198.73,100,198.78,100,198.735,100
8446,0.95,0.22,0.73,31.889999999999997,10:39:31,198.73,100,198.77,100,198.747,200
8477,0.78,0.18,0.6,53.490000000000016,10:39:53,198.86,200,198.98,200,198.95,126
8480,0.78,0.15,0.63,55.69000000000002,10:39:55,198.86,200,198.93,100,198.9146,100
8483,0.8099999999999999,0.22,0.59,58.090000000000025,10:39:58,198.84,100,198.91,100,198.8806,2500
8495,1.0,0.18,0.82,5.96,10:40:05,198.84,200,198.93,200,198.8994,2200
8500,0.8,0.17,0.63,14.169999999999998,10:40:14,198.85,200,198.93,200,198.8948,100
8508,0.85,0.28,0.57,21.6,10:40:21,198.93,200,198.97,100,198.98,200
8511,0.7999999999999999,0.08,0.72,23.98,10:40:23,198.93,200,199.03,100,199.0,100
8513,0.61,0.21,0.4,25.37,10:40:25,198.93,300,199.02,400,198.9856,450
8517,0.76,0.21,0.55,27.950000000000003,10:40:27,198.95,300,199.04,200,198.9982,100
8526,0.64,0.17,0.47,33.580000000000005,10:40:33,198.99,400,199.1,100,199.045,100
8529,0.6,0.17,0.43,35.37000000000001,10:40:35,199.01,300,199.09,100,199.05,100
8538,0.59,0.21,0.38,41.340000000000025,10:40:41,198.95,100,199.01,200,198.96,100
8541,0.5900000000000001,0.14,0.45,43.33000000000003,10:40:43,198.95,100,198.99,100,198.9501,100
8543,0.5900000000000001,0.07,0.52,44.51000000000003,10:40:44,198.95,100,198.99,100,198.9716,500
8545,0.5900000000000001,0.07,0.52,45.900000000000034,10:40:45,198.92,100,198.97,100,198.94,100
8548,0.5800000000000001,0.07,0.51,47.70000000000003,10:40:47,198.92,100,198.96,100,198.94799999999998,1000
8554,0.77,0.38,0.39,51.31000000000004,10:40:51,198.88,100,198.94,200,198.9082,100
8558,0.5800000000000001,0.2,0.38,53.51000000000003,10:40:53,198.83,200,198.88,200,198.855,100
8565,0.75,0.32,0.43,0.0,10:41:00,198.8,100,198.85,100,198.84900000000002,200
8577,0.6000000000000001,0.14,0.46,7.629999999999999,10:41:07,198.81,300,198.92,100,198.8712,100
8608,0.64,0.19,0.45,32.019999999999996,10:41:32,198.71,200,198.78,100,198.73,100
8614,0.5700000000000001,0.07,0.5,35.58,10:41:35,198.68,200,198.78,100,198.7414,1000
8625,0.5800000000000001,0.07,0.51,41.99,10:41:41,198.81,100,198.88,100,198.87,100
8635,0.5900000000000001,0.14,0.45,47.61,10:41:47,198.86,100,198.98,100,198.865,100
8657,0.62,0.23,0.39,0.0,10:42:00,198.94,100,199.02,100,198.9849,490
8664,0.5800000000000001,0.07,0.51,3.8000000000000003,10:42:03,198.93,200,199.03,500,198.985,100
8681,0.5700000000000001,0.07,0.5,13.86,10:42:13,198.94,200,199.02,100,199.0011,200
8683,2.23,1.73,0.5,19.11,10:42:19,198.94,300,199.01,300,199.01,100
8696,0.7899999999999999,0.21,0.58,27.85,10:42:27,198.82,100,198.89,200,198.8899,524
8699,0.79,0.19,0.6,30.06,10:42:30,198.84,200,199.18,200,198.92,100
8705,0.61,0.29,0.32,33.720000000000006,10:42:33,198.84,200,199.16,200,198.845,100
8729,0.6,0.17,0.43,47.48000000000001,10:42:47,198.79,100,198.85,100,198.8236,100
8746,0.75,0.07,0.68,57.84000000000002,10:42:57,198.76,100,198.78,100,198.827,100
8749,0.63,0.08,0.55,0.0,10:43:00,198.65,200,198.76,100,198.7,400
8758,0.76,0.22,0.54,5.96,10:43:05,198.65,500,198.75,200,198.65,200
8762,0.43999999999999995,0.09,0.35,9.62,10:43:09,198.65,100,198.74,200,198.66,190
8766,0.62,0.08,0.54,12.019999999999998,10:43:12,198.64,200,198.71,200,198.64,218
8770,0.59,0.08,0.51,15.979999999999997,10:43:15,198.65,200,198.78,200,198.6955,625
8808,0.46,0.08,0.38,43.42000000000001,10:43:43,198.59,100,198.71,200,198.6,200
8818,0.7899999999999999,0.22,0.57,50.380000000000024,10:43:50,198.64,100,198.81,200,198.7063,300
8854,0.5900000000000001,0.14,0.45,15.779999999999998,10:44:15,198.42,1100,198.49,200,198.4718,700
8857,0.7899999999999999,0.09,0.7,17.999999999999996,10:44:17,198.37,200,198.46,800,198.37,200
8863,0.6399999999999999,0.07,0.57,22.02,10:44:22,198.21,100,198.35,300,198.21,100
8868,0.6200000000000001,0.07,0.55,25.6,10:44:25,198.2,2500,198.34,200,198.2,200
8874,0.6100000000000001,0.07,0.54,29.630000000000003,10:44:29,198.13,100,198.17,100,198.15,160
8878,0.6000000000000001,0.07,0.53,32.04,10:44:32,198.15,100,198.33,200,198.16,100
8888,0.6000000000000001,0.07,0.53,38.030000000000015,10:44:38,198.15,100,198.27,200,198.2028,100
8895,0.5800000000000001,0.07,0.51,41.98000000000002,10:44:41,198.1,4600,198.2,100,198.19,100
8905,0.63,0.27,0.36,47.590000000000025,10:44:47,198.2,100,198.25,100,198.225,250
8909,0.58,0.17,0.41,49.980000000000025,10:44:49,198.2,100,198.27,100,198.25,100
8923,0.74,0.3,0.44,57.98000000000002,10:44:57,198.21,100,198.32,100,198.26,100
8927,0.6499999999999999,0.24,0.41,0.0,10:45:00,198.21,100,198.34,100,198.32,100
8930,0.61,0.24,0.37,1.7799999999999998,10:45:01,198.22,200,198.33,100,198.27,100
8936,4.2,3.76,0.44,8.77,10:45:08,198.3,100,198.41,100,198.33,100
8937,0.5900000000000001,0.07,0.52,9.36,10:45:09,198.27,100,198.41,100,198.3,100
8941,0.5700000000000001,0.07,0.5,11.559999999999999,10:45:11,198.27,200,198.41,100,198.271,100
8943,1.17,0.63,0.54,14.149999999999999,10:45:14,198.27,100,198.41,200,198.291,1000
8952,0.5900000000000001,0.2,0.39,21.38,10:45:21,198.24,200,198.3,900,198.24,100
8975,0.74,0.09,0.65,35.75,10:45:35,198.23,100,198.39,200,198.30200000000002,100
8978,0.61,0.24,0.37,37.39,10:45:37,198.26,100,198.39,200,198.31,300
8981,0.62,0.09,0.53,39.38999999999999,10:45:39,198.26,200,198.39,200,198.262,250
8982,0.78,0.07,0.71,40.169999999999995,10:45:40,198.26,200,198.39,200,198.3146,900
8983,0.64,0.22,0.42,40.809999999999995,10:45:40,198.26,200,198.39,200,198.2916,100
8990,0.65,0.21,0.44,45.60999999999999,10:45:45,198.36,200,198.41,200,198.39,100
9003,0.61,0.18,0.43,53.79,10:45:53,198.3,200,198.44,200,198.3502,400
9030,0.63,0.21,0.42,13.81,10:46:13,198.25,100,198.39,200,198.2875,500
9041,0.43000000000000005,0.09,0.34,19.820000000000004,10:46:19,198.26,200,198.39,500,198.3396,500
9048,0.5900000000000001,0.07,0.52,24.19,10:46:24,198.26,100,198.37,200,198.315,100
9051,0.6200000000000001,0.07,0.55,26.23,10:46:26,198.26,200,198.35,300,198.326,100
9054,0.74,0.12,0.62,28.36,10:46:28,198.26,200,198.35,300,198.3255,690
9063,0.7899999999999999,0.22,0.57,34.57,10:46:34,198.29,100,198.39,100,198.34,100
9067,0.75,0.07,0.68,37.18,10:46:37,198.29,200,198.39,100,198.35,100
9074,0.79,0.4,0.39,41.82,10:46:41,198.29,300,198.39,200,198.343,850
9077,0.6300000000000001,0.07,0.56,43.83,10:46:43,198.21,100,198.38,200,198.268,500
9092,0.59,0.18,0.41,54.030000000000015,10:46:54,198.2,700,198.32,100,198.2741,175
9101,0.6399999999999999,0.29,0.35,59.800000000000026,10:46:59,198.25,100,198.37,100,198.2949,500
9113,4.0,3.48,0.52,6.380000000000001,10:47:06,198.48,200,198.6,500,198.59,100
9115,2.97,2.47,0.5,9.790000000000001,10:47:09,198.48,400,198.59,100,198.58,100
9136,0.59,0.15,0.44,23.009999999999994,10:47:23,198.3,200,198.42,100,198.4074,1000
9157,0.65,0.17,0.48,34.65999999999999,10:47:34,198.26,100,198.41,100,198.29,100
9209,0.58,0.08,0.5,18.199999999999996,10:48:18,198.33,100,198.41,100,198.3825,100
9246,0.58,0.17,0.41,39.809999999999995,10:48:39,198.34,300,198.4,100,198.355,100
9260,0.5700000000000001,0.24,0.33,47.8,10:48:47,198.3,200,198.35,100,198.325,100
9264,0.6,0.24,0.36,50.01,10:48:50,198.28,3200,198.36,100,198.3078,400
9278,0.5700000000000001,0.14,0.43,0.0,10:49:00,198.28,100,198.35,100,198.3225,350
9279,0.43999999999999995,0.09,0.35,0.43999999999999995,10:49:00,198.28,100,198.35,100,198.28,100
9330,0.6300000000000001,0.07,0.56,32.66000000000001,10:49:32,198.38,1200,198.49,800,198.48,100
9335,0.7699999999999999,0.08,0.69,36.420000000000016,10:49:36,198.38,1000,198.46,200,198.4129,400
9360,0.6,0.13,0.47,54.240000000000016,10:49:54,198.36,300,198.43,100,198.3876,150
9366,0.77,0.21,0.56,58.850000000000016,10:49:58,198.35,600,198.43,100,198.3948,200
9368,0.6100000000000001,0.07,0.54,0.0,10:50:00,198.35,600,198.43,100,198.405,100
9376,0.61,0.09,0.52,6.22,10:50:06,198.4,200,198.48,200,198.46,100
9379,0.5900000000000001,0.07,0.52,8.01,10:50:08,198.39,200,198.46,200,198.435,940
9420,0.44,0.08,0.36,37.960000000000015,10:50:37,198.25,500,198.3,100,198.2663,400
9424,0.44,0.07,0.37,40.180000000000014,10:50:40,198.25,500,198.31,200,198.2935,200
9427,0.6000000000000001,0.2,0.4,41.960000000000015,10:50:41,198.21,100,198.3,100,198.2306,300
9449,0.61,0.18,0.43,54.13,10:50:54,198.18,200,198.24,200,198.2078,350
9452,0.62,0.21,0.41,55.93,10:50:55,198.15,100,198.18,100,198.18,200
9455,0.5700000000000001,0.07,0.5,57.72,10:50:57,198.07,100,198.17,100,198.12,100
9459,0.5800000000000001,0.14,0.44,0.0,10:51:00,198.04,100,198.17,200,198.07,100
9463,0.61,0.24,0.37,2.22,10:51:02,198.02,300,198.1,100,198.04,100
9465,2.38,1.88,0.5,5.1899999999999995,10:51:05,198.01,2500,198.1,100,198.02,400
9467,0.63,0.17,0.46,6.449999999999999,10:51:06,197.85,100,197.93,100,197.8701,100
9469,1.4100000000000001,0.74,0.67,8.66,10:51:08,197.83,300,197.97,100,197.8501,186
9471,2.39,1.81,0.58,12.23,10:51:12,197.85,200,197.96,200,197.9,200
9474,0.6100000000000001,0.07,0.54,16.23,10:51:16,197.97,200,198.05,100,198.0102,300
9477,0.64,0.18,0.46,18.220000000000002,10:51:18,198.02,300,198.14,100,198.05,100
9480,1.78,1.32,0.46,21.410000000000004,10:51:21,197.92,100,198.07,100,198.03,1200
9481,0.6,0.21,0.39,22.010000000000005,10:51:22,197.94,200,198.08,200,197.99,100
9484,0.76,0.22,0.54,23.970000000000006,10:51:23,197.94,100,198.07,200,197.9401,545
9500,0.59,0.22,0.37,33.98000000000001,10:51:33,197.94,200,198.06,100,198.06,200
9519,0.6,0.19,0.41,45.970000000000034,10:51:45,197.95,100,198.04,200,197.995,500
9523,0.58,0.09,0.49,48.32000000000003,10:51:48,197.9,500,198.04,200,197.9899,514
9526,0.79,0.17,0.62,50.53000000000002,10:51:50,197.9,500,198.02,600,198.01,200
9529,0.6000000000000001,0.07,0.53,52.36000000000003,10:51:52,197.9,500,198.02,600,197.9101,100
9532,0.6,0.18,0.42,54.17000000000003,10:51:54,197.9,500,198.02,600,197.9636,100
9541,0.5900000000000001,0.25,0.34,0.0,10:52:00,197.88,100,197.99,200,197.88,100
9552,0.75,0.28,0.47,7.15,10:52:07,197.92,200,197.99,300,197.98,123
9554,3.45,2.83,0.62,15.0,10:52:15,197.92,200,197.98,200,197.9539,100
9557,0.8200000000000001,0.18,0.64,17.78,10:52:17,197.9,500,197.98,200,197.975,100
9559,0.76,0.07,0.69,19.550000000000004,10:52:19,197.9,500,197.97,100,197.92,186
9560,0.61,0.08,0.53,20.160000000000004,10:52:20,197.93,100,198.0,200,197.93,100
9567,0.6200000000000001,0.07,0.55,24.570000000000007,10:52:24,197.93,100,197.98,200,197.9517,440
9572,0.6300000000000001,0.07,0.56,27.78000000000001,10:52:27,197.87,100,197.92,200,197.9084,120
9573,0.62,0.21,0.41,28.40000000000001,10:52:28,197.85,400,197.9,100,197.87,100
9576,0.62,0.21,0.41,30.37000000000001,10:52:30,197.81,100,197.9,200,197.8102,2000
9578,0.79,0.27,0.52,31.75000000000001,10:52:31,197.8,100,197.9,200,197.81,100
9579,0.6300000000000001,0.07,0.56,32.38000000000001,10:52:32,197.76,300,197.9,100,197.78,100
9582,0.75,0.26,0.49,34.350000000000016,10:52:34,197.77,100,197.89,200,197.8826,448
9585,0.94,0.33,0.61,36.55000000000001,10:52:36,197.77,200,197.89,100,197.775,100
9590,0.79,0.2,0.59,40.15000000000001,10:52:40,197.75,100,197.89,200,197.82,200
9593,0.59,0.16,0.43,41.990000000000016,10:52:41,197.75,100,197.88,100,197.8286,100
9597,0.79,0.17,0.62,44.750000000000014,10:52:44,197.75,100,197.88,200,197.85,100
9599,0.8099999999999999,0.21,0.6,46.350000000000016,10:52:46,197.75,100,197.88,200,197.75,300
9602,0.64,0.19,0.45,48.20000000000002,10:52:48,197.75,200,197.81,100,197.7752,1200
9609,0.59,0.08,0.51,52.37000000000003,10:52:52,197.75,100,197.83,200,197.7501,100
9632,0.58,0.23,0.35,5.999999999999999,10:53:05,197.75,200,197.83,200,197.8044,2000
9638,1.1400000000000001,0.54,0.6,10.37,10:53:10,197.81,100,197.89,100,197.83,100
9640,0.61,0.08,0.53,12.829999999999998,10:53:12,197.82,100,197.9,100,197.8799,300
9642,0.62,0.22,0.4,14.039999999999997,10:53:14,197.82,100,197.9,100,197.86,150
9653,0.44999999999999996,0.15,0.3,23.849999999999994,10:53:23,197.87,100,197.92,300,197.9016,500
9661,0.58,0.08,0.5,28.01999999999999,10:53:28,197.83,100,197.87,100,197.827,100
9668,0.61,0.2,0.41,32.019999999999996,10:53:32,197.83,100,197.9,100,197.865,200
9679,0.5700000000000001,0.07,0.5,38.199999999999996,10:53:38,197.84,100,197.91,100,197.875,100
9683,0.57,0.09,0.48,40.209999999999994,10:53:40,197.84,100,197.9,100,197.8401,100
9686,0.62,0.29,0.33,42.03999999999999,10:53:42,197.89,100,197.98,200,197.91,100
9689,0.76,0.39,0.37,43.83999999999999,10:53:43,197.9,100,197.96,100,197.9225,100
9698,0.61,0.2,0.41,49.029999999999994,10:53:49,197.84,100,197.87,100,197.8745,100
9717,0.59,0.17,0.42,0.0,10:54:00,197.8,100,197.88,100,197.835,100
9724,0.43999999999999995,0.09,0.35,3.8400000000000003,10:54:03,197.85,200,197.89,100,197.89,100
9734,2.1799999999999997,1.69,0.49,10.799999999999999,10:54:10,197.91,100,197.96,100,197.9349,325
9735,2.1799999999999997,1.65,0.53,12.979999999999999,10:54:12,197.91,100,197.96,100,197.9137,100
9745,0.6100000000000001,0.28,0.33,21.209999999999997,10:54:21,197.86,200,198.02,200,197.935,100
9747,0.5800000000000001,0.07,0.51,22.39,10:54:22,197.87,100,198.02,200,197.972,100
9750,0.61,0.17,0.44,24.020000000000003,10:54:24,197.87,200,198.02,300,197.9675,1000
9754,0.5700000000000001,0.07,0.5,26.380000000000003,10:54:26,197.87,200,198.0,100,197.96,100
9756,118.97,118.36,0.61,0.0,10:56:00,198.21,200,198.33,200,198.2698,400
9757,0.5900000000000001,0.07,0.52,0.5900000000000001,10:56:00,198.21,200,198.28,100,198.2492,100
9760,0.76,0.27,0.49,2.62,10:56:02,198.22,100,198.28,300,198.2506,500
9766,0.46,0.07,0.39,6.6899999999999995,10:56:06,198.11,100,198.19,100,198.11,4000
9769,0.79,0.23,0.56,8.86,10:56:08,198.08,1200,198.18,200,198.17,100
9772,0.7799999999999999,0.09,0.69,11.029999999999998,10:56:11,198.12,200,198.17,100,198.145,100
9780,0.6,0.11,0.49,16.23,10:56:16,198.12,100,198.26,200,198.195,500
9786,0.6000000000000001,0.14,0.46,20.240000000000002,10:56:20,198.15,100,198.25,200,198.13,100
9789,0.6300000000000001,0.07,0.56,22.270000000000003,10:56:22,198.15,200,198.25,200,198.2049,100
9792,0.6100000000000001,0.27,0.34,24.290000000000003,10:56:24,198.15,200,198.24,100,198.231,500
9802,0.6000000000000001,0.07,0.53,30.69000000000001,10:56:30,198.15,300,198.23,200,198.1853,600
9805,0.59,0.12,0.47,32.47000000000001,10:56:32,198.15,100,198.23,200,198.2015,100
9809,0.6100000000000001,0.07,0.54,0.6100000000000001,10:57:00,198.15,200,198.22,200,198.1807,700
9820,5.77,5.27,0.5,11.97,10:57:11,198.18,100,198.23,200,198.2237,400
9821,1.79,1.23,0.56,13.760000000000002,10:57:13,198.2,200,198.27,100,198.22099999999998,600
9822,0.43,0.07,0.36,14.190000000000001,10:57:14,198.2,100,198.27,100,198.2405,600
9830,0.61,0.19,0.42,18.590000000000003,10:57:18,198.18,100,198.27,200,198.23,272
9836,0.6,0.24,0.36,24.180000000000007,10:57:24,198.25,200,198.29,100,198.255,100
9847,0.5599999999999999,0.08,0.48,30.36000000000001,10:57:30,198.15,200,198.26,200,198.2435,100
9862,0.58,0.08,0.5,38.350000000000016,10:57:38,198.18,400,198.25,200,198.22,260
9865,0.45,0.07,0.38,40.16000000000002,10:57:40,198.18,400,198.25,200,198.2192,100
9872,0.6,0.23,0.37,44.36000000000003,10:57:44,198.15,200,198.21,100,198.1859,750
9882,0.6,0.24,0.36,50.150000000000034,10:57:50,198.15,200,198.26,200,198.2116,150
9893,0.44,0.07,0.37,55.97000000000003,10:57:55,198.15,200,198.25,400,198.1985,100
9910,0.62,0.23,0.39,6.21,10:58:06,198.15,200,198.25,100,198.248,100
9913,0.62,0.18,0.44,10.399999999999999,10:58:10,198.17,100,198.26,100,198.2149,200
9927,0.59,0.16,0.43,22.359999999999996,10:58:22,198.22,100,198.28,200,198.252,100
9952,0.5800000000000001,0.2,0.38,36.0,10:58:36,198.23,100,198.27,100,198.2467,200
10007,2.17,1.58,0.59,11.190000000000001,10:59:11,198.27,800,198.35,900,198.2987,109
10010,0.6,0.25,0.35,12.8,10:59:12,198.27,800,198.35,900,198.3206,1600
10012,0.58,0.29,0.29,13.82,10:59:13,198.24,100,198.28,200,198.2624,500
10015,0.43,0.07,0.36,16.01,10:59:16,198.24,200,198.28,200,198.2541,900
10018,2.77,2.34,0.43,19.8,10:59:19,198.24,200,198.29,300,198.267,500
10019,1.78,1.35,0.43,21.580000000000002,10:59:21,198.24,300,198.29,400,198.2647,100
10020,0.6100000000000001,0.28,0.33,22.19,10:59:22,198.24,300,198.29,300,198.2715,2340
10042,0.57,0.21,0.36,34.180000000000014,10:59:34,198.2,500,198.28,200,198.235,100
10053,0.5900000000000001,0.2,0.39,39.98000000000002,10:59:39,198.11,100,198.21,100,198.14,100
10078,0.76,0.35,0.41,54.17000000000003,10:59:54,198.01,200,198.09,100,198.08,300
10081,0.5700000000000001,0.07,0.5,55.94000000000003,10:59:55,198.01,200,198.08,200,198.0799,470
10089,0.62,0.16,0.46,60.18000000000003,11:00:00,198.01,100,198.08,200,198.0506,300
10094,3.42,2.83,0.59,4.1899999999999995,11:00:04,198.09,100,198.18,100,198.1465,200
10099,1.19,0.57,0.62,9.19,11:00:09,198.16,100,198.18,100,198.1605,150
10106,0.58,0.15,0.43,16.209999999999997,11:00:16,198.11,200,198.17,200,198.1536,151
10113,0.44,0.12,0.32,19.999999999999993,11:00:19,198.11,200,198.16,100,198.139,100
10125,0.61,0.18,0.43,26.609999999999992,11:00:26,198.11,200,198.17,100,198.1466,100
10128,0.75,0.07,0.68,28.549999999999994,11:00:28,198.11,200,198.16,200,198.1397,100
10144,0.43,0.12,0.31,38.18000000000001,11:00:38,198.15,100,198.21,200,198.1873,600
10151,0.5700000000000001,0.07,0.5,42.150000000000006,11:00:42,198.11,300,198.19,200,198.155,100
10162,0.6100000000000001,0.07,0.54,48.41000000000001,11:00:48,198.12,100,198.18,500,198.1233,300
10184,0.59,0.24,0.35,12.179999999999998,11:01:12,198.21,100,198.3,200,198.2001,165
10185,4.38,3.9,0.48,16.56,11:01:16,198.2,100,198.27,200,198.2676,1300
10239,0.56,0.07,0.49,50.17,11:01:50,198.03,400,198.1,300,198.1,850
10259,1.23,0.7,0.53,2.78,11:04:02,197.9,500,197.95,200,197.94,100
10267,0.6000000000000001,0.07,0.53,8.15,11:04:08,197.9,500,197.95,100,197.925,101
10273,0.59,0.08,0.51,12.110000000000001,11:04:12,197.9,500,197.99,100,197.95,100
10285,0.96,0.36,0.6,20.73,11:04:20,197.9,400,197.95,100,197.9499,127
10293,0.65,0.23,0.42,26.15,11:04:26,197.85,300,197.95,200,197.8918,100
10296,0.6000000000000001,0.14,0.46,28.11,11:04:28,197.85,300,197.94,300,197.8824,1300
10299,0.59,0.22,0.37,29.939999999999998,11:04:29,197.85,300,197.93,300,197.8547,200
10309,0.76,0.08,0.68,36.290000000000006,11:04:36,197.8,500,197.88,200,197.84,100
10312,0.63,0.14,0.49,38.330000000000005,11:04:38,197.75,400,197.86,200,197.79,350
10315,0.64,0.21,0.43,40.53000000000001,11:04:40,197.7,800,197.75,300,197.72,100
10323,0.6200000000000001,0.07,0.55,0.0,11:05:00,197.73,100,197.79,100,197.73,100
10326,0.81,0.26,0.55,2.17,11:05:02,197.75,1000,197.79,100,197.77,100
10334,0.8099999999999999,0.23,0.58,8.19,11:05:08,197.64,200,197.74,200,197.66,100
10337,2.2199999999999998,1.43,0.79,11.779999999999998,11:05:11,197.6,100,197.66,200,197.6,100
10338,0.8200000000000001,0.07,0.75,12.599999999999998,11:05:12,197.52,100,197.66,200,197.53,100
10340,1.56,0.89,0.67,15.149999999999999,11:05:15,197.52,200,197.66,200,197.52,100
10342,0.5800000000000001,0.07,0.51,16.36,11:05:16,197.53,200,197.66,200,197.56,100
10345,0.98,0.39,0.59,21.930000000000003,11:05:21,197.59,200,197.71,100,197.71,100
10346,0.5800000000000001,0.07,0.51,22.510000000000005,11:05:22,197.56,100,197.71,200,197.57,100
10355,0.43,0.07,0.36,27.760000000000012,11:05:27,197.6,300,197.68,200,197.61,100
10359,0.56,0.22,0.34,29.940000000000012,11:05:29,197.6,300,197.68,200,197.68,100
10367,0.43,0.13,0.3,34.18000000000002,11:05:34,197.68,100,197.74,100,197.69,100
10374,0.6,0.17,0.43,38.16000000000002,11:05:38,197.68,100,197.76,200,197.7333,100
10381,0.59,0.29,0.3,42.00000000000002,11:05:42,197.69,300,197.8,200,197.7,100
10385,0.57,0.08,0.49,44.17000000000002,11:05:44,197.69,400,197.79,200,197.74,100
10420,3.67,3.37,0.3,6.63,11:06:06,197.66,200,197.69,100,197.67,100
10422,0.59,0.18,0.41,7.8,11:06:07,197.62,600,197.69,300,197.62,100
10427,1.97,1.5,0.47,12.17,11:06:12,197.62,600,197.68,100,197.665,100
10430,1.37,0.8,0.57,16.57,11:06:16,197.63,200,197.68,400,197.655,100
10431,2.0,1.44,0.56,18.57,11:06:18,197.63,100,197.66,100,197.64,100
10434,0.58,0.09,0.49,20.18,11:06:20,197.62,500,197.65,100,197.63,100
10441,0.62,0.31,0.31,24.01,11:06:24,197.53,100,197.59,100,197.5516,1300
10445,0.5700000000000001,0.07,0.5,26.17,11:06:26,197.55,300,197.64,400,197.59,100
10448,0.6,0.22,0.38,27.790000000000003,11:06:27,197.53,100,197.6,200,197.5531,750
10452,0.6,0.25,0.35,30.190000000000005,11:06:30,197.5,2400,197.54,200,197.51,400
10463,0.5700000000000001,0.07,0.5,36.15,11:06:36,197.5,2600,197.54,300,197.53400000000002,200
10466,0.62,0.21,0.41,37.96999999999999,11:06:37,197.5,2500,197.54,200,197.5,100
10473,0.44,0.13,0.31,41.779999999999994,11:06:41,197.51,100,197.58,100,197.54,100
10486,0.43,0.07,0.36,48.58999999999999,11:06:48,197.5,2300,197.54,100,197.5122,1200
10488,0.5700000000000001,0.07,0.5,49.72999999999999,11:06:49,197.5,2300,197.54,100,197.5182,100
10506,0.6000000000000001,0.2,0.4,0.0,11:07:00,197.5,100,197.54,100,197.53599999999997,200
10514,0.6000000000000001,0.2,0.4,4.38,11:07:04,197.54,100,197.58,100,197.55,100
10517,0.6000000000000001,0.27,0.33,6.18,11:07:06,197.5,1100,197.57,100,197.5392,200
10519,0.97,0.53,0.44,7.59,11:07:07,197.5,1100,197.57,100,197.5448,1300
10520,0.59,0.17,0.42,8.18,11:07:08,197.5,1100,197.56,100,197.5397,1500
10521,3.98,3.41,0.57,12.16,11:07:12,197.5,1100,197.54,100,197.5336,100
10526,0.6599999999999999,0.36,0.3,16.419999999999998,11:07:16,197.56,100,197.6,300,197.58,200
10553,0.56,0.14,0.42,34.20000000000001,11:07:34,197.61,200,197.65,100,197.638,200
10557,0.43000000000000005,0.09,0.34,36.21000000000001,11:07:36,197.64,100,197.69,200,197.65,100
10561,0.61,0.18,0.43,38.400000000000006,11:07:38,197.64,100,197.69,200,197.6674,100
10575,0.5900000000000001,0.19,0.4,46.00000000000001,11:07:46,197.61,200,197.64,200,197.6211,600
10579,0.44,0.07,0.37,48.03,11:07:48,197.61,200,197.64,200,197.6304,1500
10583,0.59,0.23,0.36,50.2,11:07:50,197.58,1100,197.63,200,197.5801,100
10591,0.57,0.08,0.49,54.2,11:07:54,197.59,200,197.68,100,197.6275,100
10601,0.5700000000000001,0.07,0.5,59.970000000000006,11:07:59,197.58,100,197.64,400,197.6271,1000
10613,4.41,3.9,0.51,10.77,11:08:10,197.55,200,197.6,200,197.5805,100
10640,0.85,0.21,0.64,29.830000000000002,11:08:29,197.67,100,197.73,200,197.7123,500
10643,0.78,0.28,0.5,32.02,11:08:32,197.67,100,197.72,200,197.6882,1200
10649,1.37,0.82,0.55,36.61,11:08:36,197.57,100,197.64,200,197.6176,200
10666,0.59,0.21,0.38,47.63000000000001,11:08:47,197.61,200,197.65,200,197.6499,188
10675,0.5900000000000001,0.07,0.52,53.64000000000001,11:08:53,197.65,200,197.71,200,197.6897,1500
10682,0.6,0.09,0.51,57.850000000000016,11:08:57,197.65,300,197.7,100,197.675,100
10685,0.58,0.08,0.5,0.0,11:09:00,197.65,300,197.7,300,197.678,100
10703,0.43,0.07,0.36,13.85,11:09:13,197.54,200,197.69,200,197.541,150
10706,0.44,0.08,0.36,15.84,11:09:15,197.54,300,197.67,200,197.6699,100
10713,0.5800000000000001,0.07,0.51,19.800000000000004,11:09:19,197.54,200,197.66,300,197.6154,200
10721,0.5900000000000001,0.19,0.4,24.020000000000003,11:09:24,197.56,300,197.66,300,197.6453,100
10723,0.5800000000000001,0.07,0.51,25.190000000000005,11:09:25,197.57,100,197.66,300,197.6294,448
10724,0.62,0.18,0.44,25.810000000000006,11:09:25,197.56,100,197.61,300,197.585,100
10728,0.61,0.21,0.4,28.22000000000001,11:09:28,197.54,200,197.6,300,197.555,500
10731,0.5800000000000001,0.07,0.51,30.000000000000007,11:09:30,197.54,200,197.59,200,197.5658,150
10748,0.56,0.06,0.5,39.79000000000001,11:09:39,197.54,200,197.58,100,197.5665,500
10754,0.43,0.12,0.31,42.81000000000001,11:09:42,197.51,100,197.56,200,197.5119,1200
10770,0.57,0.08,0.49,51.76000000000001,11:09:51,197.51,200,197.55,100,197.5314,375
10785,0.58,0.08,0.5,0.0,11:10:00,197.51,100,197.54,100,197.5399,100
10799,3.01,2.46,0.55,13.42,11:10:13,197.41,100,197.46,100,197.41,500
10800,0.61,0.17,0.44,14.03,11:10:14,197.37,100,197.41,100,197.394,250
10807,0.44,0.14,0.3,18.840000000000003,11:10:18,197.39,100,197.44,100,197.43,100
10809,0.61,0.18,0.43,20.020000000000003,11:10:20,197.37,100,197.43,100,197.395,100
10812,0.44,0.08,0.36,21.660000000000004,11:10:21,197.37,300,197.43,200,197.37,1000
10816,0.5700000000000001,0.07,0.5,23.830000000000005,11:10:23,197.28,200,197.33,100,197.3,101
10818,0.56,0.07,0.49,24.820000000000004,11:10:24,197.28,200,197.33,100,197.3299,300
10820,0.43,0.07,0.36,25.840000000000003,11:10:25,197.27,100,197.32,300,197.312,150
10824,0.61,0.22,0.39,28.04,11:10:28,197.27,100,197.32,200,197.30599999999998,280
10829,0.58,0.08,0.5,31.009999999999998,11:10:31,197.31,100,197.36,100,197.3485,1200
10830,0.64,0.18,0.46,31.65,11:10:31,197.3,100,197.35,100,197.328,200
10837,0.6000000000000001,0.07,0.53,35.85,11:10:35,197.25,200,197.34,100,197.35,100
10840,0.63,0.08,0.55,38.040000000000006,11:10:38,197.25,200,197.34,100,197.2934,350
10846,0.59,0.24,0.35,42.030000000000015,11:10:42,197.28,100,197.34,200,197.28,100
10849,0.6100000000000001,0.07,0.54,43.98000000000002,11:10:43,197.23,100,197.25,500,197.2699,100
10852,0.75,0.09,0.66,45.97000000000002,11:10:45,197.2,100,197.25,400,197.21,250
10855,0.59,0.17,0.42,47.590000000000025,11:10:47,197.2,100,197.25,500,197.232,500
10859,0.59,0.17,0.42,49.99000000000003,11:10:49,197.2,100,197.24,100,197.2,1000
10866,0.43000000000000005,0.09,0.34,53.78000000000003,11:10:53,197.2,100,197.24,200,197.1866,100
10870,0.6200000000000001,0.28,0.34,55.97000000000003,11:10:55,197.2,100,197.24,200,197.2001,150
10880,0.57,0.08,0.49,1.7799999999999998,11:11:01,197.2,200,197.22,200,197.22,200
10886,0.58,0.08,0.5,7.57,11:11:07,197.2,500,197.22,300,197.2172,100
10891,2.18,1.59,0.59,12.36,11:11:12,197.25,100,197.29,100,197.2336,100
10892,0.43,0.11,0.32,12.79,11:11:12,197.23,200,197.28,100,197.2529,100
10893,1.5699999999999998,0.96,0.61,14.36,11:11:14,197.28,100,197.37,6000,197.34,100
10895,0.6,0.22,0.38,15.579999999999998,11:11:15,197.31,200,197.37,5100,197.325,100
10897,3.63,3.26,0.37,19.81,11:11:19,197.36,100,197.42,100,197.38,100
10898,0.5700000000000001,0.12,0.45,20.38,11:11:20,197.36,400,197.47,200,197.4176,1000
10904,0.6,0.22,0.38,23.6,11:11:23,197.43,100,197.46,100,197.465,100
10908,0.45,0.13,0.32,25.630000000000003,11:11:25,197.36,300,197.45,100,197.44,100
10912,0.43,0.08,0.35,27.85,11:11:27,197.36,300,197.44,300,197.3601,381
10916,0.61,0.18,0.43,30.03,11:11:30,197.36,300,197.42,100,197.42,100
10926,0.44,0.08,0.36,35.65000000000001,11:11:35,197.36,200,197.45,400,197.482,200
10937,0.5900000000000001,0.27,0.32,41.82000000000002,11:11:41,197.37,200,197.44,200,197.4048,100
10950,0.59,0.09,0.5,50.230000000000025,11:11:50,197.25,100,197.35,200,197.26,100
10953,0.59,0.08,0.51,52.02000000000003,11:11:52,197.25,100,197.34,100,197.32,100
10956,0.6,0.18,0.42,53.67000000000004,11:11:53,197.25,100,197.35,200,197.27,100
10960,0.5900000000000001,0.07,0.52,56.05000000000005,11:11:56,197.25,200,197.35,100,197.2993,400
10970,4.17,3.61,0.56,0.0,11:12:00,197.26,200,197.34,200,197.33,100
10974,0.6,0.23,0.37,2.22,11:12:02,197.27,100,197.34,200,197.3162,500
10983,0.44999999999999996,0.09,0.36,13.23,11:12:13,197.35,100,197.43,900,197.3401,394
10985,0.46,0.07,0.39,16.23,11:12:16,197.35,200,197.42,100,197.3895,1000
10988,0.64,0.23,0.41,18.22,11:12:18,197.36,200,197.42,200,197.4199,300
10998,0.6300000000000001,0.07,0.56,24.22,11:12:24,197.43,200,197.49,100,197.45,100
11001,0.5800000000000001,0.19,0.39,26.019999999999996,11:12:26,197.48,200,197.55,300,197.515,100
11005,0.6300000000000001,0.07,0.56,28.619999999999997,11:12:28,197.49,100,197.54,100,197.5185,200
11008,0.74,0.07,0.67,30.769999999999996,11:12:30,197.4,100,197.5,100,197.48,100
11011,0.61,0.24,0.37,32.43,11:12:32,197.41,100,197.51,500,197.5099,130
11017,0.61,0.08,0.53,36.65,11:12:36,197.42,100,197.5,200,197.4597,100
11022,0.62,0.08,0.54,40.25,11:12:40,197.42,200,197.5,200,197.4997,252
11033,0.81,0.13,0.68,48.86,11:12:48,197.42,300,197.5,100,197.4853,300
11035,0.62,0.13,0.49,50.22,11:12:50,197.56,100,197.57,100,197.5683,100
11050,0.62,0.08,0.54,3.9800000000000004,11:13:03,197.5,300,197.55,200,197.5076,200
11058,0.62,0.08,0.54,9.99,11:13:09,197.51,100,197.58,200,197.5506,650
11062,0.78,0.15,0.63,15.77,11:13:15,197.51,100,197.57,100,197.5283,600
11065,0.78,0.14,0.64,17.96,11:13:17,197.51,100,197.58,600,197.579,100
11073,0.78,0.17,0.61,23.990000000000006,11:13:23,197.46,100,197.53,100,197.4888,900
11078,0.8,0.19,0.61,27.94000000000001,11:13:27,197.46,100,197.51,100,197.46,100
11081,0.78,0.07,0.71,30.160000000000007,11:13:30,197.41,100,197.48,100,197.485,100
11083,0.61,0.08,0.53,31.540000000000006,11:13:31,197.36,200,197.43,100,197.36,100
11086,0.79,0.36,0.43,33.59,11:13:33,197.36,300,197.43,200,197.3974,153
11115,0.44,0.13,0.31,51.35000000000001,11:13:51,197.4,100,197.46,200,197.4384,500
11126,0.62,0.19,0.43,0.0,11:14:00,197.4,100,197.46,200,197.4329,100
11127,0.58,0.09,0.49,0.58,11:14:00,197.4,100,197.46,200,197.4403,118
11129,0.43,0.07,0.36,1.6199999999999999,11:14:01,197.4,200,197.46,300,197.429,250
11132,0.6,0.17,0.43,5.59,11:14:05,197.47,100,197.56,200,197.47,100
11136,3.83,3.39,0.44,11.030000000000001,11:14:11,197.47,200,197.54,100,197.505,100
11158,0.44,0.08,0.36,25.41,11:14:25,197.51,200,197.57,200,197.5548,900
11211,0.6599999999999999,0.18,0.48,5.670000000000001,11:16:05,197.5,100,197.55,100,197.525,200
11240,0.63,0.26,0.37,3.42,11:17:03,197.53,100,197.6,200,197.575,100
11293,0.5700000000000001,0.19,0.38,41.39000000000001,11:17:41,197.66,100,197.75,100,197.7109,1000
11323,0.44,0.08,0.36,57.61000000000001,11:17:57,197.61,500,197.65,100,197.645,110
11350,0.6200000000000001,0.07,0.55,18.810000000000002,11:18:18,197.63,100,197.68,200,197.658,100
11361,0.6100000000000001,0.07,0.54,26.360000000000003,11:18:26,197.64,200,197.73,200,197.6625,500
11376,0.78,0.17,0.61,36.160000000000004,11:18:36,197.64,100,197.7,100,197.6707,500
11379,0.62,0.13,0.49,38.0,11:18:38,197.63,200,197.7,100,197.6615,100
11397,0.6,0.13,0.47,50.110000000000014,11:18:50,197.7,200,197.79,100,197.7974,1000
11399,0.6100000000000001,0.07,0.54,51.52000000000001,11:18:51,197.7,200,197.79,100,197.745,100
11403,0.61,0.15,0.46,53.960000000000015,11:18:53,197.7,200,197.8,100,197.755,100
11410,0.74,0.07,0.67,0.0,11:19:00,197.7,200,197.79,100,197.7521,100
11420,1.38,0.88,0.5,7.43,11:19:07,197.73,100,197.8,300,197.76,100
11423,0.6499999999999999,0.08,0.57,9.680000000000001,11:19:09,197.74,100,197.79,100,197.8,100
11424,0.77,0.26,0.51,10.450000000000001,11:19:10,197.74,100,197.79,100,197.765,100
11449,0.61,0.13,0.48,31.659999999999997,11:19:31,197.82,100,197.88,100,197.8543,300
11458,0.58,0.22,0.36,37.459999999999994,11:19:37,197.7,300,197.75,100,197.725,125
11473,0.6100000000000001,0.07,0.54,45.65,11:19:45,197.62,100,197.67,200,197.6466,140
11499,0.78,0.07,0.71,4.19,11:20:04,197.63,200,197.68,100,197.662,1000
11511,0.62,0.08,0.54,14.019999999999996,11:20:14,197.63,400,197.67,400,197.648,500
11513,4.16,3.7,0.46,20.379999999999995,11:20:20,197.52,100,197.6,100,197.5533,1500
11521,0.6000000000000001,0.14,0.46,25.549999999999997,11:20:25,197.52,300,197.6,100,197.5696,100
11563,0.61,0.08,0.53,54.11000000000001,11:20:54,197.58,300,197.62,100,197.6002,200
11577,0.8099999999999999,0.22,0.59,3.7800000000000002,11:21:03,197.59,100,197.63,200,197.6076,500
11581,0.61,0.09,0.52,7.4,11:21:07,197.61,300,197.63,200,197.6175,100
11616,0.76,0.07,0.69,37.800000000000004,11:21:37,197.66,100,197.7,200,197.6732,2500
11618,0.6699999999999999,0.18,0.49,39.43000000000001,11:21:39,197.66,200,197.7,200,197.6601,152
11636,0.5900000000000001,0.2,0.39,51.59000000000002,11:21:51,197.68,100,197.74,100,197.713,161
11651,0.76,0.17,0.59,0.0,11:22:00,197.71,100,197.83,300,197.799,300
11654,0.64,0.08,0.56,2.04,11:22:02,197.71,100,197.83,200,197.829,140
11664,2.0300000000000002,1.57,0.46,10.45,11:22:10,197.71,200,197.79,100,197.7548,100
11700,0.57,0.08,0.49,35.63999999999999,11:22:35,197.78,200,197.85,200,197.808,2500
11707,0.6,0.23,0.37,39.839999999999996,11:22:39,197.78,200,197.86,300,197.8184,300
11714,0.61,0.11,0.5,43.62,11:22:43,197.86,200,197.99,200,197.917,400
11721,0.6200000000000001,0.07,0.55,48.05999999999999,11:22:48,197.86,200,197.97,100,197.9471,200
11726,0.75,0.22,0.53,51.22999999999999,11:22:51,197.87,200,197.97,100,197.91400000000002,400
11734,0.82,0.24,0.58,56.46,11:22:56,197.87,100,197.93,200,197.87099999999998,1000
11741,0.81,0.25,0.56,4.0,11:23:04,197.87,200,197.91,200,197.8886,1000
11744,0.62,0.17,0.45,5.83,11:23:05,197.87,200,197.91,200,197.8894,100
11750,0.63,0.17,0.46,10.23,11:23:10,197.84,200,197.9,100,197.8775,100
11760,0.6100000000000001,0.07,0.54,22.81,11:23:22,197.86,100,197.88,100,197.8761,100
11765,0.6,0.08,0.52,25.810000000000002,11:23:25,197.87,200,197.95,100,197.9092,200
11775,0.6,0.1,0.5,32.19,11:23:32,197.9,400,197.97,100,197.9393,175
11778,0.6,0.17,0.43,34.0,11:23:34,197.9,400,197.97,100,197.9374,1000
11788,0.78,0.18,0.6,40.37000000000001,11:23:40,197.9,400,197.98,100,197.9454,200
11813,0.81,0.28,0.53,56.38000000000002,11:23:56,197.9,500,197.98,100,197.955,500
11819,0.61,0.17,0.44,0.0,11:24:00,197.9,500,198.0,2700,197.9707,1820
11822,0.5900000000000001,0.07,0.52,1.8,11:24:01,197.95,300,198.1,300,198.0319,300
11828,0.6,0.12,0.48,5.6,11:24:05,198.05,200,198.1,300,198.0561,200
11834,5.41,4.9,0.51,14.19,11:24:14,198.1,200,198.18,200,198.1422,2500
11837,0.8,0.39,0.41,16.2,11:24:16,198.12,300,198.18,200,198.1497,200
11838,2.16,1.63,0.53,18.36,11:24:18,198.12,300,198.18,200,198.1514,400
11839,3.02,2.48,0.54,21.38,11:24:21,198.12,300,198.18,100,198.135,2000
11840,0.63,0.16,0.47,22.009999999999998,11:24:22,198.13,300,198.18,100,198.1508,1000
11846,0.6000000000000001,0.28,0.32,25.63,11:24:25,198.13,300,198.18,100,198.1425,100
11853,0.66,0.21,0.45,30.220000000000002,11:24:30,198.15,200,198.21,200,198.1776,100
11857,0.6,0.08,0.52,32.63000000000001,11:24:32,198.16,200,198.25,1000,198.178,900
11872,0.63,0.21,0.42,42.020000000000024,11:24:42,198.19,400,198.24,100,198.1929,100
11889,0.5900000000000001,0.07,0.52,51.61000000000003,11:24:51,198.21,200,198.27,100,198.2379,450
11893,0.76,0.14,0.62,54.21000000000003,11:24:54,198.25,300,198.29,200,198.2804,1000
11896,0.7899999999999999,0.09,0.7,56.24000000000002,11:24:56,198.21,300,198.29,200,198.24200000000002,1000
11901,0.76,0.33,0.43,0.0,11:25:00,198.2,100,198.27,200,198.25799999999998,650
11904,0.61,0.1,0.51,2.0,11:25:02,198.18,300,198.24,300,198.2175,100
11918,1.03,0.44,0.59,14.439999999999998,11:25:14,198.19,200,198.24,100,198.2134,500
11923,0.63,0.08,0.55,17.849999999999998,11:25:17,198.21,1000,198.27,400,198.2496,500
11925,0.6300000000000001,0.07,0.56,20.849999999999998,11:25:20,198.21,1000,198.27,400,198.2548,1000
11929,0.85,0.21,0.64,24.049999999999997,11:25:24,198.21,1100,198.27,800,198.261,449
11937,0.61,0.09,0.52,30.049999999999997,11:25:30,198.24,200,198.31,200,198.3054,100
11962,0.81,0.32,0.49,47.23,11:25:47,198.26,300,198.33,200,198.2997,100
11966,0.76,0.29,0.47,50.03999999999999,11:25:50,198.26,400,198.33,100,198.2984,100
11969,0.8,0.28,0.52,52.26999999999999,11:25:52,198.26,400,198.33,200,198.295,100
11984,0.63,0.17,0.46,0.63,11:26:00,198.18,200,198.24,200,198.18900000000002,2000
11989,0.7799999999999999,0.08,0.7,4.41,11:26:04,198.1,200,198.18,200,198.1195,480
11992,2.45,1.84,0.61,8.45,11:26:08,198.04,200,198.13,100,198.114,100
11994,0.65,0.21,0.44,12.069999999999999,11:26:12,198.06,200,198.12,100,198.09,100
12007,0.59,0.09,0.5,21.81,11:26:21,198.03,100,198.09,200,198.0516,500
12017,0.6100000000000001,0.07,0.54,28.09,11:26:28,197.9,100,197.97,100,197.96900000000002,200
12020,0.61,0.08,0.53,29.88,11:26:29,197.94,200,198.02,100,198.012,500
12023,0.6,0.08,0.52,31.860000000000003,11:26:31,197.94,200,198.02,100,197.9928,500
12026,0.64,0.18,0.46,34.06,11:26:34,197.94,200,198.02,100,198.0,100
12032,0.59,0.24,0.35,37.66000000000001,11:26:37,197.93,200,198.01,100,198.0032,700
12035,30.98,30.48,0.5,0.0,11:27:00,197.86,100,197.91,100,197.921,400
12057,0.5700000000000001,0.13,0.44,0.0,11:28:00,197.96,200,198.02,200,197.9864,500
12059,0.73,0.08,0.65,1.34,11:28:01,198.01,100,198.09,300,198.045,100
12074,0.61,0.3,0.31,1.8199999999999998,11:29:01,197.99,200,198.05,200,198.0236,200
12096,0.62,0.12,0.5,23.790000000000003,11:29:23,198.01,1600,198.08,100,198.0149,100
12105,0.62,0.08,0.54,30.000000000000004,11:29:30,197.96,100,197.99,100,197.9681,300
12108,0.77,0.07,0.7,32.34,11:29:32,197.92,100,197.97,100,197.9601,1481
12141,0.95,0.22,0.73,0.0,11:30:00,197.9,100,197.99,500,197.9574,100
12168,0.94,0.31,0.63,39.84,11:30:39,197.84,200,197.89,200,197.8435,100
12201,0.6,0.11,0.49,10.61,11:31:10,197.76,200,197.82,200,197.761,150
12203,0.96,0.39,0.57,12.18,11:31:12,197.76,300,197.82,200,197.7878,300
12205,0.6000000000000001,0.07,0.53,16.18,11:31:16,197.81,100,197.89,200,197.882,211
12207,0.73,0.21,0.52,17.56,11:31:17,197.82,200,197.89,200,197.8719,1200
12208,0.6499999999999999,0.07,0.58,18.209999999999997,11:31:18,197.82,200,197.89,200,197.8794,700
12227,0.59,0.08,0.51,29.97,11:31:29,197.77,1000,197.85,100,197.8126,450
12233,0.5700000000000001,0.12,0.45,33.53,11:31:33,197.77,100,197.84,100,197.7746,100
12237,0.58,0.08,0.5,35.559999999999995,11:31:35,197.77,100,197.85,200,197.8059,1000
12247,0.6000000000000001,0.14,0.46,41.93,11:31:41,197.8,300,197.85,200,197.8196,500
12263,0.43,0.07,0.36,51.530000000000015,11:31:51,197.8,1200,197.86,100,197.8279,200
12267,0.64,0.2,0.44,53.94000000000001,11:31:53,197.8,1200,197.84,200,197.805,100
12278,0.5700000000000001,0.07,0.5,2.02,11:32:02,197.84,200,198.0,100,197.9834,100
12285,0.57,0.08,0.49,5.99,11:32:05,197.87,100,197.99,400,197.9025,750
12288,3.4000000000000004,2.87,0.53,10.39,11:32:10,197.84,100,197.92,200,197.842,100
12291,0.6000000000000001,0.28,0.32,12.01,11:32:12,197.84,200,197.92,200,197.8658,1000
12296,0.57,0.08,0.49,15.799999999999999,11:32:15,197.84,100,197.92,200,197.8434,100
12323,0.5800000000000001,0.07,0.51,34.029999999999994,11:32:34,197.8,1200,197.87,100,197.8366,1200
12330,0.5800000000000001,0.07,0.51,38.19,11:32:38,197.84,300,197.92,100,197.892,100
12341,0.61,0.19,0.42,44.03999999999999,11:32:44,197.84,300,197.92,100,197.8912,1200
12363,0.6,0.13,0.47,56.26999999999999,11:32:56,197.9,200,198.02,200,197.9696,400
12383,0.76,0.07,0.69,0.0,11:33:00,197.93,100,198.02,200,197.9673,2000
12398,0.61,0.25,0.36,11.639999999999999,11:33:11,197.93,200,198.01,100,197.9453,300
12405,0.5900000000000001,0.07,0.52,15.85,11:33:15,197.93,100,198.02,200,197.9624,1000
12422,0.43999999999999995,0.09,0.35,25.670000000000005,11:33:25,197.93,200,198.0,200,197.99900000000002,100
12429,0.57,0.21,0.36,29.630000000000006,11:33:29,197.93,200,198.0,300,197.9328,200
12444,0.5700000000000001,0.14,0.43,37.6,11:33:37,197.92,200,197.97,200,197.9481,1000
12468,0.62,0.09,0.53,2.0,11:34:02,197.81,100,197.87,200,197.8429,100
12471,0.77,0.26,0.51,3.98,11:34:03,197.82,100,197.9,100,197.855,100
12482,2.79,2.23,0.56,15.580000000000002,11:34:15,197.83,100,197.9,400,197.887,800
12483,2.96,2.53,0.43,18.540000000000003,11:34:18,197.82,200,197.9,200,197.868,1000
12502,0.74,0.2,0.54,30.13000000000001,11:34:30,197.82,200,197.9,100,197.8664,100
12509,0.6,0.08,0.52,34.570000000000014,11:34:34,197.84,100,197.94,100,197.9006,900
12517,0.62,0.14,0.48,39.59000000000002,11:34:39,197.84,100,197.94,400,197.8681,750
12526,0.66,0.27,0.39,45.60000000000001,11:34:45,197.86,300,197.93,100,197.8994,200
12532,0.76,0.08,0.68,49.74000000000001,11:34:49,197.88,100,197.93,100,197.895,100
12566,79.02,78.7,0.32,0.0,11:36:00,198.16,200,198.24,200,198.22799999999998,100
12622,0.6000000000000001,0.07,0.53,9.97,11:37:09,198.13,400,198.2,100,198.1728,200
12625,0.98,0.41,0.57,12.170000000000002,11:37:12,198.13,400,198.18,100,198.1558,500
12634,0.76,0.07,0.69,18.780000000000005,11:37:18,197.96,100,198.06,100,197.9953,1000
12639,0.62,0.24,0.38,21.810000000000006,11:37:21,197.96,100,198.06,200,198.00599999999997,2000
12691,0.59,0.17,0.42,51.789999999999985,11:37:51,198.03,200,198.11,100,198.0702,125
12697,0.6,0.22,0.38,55.389999999999986,11:37:55,198.08,100,198.21,200,198.1484,100
12705,0.5700000000000001,0.12,0.45,0.0,11:38:00,198.1,1000,198.23,200,198.1948,125
12763,0.62,0.24,0.38,46.24000000000001,11:38:46,198.05,600,198.13,100,198.0873,300
12780,118.2,117.59,0.61,0.0,11:40:00,197.97,200,198.01,100,197.97,100
12859,0.5900000000000001,0.14,0.45,52.03000000000002,11:41:52,197.98,100,198.07,100,198.025,300
12868,0.43,0.14,0.29,57.630000000000024,11:41:57,197.94,200,198.05,200,198.0112,300
12934,0.42000000000000004,0.22,0.2,27.82999999999999,11:42:27,197.95,400,197.99,300,197.9563,119
12944,0.45999999999999996,0.21,0.25,31.81,11:42:31,197.95,500,197.99,200,197.9719,100
12947,0.38,0.2,0.18,33.23,11:42:33,197.95,500,197.99,200,197.9756,505
12986,0.23,0.07,0.16,45.609999999999985,11:42:45,198.0,100,198.11,300,198.0671,200
13022,0.45,0.27,0.18,58.010000000000005,11:42:58,198.02,100,198.1,200,198.0549,200
13054,4.21,3.98,0.23,6.46,11:43:06,198.06,200,198.12,100,198.1099,3000
13072,0.3,0.08,0.22,15.76,11:43:15,198.03,200,198.1,300,198.093,100
13094,0.51,0.24,0.27,23.860000000000007,11:43:23,198.02,100,198.09,100,198.0606,250
13150,0.24000000000000002,0.07,0.17,2.82,11:45:02,197.99,300,198.05,400,198.02200000000002,300
13163,0.39,0.21,0.18,6.870000000000001,11:45:06,197.99,300,198.05,400,198.0171,150
13293,0.28,0.12,0.16,4.73,11:46:04,198.09,100,198.17,200,198.08900000000003,2200
13322,0.29000000000000004,0.07,0.22,24.04,11:46:24,198.0,900,198.08,300,198.0301,100
13327,0.30000000000000004,0.07,0.23,25.939999999999998,11:46:25,198.0,900,198.08,200,198.079,400
13360,0.28,0.07,0.21,35.940000000000005,11:46:35,198.0,600,198.06,100,198.0336,200
13384,0.3,0.09,0.21,44.93000000000001,11:46:44,198.01,400,198.1,200,198.037,200
13398,0.36,0.15,0.21,49.82,11:46:49,198.01,200,198.11,200,198.06599999999997,125
13414,0.29000000000000004,0.07,0.22,55.78000000000001,11:46:55,198.01,200,198.07,200,198.055,100
13438,0.43,0.22,0.21,6.049999999999999,11:47:06,198.0,300,198.04,200,198.0157,100
13518,0.29000000000000004,0.07,0.22,37.96000000000001,11:47:37,198.01,100,198.06,200,198.0588,100
13530,0.43,0.21,0.22,42.16,11:47:42,198.0,200,198.05,300,198.0425,230
13536,0.29000000000000004,0.09,0.2,44.00000000000001,11:47:44,198.0,200,198.05,300,198.0282,100
13541,0.4,0.18,0.22,45.93000000000001,11:47:45,198.0,200,198.05,300,198.0079,248
13559,0.33,0.13,0.2,52.030000000000015,11:47:52,197.96,100,198.03,200,197.9501,100
13565,0.3,0.09,0.21,54.010000000000005,11:47:54,197.96,100,198.02,100,197.9684,100
13571,0.39,0.2,0.19,56.230000000000004,11:47:56,197.93,100,198.02,200,197.9895,100
13590,0.47000000000000003,0.27,0.2,0.0,11:48:00,197.92,200,198.02,100,197.9733,100
13606,2.17,1.92,0.25,15.27,11:48:15,197.95,400,198.03,100,198.0084,280
13616,0.23,0.07,0.16,19.699999999999996,11:48:19,197.95,400,198.03,100,197.9788,1000
13708,0.26,0.08,0.18,49.71999999999996,11:48:49,197.98,200,198.04,200,198.0136,100
13743,0.35,0.18,0.17,1.4900000000000002,11:49:01,197.95,400,198.0,100,197.9995,100
13753,1.8199999999999998,1.66,0.16,10.42,11:49:10,197.95,400,198.0,100,197.987,750
13858,0.31000000000000005,0.14,0.17,50.12,11:49:50,197.99,100,198.03,100,198.0124,300
13875,0.35,0.16,0.19,56.02,11:49:56,197.99,100,198.03,200,198.0132,1000
13881,0.4,0.21,0.19,0.0,11:50:00,197.99,100,198.03,300,198.0122,115
13887,0.24000000000000002,0.07,0.17,1.87,11:50:01,197.99,300,198.03,300,198.0119,100
13916,0.23,0.07,0.16,19.91,11:50:19,197.99,600,198.03,200,198.024,100
13989,0.29000000000000004,0.12,0.17,43.97,11:50:43,198.02,200,198.09,300,198.071,100
14021,0.36,0.2,0.16,54.07,11:50:54,198.02,200,198.07,100,198.0474,135
14027,0.36,0.14,0.22,56.089999999999996,11:50:56,198.02,200,198.07,100,198.0445,100
14038,0.43000000000000005,0.23,0.2,0.0,11:51:00,198.02,200,198.08,100,198.0728,400
14054,1.58,1.3,0.28,6.66,11:51:06,198.03,600,198.09,300,198.072,1000
14066,0.36,0.18,0.18,15.889999999999997,11:51:15,198.0,800,198.03,200,198.0235,100
14079,0.25,0.07,0.18,23.68,11:51:23,198.0,800,198.02,300,198.007,100
14116,0.38,0.17,0.21,35.89000000000001,11:51:35,198.01,100,198.05,200,198.0367,100
14122,0.37,0.2,0.17,37.80000000000001,11:51:37,198.0,1000,198.05,200,198.0275,100
14146,0.27,0.08,0.19,45.800000000000004,11:51:45,198.01,1700,198.06,200,198.0475,100
14152,0.38,0.18,0.2,48.000000000000014,11:51:48,198.02,100,198.07,200,198.0508,200
14158,0.28,0.07,0.21,49.69000000000002,11:51:49,198.0,1000,198.07,300,198.035,100
