,Total Delay,Request Delay,Saving Delay,Arrival Time,Time,Bid,Bid Size,Ask,Ask Size,Last Price,Last Size
0,0.6499999999999999,0.3,0.35,0.6499999999999999,09:30:00,274.0,200,274.4,300,274.0,100
16,0.32,0.08,0.24,6.53,09:30:06,274.01,100,274.39,100,274.1563,100
32,0.43,0.21,0.22,12.59,09:30:12,273.0,100,274.18,100,274.02,100
64,2.08,1.88,0.2,0.0,09:31:00,272.91,100,273.69,100,273.19,100
127,0.6000000000000001,0.27,0.33,28.54,09:31:28,272.84,100,273.42,100,273.15,300
133,0.26,0.07,0.19,30.500000000000004,09:31:30,272.5,200,273.42,100,272.82,100
201,4.77,4.56,0.21,0.0,09:32:00,272.54,100,273.56,100,273.0,100
246,0.36,0.18,0.18,17.46,09:32:17,272.56,100,273.55,100,272.94,100
375,0.32,0.15,0.17,0.0,09:33:00,272.83,100,273.49,100,273.1884,1000
546,0.45,0.2,0.25,0.0,09:34:00,273.19,300,274.0,1300,273.29,100
618,0.34,0.07,0.27,0.0,09:35:00,273.43,100,273.99,100,273.71,200
701,0.26,0.08,0.18,39.62999999999999,09:35:39,273.98,100,274.3,400,273.98,100
707,0.25,0.07,0.18,41.50999999999999,09:35:41,273.99,200,274.3,400,273.97,100
741,0.23,0.07,0.16,51.64,09:35:51,274.02,100,274.3,400,274.1757,200
748,0.4,0.22,0.18,53.57,09:35:53,274.02,100,274.29,100,274.16,100
771,2.1,1.83,0.27,0.0,09:36:00,274.15,200,274.5,100,274.41,100
814,0.5800000000000001,0.19,0.39,22.68999999999999,09:36:22,274.17,100,274.5,100,274.48,100
822,0.30000000000000004,0.07,0.23,26.32999999999999,09:36:26,274.17,100,274.5,100,274.335,100
855,0.35000000000000003,0.07,0.28,40.629999999999995,09:36:40,274.17,100,274.45,200,274.29,100
870,0.35000000000000003,0.08,0.27,46.379999999999995,09:36:46,274.17,100,274.45,200,274.45,230
889,0.67,0.21,0.46,0.0,09:37:00,274.18,100,274.45,200,274.4499,200
898,1.7399999999999998,1.38,0.36,5.970000000000001,09:37:05,274.18,100,274.45,200,274.39,100
901,2.69,2.4,0.29,10.270000000000001,09:37:10,274.18,100,274.55,100,274.5,100
914,0.41000000000000003,0.21,0.2,16.020000000000003,09:37:16,274.18,100,274.55,100,274.49,100
937,0.51,0.2,0.31,27.070000000000007,09:37:27,274.18,100,274.55,100,274.55,200
944,0.43,0.08,0.35,30.08000000000001,09:37:30,274.37,100,274.82,100,274.37,122
954,0.47,0.21,0.26,33.96,09:37:33,274.88,100,275.15,100,275.08,694
959,0.48,0.21,0.27,35.79,09:37:35,274.88,200,275.48,100,275.15,100
1002,0.42,0.07,0.35,0.0,09:38:00,274.91,1000,275.3,200,275.05,100
1011,0.56,0.27,0.29,4.200000000000001,09:38:04,274.91,1100,275.3,200,275.1284,1000
1016,4.37,4.13,0.24,10.9,09:38:10,274.92,100,275.3,200,275.0,100
1028,0.34,0.08,0.26,15.91,09:38:15,274.92,200,275.3,200,274.82,100
1033,0.42000000000000004,0.14,0.28,17.979999999999997,09:38:17,274.93,1000,275.3,200,275.0872,1000
1080,0.46,0.23,0.23,40.2,09:38:40,274.93,1000,275.3,200,274.93,500
1123,0.44999999999999996,0.21,0.24,0.0,09:39:00,275.15,1000,275.51,400,275.48,100
1135,0.42000000000000004,0.2,0.22,5.6000000000000005,09:39:05,275.16,100,275.6,300,275.52,200
1137,0.31,0.08,0.23,7.8,09:39:07,275.14,200,275.6,300,275.49,100
1156,0.27,0.07,0.2,17.47,09:39:17,275.14,200,275.6,300,275.3159,1000
1277,0.46,0.2,0.26,0.0,09:40:00,275.23,200,275.5,200,275.32,193
1430,0.3,0.08,0.22,0.0,09:41:00,275.23,200,275.56,100,275.5,191
1434,0.97,0.67,0.3,2.0999999999999996,09:41:02,275.36,100,275.6,300,275.56,100
1439,3.9699999999999998,3.65,0.32,7.34,09:41:07,275.33,100,275.68,100,275.6,100
1547,0.47,0.22,0.25,0.0,09:42:00,275.62,100,275.8,300,275.75,100
1554,4.06,3.67,0.39,6.65,09:42:06,275.63,100,275.98,100,275.8,300
1568,0.38,0.07,0.31,18.14,09:42:18,275.67,100,275.97,100,275.81,100
1586,0.48,0.19,0.29,25.869999999999994,09:42:25,275.69,100,275.97,100,275.79,100
1605,0.39,0.09,0.3,33.81999999999999,09:42:33,275.9,100,276.15,100,276.0,220
1700,0.31,0.1,0.21,0.0,09:43:00,276.01,200,276.46,300,276.15,100
1715,0.32,0.08,0.24,8.030000000000001,09:43:08,276.16,300,276.45,100,276.28,100
1767,0.37,0.18,0.19,28.16,09:43:28,276.23,200,276.44,100,276.23,500
1783,0.29,0.08,0.21,34.089999999999996,09:43:34,275.77,200,276.3,100,276.1,100
1916,0.46,0.27,0.19,4.06,09:44:04,275.81,100,276.07,100,276.04,100
1956,0.43000000000000005,0.09,0.34,0.0,09:45:00,275.81,200,276.07,400,275.94,100
1970,1.2,0.89,0.31,10.79,09:45:10,275.91,100,276.2,200,275.95,100
1981,0.5,0.2,0.3,18.330000000000002,09:45:18,275.91,100,276.2,200,276.135,100
2041,0.5700000000000001,0.25,0.32,42.17000000000001,09:45:42,275.92,100,276.19,100,275.955,100
2056,0.51,0.28,0.23,47.91000000000001,09:45:47,275.96,100,276.19,100,276.09,100
2067,0.47,0.18,0.29,52.260000000000005,09:45:52,276.08,100,276.19,100,276.08,100
2071,0.53,0.25,0.28,53.89000000000001,09:45:53,276.08,200,276.31,100,276.19,100
2082,0.29000000000000004,0.07,0.22,0.0,09:46:00,275.93,300,276.31,100,276.123,1000
2110,0.37,0.1,0.27,12.129999999999999,09:46:12,276.09,100,276.4,300,276.29,100
2112,2.15,1.73,0.42,14.58,09:46:14,276.58,100,276.76,100,276.6,100
2115,0.34,0.08,0.26,15.86,09:46:15,276.58,100,276.78,100,276.67,100
2118,2.44,2.1,0.34,21.35,09:46:21,275.97,200,276.55,300,276.64,100
2140,0.30000000000000004,0.07,0.23,30.040000000000003,09:46:30,276.03,200,276.55,200,276.55,100
2158,0.32999999999999996,0.09,0.24,36.05000000000001,09:46:36,276.3,100,276.73,100,276.35,100
2180,0.28,0.08,0.2,43.910000000000025,09:46:43,276.3,100,276.73,200,276.472,100
2197,0.34,0.14,0.2,50.00000000000003,09:46:50,276.34,400,276.73,200,276.34,100
2203,0.33,0.14,0.19,51.81000000000003,09:46:51,276.35,100,276.73,200,276.69,200
2228,0.44,0.23,0.21,0.0,09:47:00,276.34,100,276.68,100,276.4202,528
2279,0.5,0.21,0.29,23.999999999999993,09:47:23,276.46,100,276.8,100,276.68,100
2300,0.54,0.2,0.34,32.12999999999999,09:47:32,276.46,200,276.8,100,276.7958,105
2309,0.32999999999999996,0.09,0.24,35.969999999999985,09:47:35,276.8,100,276.9,100,276.8,100
2315,0.25,0.07,0.18,37.71999999999999,09:47:37,276.86,200,277.0,1100,276.86,100
2347,0.42,0.21,0.21,49.61999999999999,09:47:49,276.48,100,276.94,100,276.73,100
2352,0.5,0.2,0.3,51.66999999999999,09:47:51,276.47,100,276.97,200,276.705,100
2353,0.37,0.07,0.3,52.039999999999985,09:47:52,276.47,100,276.95,200,276.72,100
2373,0.39,0.2,0.19,0.0,09:48:00,276.42,200,276.98,100,276.9499,100
2414,3.29,3.03,0.26,20.97,09:48:20,277.01,100,277.3,500,276.97,100
2423,0.37,0.14,0.23,23.729999999999997,09:48:23,277.18,100,277.5,100,277.3,153
2440,0.24000000000000002,0.07,0.17,29.699999999999992,09:48:29,277.33,100,277.5,100,277.45,100
2444,0.32,0.15,0.17,30.909999999999993,09:48:30,277.34,100,277.5,100,277.33,100
2458,0.34,0.17,0.17,35.73,09:48:35,277.34,100,277.5,100,277.34,100
2464,0.47,0.22,0.25,38.12999999999999,09:48:38,276.83,200,277.33,500,277.28,100
2524,0.51,0.2,0.31,0.0,09:49:00,276.89,100,277.32,100,277.3199,100
2533,0.51,0.15,0.36,3.6800000000000006,09:49:03,276.89,100,277.33,500,276.89,100
2569,0.66,0.23,0.43,28.150000000000002,09:49:28,276.9,100,277.28,100,276.9,100
2581,0.44,0.2,0.24,33.63999999999999,09:49:33,276.9,100,277.28,100,277.128,100
2594,0.37,0.07,0.3,39.60999999999999,09:49:39,276.89,100,277.28,100,276.91,100
2644,0.43,0.21,0.22,57.780000000000015,09:49:57,276.91,100,277.2,200,276.94,100
2684,0.37,0.17,0.2,0.0,09:50:00,276.61,600,276.94,100,276.83,100
2700,0.27,0.07,0.2,5.82,09:50:05,276.61,600,276.99,100,276.621,140
2712,0.5,0.27,0.23,10.049999999999999,09:50:10,276.61,600,276.99,100,276.7534,1000
2725,0.27,0.07,0.2,15.89,09:50:15,276.62,400,277.0,100,276.66,100
2801,3.3499999999999996,3.01,0.34,4.789999999999999,09:51:04,276.77,300,277.1,100,276.9165,400
2858,0.29,0.08,0.21,27.889999999999993,09:51:27,276.97,100,277.3,200,277.1,100
2880,0.34,0.07,0.27,35.929999999999986,09:51:35,277.03,300,277.35,100,277.2,100
2896,0.30000000000000004,0.07,0.23,41.749999999999986,09:51:41,277.07,100,277.5,100,277.35,100
2907,0.25,0.07,0.18,45.799999999999976,09:51:45,277.13,100,277.5,100,277.5,100
2911,0.32,0.08,0.24,47.939999999999976,09:51:47,277.13,200,277.49,100,277.17,100
2916,0.41000000000000003,0.2,0.21,0.0,09:52:00,277.13,200,277.48,100,277.3388,1000
2972,0.25,0.07,0.18,26.000000000000004,09:52:26,277.28,300,277.67,100,277.66,100
3030,0.39,0.22,0.17,46.13000000000001,09:52:46,277.53,100,277.79,200,277.68,100
3047,0.41000000000000003,0.18,0.23,52.18000000000001,09:52:52,277.72,100,277.86,1500,277.79,100
3053,0.44,0.23,0.21,54.150000000000006,09:52:54,277.63,100,277.86,1500,277.72,100
3065,0.32999999999999996,0.12,0.21,58.169999999999995,09:52:58,277.63,300,277.83,100,277.67,100
3071,0.4,0.17,0.23,0.0,09:53:00,277.64,100,277.84,100,277.7214,100
3075,0.6,0.23,0.37,2.08,09:53:02,277.49,500,277.67,100,277.63,100
3127,0.3,0.09,0.21,27.780000000000005,09:53:27,277.61,100,277.84,100,277.62,500
3158,0.42,0.24,0.18,37.73,09:53:37,277.18,200,277.49,100,277.49,200
3172,0.31,0.13,0.18,41.84999999999998,09:53:41,277.12,200,277.49,100,277.32,100
3220,0.23,0.07,0.16,57.54999999999996,09:53:57,277.13,100,277.37,100,277.14,200
3230,0.26,0.08,0.18,0.0,09:54:00,277.13,100,277.37,100,277.13,100
3234,0.34,0.08,0.26,1.32,09:54:01,276.94,200,277.37,100,277.12,100
3239,0.31,0.12,0.19,6.8999999999999995,09:54:06,277.36,100,277.59,100,277.39,100
3287,0.24000000000000002,0.07,0.17,30.9,09:54:30,277.06,100,277.29,100,277.21,200
3418,0.4,0.07,0.33,22.04999999999999,09:55:22,277.22,400,277.59,100,277.221,1000
3429,0.43,0.18,0.25,25.969999999999988,09:55:25,277.23,100,277.58,100,277.47,100
3505,0.48,0.24,0.24,56.280000000000015,09:55:56,277.37,300,277.58,100,277.4002,107
3529,0.52,0.2,0.32,0.0,09:56:00,277.37,300,277.58,100,277.38,100
3533,0.45,0.23,0.22,1.57,09:56:01,277.25,100,277.37,100,277.25,172
3558,0.58,0.23,0.35,13.679999999999998,09:56:13,277.26,100,277.43,100,277.4,100
3667,3.57,3.32,0.25,0.0,09:57:00,277.61,200,277.85,100,277.7,100
3679,3.34,3.09,0.25,11.82,09:57:11,277.47,100,277.79,100,277.54,100
3812,0.26,0.07,0.19,8.059999999999999,09:58:08,277.03,100,277.64,200,277.0301,100
3858,0.35,0.16,0.19,33.99000000000001,09:58:33,277.05,100,277.33,300,277.06,100
3891,0.42,0.21,0.21,46.059999999999995,09:58:46,276.5,100,277.25,200,276.681,187
3949,2.23,1.97,0.26,0.0,09:59:00,276.68,100,277.22,200,277.0371,145
3950,0.25,0.08,0.17,0.25,09:59:00,276.75,100,277.22,200,277.0288,500
4059,0.38,0.18,0.2,39.89000000000001,09:59:39,276.88,100,277.44,100,276.88,100
4088,0.28,0.07,0.21,0.0,10:00:00,276.97,100,277.56,200,277.26,100
4112,0.43,0.18,0.25,12.37,10:00:12,276.95,100,277.57,200,277.27,100
4121,0.37,0.1,0.27,18.720000000000006,10:00:18,276.95,200,277.57,200,277.04,100
4269,0.32,0.13,0.19,15.73,10:01:15,277.09,200,277.52,100,277.315,100
4279,0.45,0.23,0.22,19.540000000000003,10:01:19,277.09,200,277.52,100,277.2835,100
4353,0.35,0.18,0.17,0.0,10:02:00,277.11,200,277.54,200,277.53,100
4366,0.32,0.09,0.23,3.91,10:02:03,277.13,400,277.56,100,277.55,100
4381,0.76,0.5,0.26,20.900000000000002,10:02:20,277.17,100,277.55,100,277.3828,1000
4392,0.27,0.09,0.18,24.009999999999998,10:02:24,277.21,200,277.55,100,277.22,100
4416,0.36000000000000004,0.08,0.28,32.17999999999999,10:02:32,277.21,300,277.55,100,277.23,100
4443,0.28,0.08,0.2,41.94000000000001,10:02:41,277.37,200,277.7,400,277.6,100
4488,0.51,0.19,0.32,57.79000000000003,10:02:57,277.71,100,277.78,100,277.78,100
4489,0.35000000000000003,0.07,0.28,58.14000000000003,10:02:58,277.71,300,277.87,100,277.71,100
4494,0.36,0.12,0.24,0.0,10:03:00,277.71,300,277.87,100,277.85,103
4511,0.28,0.08,0.2,5.860000000000001,10:03:05,277.71,400,277.87,100,277.711,100
4536,0.25,0.08,0.17,18.530000000000005,10:03:18,277.76,200,277.95,400,277.9,100
4538,2.86,2.63,0.23,21.700000000000003,10:03:21,277.76,200,277.95,400,277.8435,700
4626,0.36,0.16,0.2,49.62,10:03:49,277.42,200,277.81,100,277.76,100
4685,0.29000000000000004,0.09,0.2,0.0,10:04:00,277.54,100,277.77,100,277.6561,100
4697,0.26,0.07,0.19,4.03,10:04:04,277.83,100,277.91,100,277.77,100
4707,0.39,0.11,0.28,8.2,10:04:08,277.84,100,278.15,100,277.97,100
4727,0.47000000000000003,0.27,0.2,15.979999999999999,10:04:15,277.86,100,278.15,100,277.86,475
4742,0.5700000000000001,0.27,0.3,22.10000000000001,10:04:22,277.92,100,278.15,100,278.13,100
4774,0.53,0.2,0.33,34.27,10:04:34,277.89,300,278.15,100,277.92,100
4818,0.37,0.17,0.2,16.070000000000004,10:05:16,277.41,300,277.91,200,277.58,100
4819,2.35,1.95,0.4,18.420000000000005,10:05:18,277.08,200,277.65,200,277.42,100
4828,0.48,0.23,0.25,23.830000000000005,10:05:23,277.27,200,277.63,100,277.445,200
4999,0.37,0.17,0.2,34.17999999999999,10:06:34,277.06,200,277.45,100,277.05,500
5044,0.24000000000000002,0.07,0.17,50.05000000000002,10:06:50,277.11,200,277.45,100,277.15,100
5084,1.94,1.74,0.2,0.0,10:07:00,277.11,200,277.45,100,277.2222,254
5168,0.37,0.18,0.19,37.1,10:07:37,277.11,400,277.23,200,277.11,100
5174,0.25,0.07,0.18,38.910000000000004,10:07:38,277.18,100,277.34,100,277.31,100
5250,0.43000000000000005,0.23,0.2,4.23,10:08:04,277.23,100,277.59,400,277.29,100
5462,168.17,168.0,0.17,0.0,10:12:00,276.42,200,276.77,200,276.44,100
5546,0.32,0.12,0.2,0.0,10:13:00,276.4,100,276.76,100,276.435,100
5689,0.26,0.08,0.18,0.0,10:14:00,276.54,200,276.76,100,276.75,100
5799,0.26,0.09,0.17,46.15000000000001,10:14:46,276.41,100,276.63,200,276.46,100
5830,0.25,0.07,0.18,56.01000000000001,10:14:56,276.13,200,276.51,100,276.4736,100
5837,0.30000000000000004,0.07,0.23,58.18000000000001,10:14:58,276.14,400,276.51,100,276.51,100
5849,0.49,0.22,0.27,2.0300000000000002,10:15:02,276.24,200,276.72,100,276.62,100
5855,0.27,0.08,0.19,5.9399999999999995,10:15:05,276.44,100,276.72,100,276.56,100
5874,0.44999999999999996,0.21,0.24,22.179999999999996,10:15:22,276.96,100,277.3,100,277.07,100
6062,0.28,0.09,0.19,0.0,10:16:00,276.98,200,277.29,100,277.01,100
6197,0.51,0.23,0.28,28.17000000000001,10:17:28,277.02,100,277.29,1300,277.16,100
6318,52.14,51.78,0.36,0.0,10:19:00,276.82,100,277.22,100,276.965,100
6459,0.4,0.21,0.19,0.0,10:20:00,276.98,200,277.43,100,277.2836,100
6773,0.35000000000000003,0.08,0.27,0.0,10:23:00,276.75,100,277.06,100,276.93,100
7412,0.26,0.08,0.18,0.0,10:29:00,277.09,200,277.34,100,277.24,100
7600,1.82,1.57,0.25,14.79,10:30:14,277.25,200,277.46,100,277.455,100
7766,0.30000000000000004,0.07,0.23,0.0,10:31:00,277.03,200,277.39,200,277.035,100
7861,0.32,0.13,0.19,0.0,10:33:00,277.03,100,277.27,100,277.03,100
7973,0.3,0.08,0.22,8.450000000000001,10:34:08,276.98,100,277.19,100,276.99,100
8031,0.47,0.18,0.29,32.370000000000005,10:34:32,276.99,200,277.26,100,277.09,170
8183,0.5900000000000001,0.14,0.45,0.0,10:36:00,277.0,100,277.26,100,277.02,100
8233,0.8,0.31,0.49,0.0,10:37:00,277.01,100,277.26,100,277.0794,180
8263,0.59,0.16,0.43,21.680000000000003,10:37:21,277.02,100,277.25,100,277.1372,253
8289,0.5900000000000001,0.07,0.52,37.30000000000002,10:37:37,277.0,100,277.25,100,277.1005,500
8406,0.66,0.16,0.5,54.029999999999994,10:38:54,276.57,200,276.98,100,276.738,200
8495,1.0,0.18,0.82,0.0,10:40:00,276.81,100,277.09,100,276.95,100
8517,0.76,0.21,0.55,21.990000000000006,10:40:21,277.0,200,277.24,100,277.0,100
8632,0.6,0.08,0.52,20.17,10:41:20,276.81,100,277.1,100,276.955,100
8664,0.5800000000000001,0.07,0.51,0.0,10:42:00,277.07,100,277.24,200,277.155,100
8761,2.0,1.5,0.5,3.22,10:43:03,276.8,100,277.0,200,276.87,100
8815,0.63,0.17,0.46,42.05000000000001,10:43:42,276.85,100,277.0,200,276.92,500
8832,0.6,0.1,0.5,0.0,10:44:00,276.85,200,276.98,100,276.85,100
8857,0.7899999999999999,0.09,0.7,17.999999999999996,10:44:17,276.75,100,276.94,100,276.8399,100
8952,0.5900000000000001,0.2,0.39,6.180000000000001,10:45:06,277.0,300,277.22,200,276.96,100
9335,0.7699999999999999,0.08,0.69,0.0,10:49:00,276.82,100,277.02,100,276.82,100
9352,0.8500000000000001,0.2,0.65,12.05,10:49:12,276.7,100,276.93,100,276.81,100
9355,0.76,0.07,0.69,14.41,10:49:14,276.7,100,276.81,100,276.71,100
9402,0.5700000000000001,0.14,0.43,28.17000000000001,10:50:28,276.74,100,276.85,100,276.79,100
9406,0.59,0.16,0.43,30.36000000000001,10:50:30,276.57,100,276.85,100,276.74,100
9471,2.39,1.81,0.58,0.0,10:51:00,276.58,400,276.77,200,276.675,300
9477,0.64,0.18,0.46,5.989999999999999,10:51:05,276.57,100,276.7,100,276.58,100
9481,0.6,0.21,0.39,9.78,10:51:09,276.45,100,276.7,100,276.57,100
9487,0.6000000000000001,0.07,0.53,13.769999999999998,10:51:13,276.57,100,276.7,100,276.63,100
9500,0.59,0.22,0.37,21.75,10:51:21,276.7,100,276.89,200,276.7,100
9510,0.61,0.21,0.4,28.15,10:51:28,276.7,100,276.89,200,276.795,500
9675,0.62,0.19,0.43,0.0,10:53:00,276.57,100,276.71,100,276.6999,100
9820,5.77,5.27,0.5,11.36,10:57:11,276.7,100,276.96,100,276.77,100
9821,1.79,1.23,0.56,13.149999999999999,10:57:13,276.71,100,276.96,100,276.726,100
9839,0.5800000000000001,0.07,0.51,25.340000000000003,10:57:25,276.74,100,276.9,100,276.78,100
9889,0.62,0.23,0.39,53.33000000000002,10:57:53,276.78,200,277.2,200,276.98,100
9921,1.3900000000000001,0.79,0.6,16.569999999999997,10:58:16,276.81,200,277.12,100,276.9725,100
9926,3.18,2.58,0.6,21.769999999999996,10:58:21,276.81,200,277.11,100,276.9501,100
10034,0.5900000000000001,0.27,0.32,0.0,10:59:00,276.83,300,277.06,100,276.835,100
10064,0.56,0.07,0.49,15.969999999999999,10:59:15,276.83,300,277.01,200,276.8301,100
10103,0.6,0.08,0.52,14.399999999999999,11:00:14,276.76,100,277.0,200,276.84,100
10199,0.57,0.08,0.49,25.78000000000001,11:01:25,276.78,100,277.04,200,276.8904,200
10256,135.06,134.46,0.6,0.0,11:04:00,276.71,100,276.96,200,276.8438,100
10363,0.6000000000000001,0.28,0.32,27.770000000000017,11:05:27,276.55,200,276.9,200,276.7001,250
10469,0.43,0.07,0.36,0.0,11:06:00,276.56,100,276.74,300,276.65,101
10653,0.8,0.18,0.62,16.019999999999996,11:08:16,276.84,100,276.97,200,276.905,300
10963,0.61,0.19,0.42,27.820000000000004,11:11:27,276.85,200,276.9,300,276.875,100
11109,0.5800000000000001,0.07,0.51,32.18000000000001,11:13:32,276.86,200,277.05,100,277.04900000000004,100
11201,108.41,107.97,0.44,0.0,11:16:00,277.05,200,277.18,100,277.1452,800
11248,2.77,2.15,0.62,0.0,11:17:00,276.9,200,277.15,100,277.025,300
11293,0.5700000000000001,0.19,0.38,28.429999999999993,11:17:28,277.12,100,277.4,100,277.36,100
11308,0.43,0.08,0.35,36.62,11:17:36,277.12,200,277.37,100,277.37,100
11385,0.6,0.11,0.49,42.540000000000006,11:18:42,277.09,100,277.36,100,277.2675,200
11423,0.6499999999999999,0.08,0.57,0.0,11:19:00,277.03,100,277.29,100,277.08,100
11478,0.62,0.08,0.54,39.77999999999999,11:19:39,277.0,200,277.21,300,277.19,200
11907,0.75,0.2,0.55,0.0,11:25:00,277.13,200,277.31,200,277.2899,100
11923,0.63,0.08,0.55,13.869999999999997,11:25:13,277.2,200,277.37,200,277.2746,100
11992,2.45,1.84,0.61,8.45,11:26:08,277.27,100,277.39,100,277.44,100
12000,0.76,0.21,0.55,16.4,11:26:16,277.29,100,277.49,200,277.48,100
12035,30.98,30.48,0.5,69.83000000000001,11:27:09,277.22,200,277.47,400,277.46,100
12059,0.73,0.08,0.65,1.34,11:28:01,277.22,100,277.44,300,277.335,100
12200,9.42,8.89,0.53,0.0,11:31:00,277.26,200,277.42,200,277.41,100
12201,0.6,0.11,0.49,0.6,11:31:00,277.42,100,277.73,100,277.64,100
12203,0.96,0.39,0.57,2.17,11:31:02,277.54,100,277.8,100,277.56,100
12214,0.64,0.21,0.43,12.200000000000001,11:31:12,277.56,100,277.8,100,277.74,100
12270,0.56,0.07,0.49,45.500000000000014,11:31:45,277.59,200,277.79,100,277.6062,100
12288,3.4000000000000004,2.87,0.53,0.0,11:32:00,277.6,100,277.79,100,277.7784,160
12348,0.44,0.08,0.36,37.279999999999994,11:32:37,277.61,200,277.76,200,277.685,100
12444,0.5700000000000001,0.14,0.43,40.21,11:33:40,277.62,200,277.75,300,277.75,100
12480,0.59,0.08,0.51,12.16,11:34:12,277.7,100,277.85,100,277.775,100
12517,0.62,0.14,0.48,39.59000000000002,11:34:39,277.74,100,277.88,100,277.81,100
12524,0.63,0.2,0.43,44.180000000000014,11:34:44,277.76,100,277.95,100,277.88,100
12541,0.76,0.07,0.69,56.11000000000001,11:34:56,277.76,200,277.95,100,277.94,100
12586,0.43,0.14,0.29,10.98,11:36:10,277.83,100,278.0,3100,278.0,100
12593,0.44,0.07,0.37,15.0,11:36:15,277.83,100,278.0,3100,277.9762,200
12601,0.44,0.08,0.36,19.18,11:36:19,277.83,100,277.96,200,277.83,100
12712,0.61,0.2,0.41,0.0,11:38:00,277.83,200,277.96,100,277.8391,129
12859,0.5900000000000001,0.14,0.45,52.03000000000002,11:41:52,277.71,200,277.95,200,277.82,100
12934,0.42000000000000004,0.22,0.2,25.83999999999999,11:42:25,277.51,200,277.92,200,277.715,100
13128,0.28,0.07,0.21,23.96999999999999,11:43:23,277.3,200,277.65,200,277.43,100
13142,84.78,84.59,0.19,0.0,11:45:00,277.33,100,277.59,100,277.59,100
13176,0.34,0.17,0.17,10.840000000000002,11:45:10,277.53,100,277.76,100,277.65,100
13305,0.24000000000000002,0.07,0.17,14.07,11:46:14,277.66,300,277.84,100,277.8395,100
13365,0.38,0.21,0.17,37.77,11:46:37,277.67,200,277.9,100,277.73,100
13518,0.29000000000000004,0.07,0.22,26.139999999999993,11:47:26,277.8,100,277.99,100,277.98,100
13547,0.38,0.17,0.21,36.36,11:47:36,277.8,300,277.99,100,277.815,100
13732,0.45,0.27,0.18,0.0,11:49:00,277.86,500,277.99,100,277.955,100
13755,3.58,3.4,0.18,18.990000000000002,11:49:18,277.86,500,277.99,200,277.8781,100
13802,0.36,0.17,0.19,33.989999999999995,11:49:33,277.87,200,277.99,200,277.985,100
13875,0.35,0.16,0.19,57.81000000000001,11:49:57,277.94,100,278.15,200,278.1,100
13881,0.4,0.21,0.19,0.0,11:50:00,277.92,200,278.15,100,278.15,100
13893,0.4,0.23,0.17,3.94,11:50:03,277.92,200,278.15,200,278.06,100
14027,0.36,0.14,0.22,56.089999999999996,11:50:56,278.01,100,278.15,300,278.09,100
14057,4.28,3.99,0.29,4.99,11:51:04,278.12,100,278.34,100,278.2,151
14091,0.27,0.07,0.2,21.209999999999994,11:51:21,278.12,200,278.34,100,278.23,100
14116,0.38,0.17,0.21,29.229999999999997,11:51:29,278.12,200,278.34,100,278.12,500
14175,0.38,0.19,0.19,48.97000000000001,11:51:48,278.15,600,278.32,100,278.16,100
14187,0.39,0.21,0.18,0.0,11:52:00,278.15,600,278.32,100,278.28,100
14287,0.58,0.23,0.35,40.2,11:52:40,278.16,200,278.3,100,278.26,100
14305,0.33999999999999997,0.18,0.16,46.18,11:52:46,278.25,100,278.48,100,278.37,100
14311,0.32,0.14,0.18,48.11,11:52:48,278.25,200,278.37,100,278.43,100
14361,0.42000000000000004,0.22,0.2,0.0,11:53:00,278.25,200,278.48,100,278.38,120
14375,0.4,0.2,0.2,9.600000000000001,11:53:09,278.25,200,278.48,100,278.41,100
14458,0.25,0.08,0.17,41.56000000000003,11:53:41,278.25,300,278.49,1000,278.25,100
14543,0.27,0.08,0.19,3.7499999999999996,11:54:03,278.2,100,278.42,100,278.21,100
14563,0.27,0.07,0.2,9.989999999999998,11:54:09,278.2,100,278.4,100,278.31,100
14568,0.27,0.07,0.2,11.799999999999999,11:54:11,278.16,100,278.4,100,278.1775,400
14658,0.26,0.09,0.17,0.0,11:55:00,278.17,100,278.38,100,278.275,300
14764,0.4,0.18,0.22,47.22000000000003,11:55:47,278.0,100,278.09,300,278.02,300
14807,0.27,0.07,0.2,0.0,11:56:00,278.0,100,278.05,200,278.025,100
14820,1.25,1.05,0.2,6.34,11:56:06,278.0,100,278.04,100,278.0001,100
14822,1.77,1.53,0.24,8.5,11:56:08,278.03,100,278.12,100,278.05,100
14900,0.39,0.23,0.16,33.88000000000002,11:56:33,278.0,100,278.16,200,278.08,100
15116,2.52,2.2,0.32,0.0,11:58:00,278.25,300,278.33,200,278.32,100
15124,0.45000000000000007,0.28,0.17,6.09,11:58:06,278.25,100,278.49,1100,278.33,100
15250,0.47,0.23,0.24,48.290000000000006,11:58:48,278.25,100,278.39,100,278.3116,150
15276,1.85,1.59,0.26,10.35,11:59:10,278.02,200,278.26,100,278.14,100
15295,0.39,0.21,0.18,19.009999999999998,11:59:19,278.18,200,278.26,200,278.22,111
15330,0.43000000000000005,0.23,0.2,30.970000000000006,11:59:30,278.18,200,278.25,100,278.2049,391
15336,0.41000000000000003,0.21,0.2,33.040000000000006,11:59:33,278.0,100,278.24,200,278.18,100
15539,0.42000000000000004,0.17,0.25,11.970000000000002,12:00:11,278.29,100,278.46,200,278.375,100
15585,0.31,0.12,0.19,0.0,12:01:00,278.29,200,278.41,100,278.3732,500
15761,0.35,0.17,0.18,0.0,12:02:00,278.11,200,278.34,200,278.11,100
15822,0.23,0.07,0.16,20.06,12:02:20,278.13,200,278.25,200,278.19,100
16020,0.28,0.07,0.21,53.61000000000001,12:03:53,278.16,100,278.39,200,278.295,100
16152,0.25,0.07,0.18,40.99000000000001,12:04:40,278.11,100,278.27,100,278.1655,114
16731,0.26,0.07,0.19,16.83,12:08:16,278.27,1700,278.37,100,278.34,100
16780,0.35,0.14,0.21,35.010000000000005,12:08:35,278.27,100,278.35,100,278.27,100
17054,0.24000000000000002,0.07,0.17,30.049999999999994,12:10:30,278.13,100,278.25,200,278.1308,200
17122,0.38,0.21,0.17,0.0,12:11:00,278.19,200,278.33,100,278.2279,100
17360,0.32,0.12,0.2,0.0,12:12:00,278.01,100,278.21,400,278.07,100
17711,0.36,0.17,0.19,9.719999999999999,12:14:09,278.02,100,278.1,200,278.097,100
17905,0.42000000000000004,0.22,0.2,0.0,12:16:00,277.9,100,278.2,200,278.01,100
18086,0.25,0.07,0.18,0.25,12:17:00,277.8,200,278.08,200,277.99,100
18246,1.38,1.13,0.25,0.0,12:18:00,277.99,200,278.2,200,278.199,160
18559,0.39,0.23,0.16,0.0,12:20:00,278.16,100,278.34,100,278.17,100
18758,0.42,0.21,0.21,17.14,12:21:17,278.24,100,278.4,100,278.36,100
18775,0.38,0.17,0.21,23.159999999999993,12:21:23,278.24,100,278.4,100,278.4,100
18882,0.28,0.09,0.19,0.0,12:22:00,278.1,200,278.38,200,278.24,100
19594,0.42000000000000004,0.23,0.19,0.0,12:27:00,278.17,200,278.38,100,278.3,100
19784,0.43,0.24,0.19,6.5600000000000005,12:28:06,278.37,100,278.47,100,278.39,1000
19899,0.38,0.2,0.18,0.0,12:29:00,278.37,100,278.47,100,278.42,100
19914,0.49,0.32,0.17,6.18,12:29:06,278.47,100,278.56,4000,278.5,109
19925,0.33,0.13,0.2,12.160000000000002,12:29:12,278.41,100,278.47,200,278.47,100
20023,0.27,0.07,0.2,48.07000000000002,12:29:48,278.36,100,278.47,100,278.45,100
20128,0.27,0.07,0.2,5.719999999999999,12:30:05,278.41,200,278.56,4000,278.48,100
20336,0.32,0.07,0.25,36.71999999999999,12:31:36,278.51,700,278.65,200,278.64,100
20347,0.6100000000000001,0.28,0.33,0.0,12:32:00,278.51,700,278.65,200,278.65,100
20422,0.31000000000000005,0.14,0.17,37.71,12:32:37,278.51,100,278.64,200,278.56,100
20446,0.43000000000000005,0.26,0.17,45.74000000000001,12:32:45,278.51,100,278.64,200,278.575,100
20507,1.88,1.7,0.18,7.6,12:33:07,278.4,100,278.56,200,278.51,100
20509,0.43000000000000005,0.23,0.2,8.41,12:33:08,278.35,200,278.56,200,278.49,100
20518,1.5299999999999998,1.16,0.37,17.040000000000003,12:33:17,278.35,100,278.54,100,278.44,100
20801,0.34,0.17,0.17,0.0,12:35:00,277.95,100,278.08,100,278.015,100
20818,4.34,4.17,0.17,9.64,12:35:09,277.95,100,278.05,100,278.005,100
20904,0.26,0.09,0.17,41.95000000000001,12:35:41,277.88,100,278.04,200,277.95,100
20961,0.33999999999999997,0.18,0.16,0.0,12:36:00,277.8,100,278.0,200,277.995,300
21029,0.30000000000000004,0.13,0.17,33.89,12:36:33,277.74,100,277.92,100,277.8054,100
21135,2.8600000000000003,2.6,0.26,0.0,12:37:00,277.43,100,277.65,100,277.51,100
21163,0.24,0.08,0.16,10.690000000000003,12:37:10,277.51,200,277.64,100,277.52,100
21360,0.35,0.12,0.23,36.08999999999999,12:38:36,277.76,100,277.86,100,277.755,100
21406,44.300000000000004,43.96,0.34,0.0,12:39:00,277.81,100,277.96,100,277.8,100
21784,0.26,0.07,0.19,0.0,12:42:00,277.83,200,278.06,800,277.9795,289
22048,0.38,0.18,0.2,15.050000000000002,12:46:15,277.87,200,278.0,300,277.89,100
22260,0.37,0.19,0.18,2.16,12:47:02,277.86,100,277.96,100,277.87,100
22637,3.49,3.21,0.28,0.0,12:50:00,277.94,400,278.08,3300,277.9892,100
22845,0.25,0.07,0.18,19.939999999999994,12:51:19,278.0,400,278.06,300,278.04,100
23120,0.64,0.47,0.17,6.0,12:53:06,277.8,100,278.04,200,277.84,100
23156,0.33999999999999997,0.18,0.16,24.060000000000002,12:53:24,277.62,100,277.83,300,277.725,100
23194,0.39,0.17,0.22,36.09,12:53:36,277.91,100,278.04,200,277.93,100
23200,0.28,0.09,0.19,37.980000000000004,12:53:37,277.8,100,277.98,100,277.91,100
23893,0.4,0.23,0.17,10.970000000000004,12:58:10,278.0,4500,278.11,400,278.055,484
24441,0.32,0.13,0.19,0.0,13:03:00,278.26,200,278.37,300,278.315,500
24487,0.31,0.13,0.18,26.270000000000003,13:03:26,278.26,300,278.35,200,278.305,100
24506,0.37,0.21,0.16,32.31,13:03:32,278.23,100,278.34,200,278.285,100
24704,0.32999999999999996,0.12,0.21,34.04,13:04:34,278.0,200,278.25,200,278.165,500
24823,0.4,0.22,0.18,33.82999999999999,13:05:33,278.16,200,278.23,200,278.1842,560
25040,0.27,0.08,0.19,37.69000000000001,13:09:37,278.46,100,278.48,200,278.46,100
25252,0.5,0.21,0.29,19.89,13:11:19,278.53,200,278.65,200,278.53,100
25298,0.5800000000000001,0.27,0.31,42.139999999999986,13:11:42,278.48,400,278.55,100,278.55,100
25378,0.4,0.07,0.33,16.150000000000002,13:12:16,278.5,200,278.57,100,278.57,100
25392,0.34,0.07,0.27,20.96000000000001,13:12:20,278.5,200,278.56,100,278.5599,100
25394,0.47,0.23,0.24,21.91000000000001,13:12:21,278.5,200,278.56,100,278.5303,100
25484,0.59,0.24,0.35,11.35,13:13:11,278.36,100,278.56,200,278.4532,200
25538,0.61,0.18,0.43,43.14,13:13:43,278.34,100,278.55,200,278.445,100
25714,0.64,0.18,0.46,35.78,13:15:35,278.5,300,278.55,200,278.525,100
25731,0.59,0.08,0.51,3.76,13:16:03,278.51,400,278.55,100,278.52,100
25801,0.43,0.07,0.36,57.30000000000002,13:16:57,278.52,200,278.64,100,278.63,100
25906,0.8200000000000001,0.28,0.54,0.0,13:18:00,278.59,100,278.64,200,278.59,100
25965,0.42000000000000004,0.09,0.33,35.57000000000001,13:18:35,278.66,200,278.8,200,278.7,100
26009,0.6000000000000001,0.07,0.53,5.8100000000000005,13:19:05,278.61,100,278.74,100,278.675,100
26091,0.45,0.07,0.38,10.809999999999999,13:20:10,278.52,100,278.65,300,278.61,100
26547,1.1900000000000002,0.09,1.1,0.0,13:26:00,278.39,100,278.53,100,278.439,1000
26571,1.19,0.36,0.83,28.170000000000005,13:26:28,278.44,300,278.53,100,278.485,100
26642,1.1800000000000002,0.08,1.1,14.759999999999998,13:27:14,278.44,600,278.7,200,278.54,100
26753,1.01,0.07,0.94,0.0,13:30:00,278.7,200,278.8,100,278.71,100
26765,1.01,0.14,0.87,15.790000000000003,13:30:15,278.57,300,278.7,100,278.69,100
26783,1.21,0.17,1.04,0.0,13:31:00,278.57,400,278.7,200,278.6442,400
26888,1.41,0.18,1.23,15.820000000000002,13:33:15,278.57,400,278.61,200,278.5701,199
26930,1.39,0.22,1.17,1.39,13:34:01,278.38,100,278.53,200,278.5299,100
26967,2.39,1.29,1.1,6.190000000000001,13:35:06,278.38,400,278.54,100,278.4332,168
27110,1.22,0.07,1.15,5.21,13:38:05,278.36,100,278.47,100,278.465,100
27115,1.1900000000000002,0.07,1.12,14.82,13:38:14,278.36,100,278.47,100,278.4168,100
27163,3.2,2.2,1.0,0.0,13:39:00,278.45,200,278.5,100,278.476,100
27168,1.1900000000000002,0.08,1.11,5.79,13:39:05,278.41,200,278.46,200,278.435,183
27211,54.8,53.89,0.91,0.0,13:41:00,278.6,100,278.75,100,278.68,100
27216,0.8200000000000001,0.07,0.75,6.210000000000001,13:41:06,278.53,100,278.68,100,278.5412,200
27229,0.99,0.22,0.77,20.19,13:41:20,278.54,200,278.76,100,278.58,100
27354,1.1900000000000002,0.07,1.12,0.0,13:44:00,278.58,400,278.74,200,278.6408,123
27377,1.21,0.18,1.03,32.41,13:44:32,278.63,300,278.74,300,278.685,100
27403,1.4100000000000001,0.1,1.31,0.0,13:45:00,278.51,100,278.63,100,278.62,100
27482,1.3900000000000001,0.08,1.31,38.400000000000006,13:46:38,278.5,200,278.63,300,278.565,200
27514,1.4100000000000001,0.08,1.33,0.0,13:47:00,278.54,100,278.63,300,278.585,100
27560,1.0,0.08,0.92,0.0,13:48:00,278.61,300,278.67,100,278.631,1000
27623,1.19,0.36,0.83,18.01,13:49:18,278.45,100,278.61,200,278.535,108
27726,1.41,0.24,1.17,19.55,13:51:19,278.3,200,278.42,100,278.3884,136
27875,1.17,0.23,0.94,0.0,13:54:00,278.56,300,278.66,200,278.6261,100
27949,1.2000000000000002,0.08,1.12,17.779999999999998,13:55:17,278.6,100,278.66,100,278.645,400
27961,1.2000000000000002,0.08,1.12,32.2,13:55:32,278.6,100,278.66,100,278.6001,100
27966,1.1800000000000002,0.09,1.09,38.18000000000001,13:55:38,278.65,200,278.75,100,278.66,100
27982,1.1800000000000002,0.14,1.04,0.0,13:56:00,278.65,400,278.86,200,278.73,100
28013,0.97,0.24,0.73,28.409999999999997,13:56:28,278.63,200,278.68,100,278.67,100
28067,1.01,0.08,0.93,48.17,13:57:48,278.66,100,278.73,100,278.695,100
28142,1.02,0.09,0.93,0.0,13:59:00,278.48,100,278.63,100,278.555,100
28179,1.02,0.07,0.95,2.21,14:00:02,278.42,200,278.62,100,278.6,100
28247,1.0,0.07,0.93,0.0,14:01:00,278.55,400,278.62,200,278.5501,100
28923,1.01,0.08,0.93,28.189999999999998,14:14:28,278.7,100,278.81,200,278.76,100
28947,0.99,0.26,0.73,0.0,14:15:00,278.63,200,278.78,200,278.78,100
29176,0.99,0.23,0.76,5.58,14:19:05,278.69,200,278.72,100,278.74,100
29178,0.98,0.14,0.84,7.370000000000001,14:19:07,278.69,200,278.77,100,278.72,100
29189,0.99,0.27,0.72,17.39,14:19:17,278.69,200,278.77,100,278.75,199
29192,0.82,0.09,0.73,20.01,14:19:20,278.69,200,278.78,100,278.77,100
29235,0.6399999999999999,0.07,0.57,16.19,14:20:16,278.77,300,278.83,100,278.83,100
29295,0.5700000000000001,0.07,0.5,5.760000000000001,14:21:05,278.65,200,278.82,200,278.815,100
29328,0.5900000000000001,0.07,0.52,31.780000000000005,14:21:31,278.68,100,278.82,200,278.81,100
29335,0.6,0.08,0.52,36.01000000000001,14:21:36,278.68,100,278.82,200,278.7225,100
29356,0.78,0.22,0.56,47.99000000000002,14:21:47,278.62,200,278.82,200,278.8149,100
29388,3.8,3.34,0.46,0.0,14:22:00,278.62,200,278.82,300,278.8,200
29392,2.39,1.8,0.59,4.19,14:22:04,278.8,300,278.91,200,278.87,100
29418,0.58,0.1,0.48,18.41,14:22:18,278.82,100,278.92,100,278.91,100
29432,0.6,0.24,0.36,26.03,14:22:26,278.82,100,278.92,100,278.92,100
29448,0.56,0.2,0.36,34.2,14:22:34,278.81,100,278.92,200,278.88,100
29490,0.6000000000000001,0.28,0.32,11.79,14:23:11,278.83,200,279.0,1900,278.99,176
29497,3.17,2.73,0.44,17.95,14:23:17,278.85,100,278.99,100,278.96,100
29512,0.6,0.24,0.36,25.770000000000003,14:23:25,278.85,100,278.98,100,278.95,100
29564,0.43999999999999995,0.09,0.35,53.44000000000002,14:23:53,278.85,100,278.98,100,278.97,100
29612,0.44,0.14,0.3,17.419999999999998,14:24:17,278.85,200,279.0,3000,278.98,100
29625,0.61,0.2,0.41,26.039999999999992,14:24:26,278.97,100,279.15,100,279.03,400
29628,0.61,0.14,0.47,27.82999999999999,14:24:27,278.97,200,279.15,100,279.1,100
29640,0.45,0.07,0.38,35.63,14:24:35,279.03,100,279.22,100,279.15,100
29671,0.76,0.18,0.58,0.0,14:25:00,279.2,100,279.3,300,279.2,100
29732,0.5900000000000001,0.07,0.52,47.61000000000002,14:25:47,279.0,800,279.22,200,279.17,100
29735,0.5900000000000001,0.07,0.52,49.620000000000026,14:25:49,279.0,500,279.19,100,279.01,100
29767,0.63,0.09,0.54,0.0,14:26:00,279.0,600,279.07,100,279.07,100
29816,0.43,0.07,0.36,27.389999999999997,14:26:27,279.04,200,279.21,100,279.2099,2000
29943,4.18,3.56,0.62,0.0,14:28:00,279.1,100,279.19,300,279.145,100
29954,0.61,0.22,0.39,7.22,14:28:07,279.1,100,279.19,300,279.14,100
30037,0.74,0.07,0.67,24.400000000000002,14:29:24,278.88,100,279.0,600,278.925,600
30046,0.5900000000000001,0.13,0.46,30.0,14:29:30,278.88,100,279.0,700,278.93,100
30065,0.5900000000000001,0.14,0.45,42.02000000000002,14:29:42,278.89,100,279.0,100,278.94,200
30129,0.6,0.24,0.36,0.0,14:30:00,278.9,100,279.0,100,278.9766,100
30196,0.5700000000000001,0.07,0.5,5.93,14:31:05,279.08,100,279.26,200,279.08,100
30398,0.83,0.22,0.61,1.79,14:33:01,279.05,300,279.22,100,279.1355,100
30423,0.76,0.2,0.56,21.770000000000007,14:33:21,279.07,200,279.2,100,279.215,100
30459,0.8500000000000001,0.2,0.65,13.859999999999996,14:34:13,279.07,300,279.3,300,279.16,100
30465,0.75,0.07,0.68,17.799999999999994,14:34:17,279.15,100,279.3,300,279.18,100
30468,0.75,0.17,0.58,19.799999999999994,14:34:19,279.15,200,279.3,300,279.3,100
30471,0.94,0.42,0.52,22.189999999999998,14:34:22,279.15,200,279.3,300,279.2255,100
30485,104.82,104.3,0.52,0.0,14:36:00,279.06,100,279.13,100,279.09,100
30487,0.76,0.23,0.53,1.35,14:36:01,279.06,100,279.13,100,279.0955,100
30540,0.77,0.15,0.62,0.0,14:37:00,279.06,200,279.16,100,279.096,700
30607,0.64,0.08,0.56,50.00999999999999,14:37:50,279.06,200,279.17,100,279.1132,200
30648,0.74,0.13,0.61,1.99,14:38:01,279.06,300,279.15,200,279.11,100
30670,0.64,0.09,0.55,16.239999999999995,14:38:16,278.93,100,279.05,200,279.0,100
30672,0.78,0.14,0.64,17.789999999999996,14:38:17,278.93,100,279.05,200,279.02,100
30715,0.5900000000000001,0.13,0.46,0.0,14:39:00,278.74,200,278.98,100,278.9,100
30790,0.5900000000000001,0.07,0.52,0.0,14:40:00,278.83,100,278.94,200,278.89,100
30813,0.79,0.2,0.59,21.63,14:40:21,278.92,300,279.04,100,279.04,100
30851,0.78,0.18,0.6,48.02000000000001,14:40:48,279.07,200,279.24,100,279.1305,100
30856,0.98,0.35,0.63,0.0,14:41:00,279.07,200,279.24,200,279.1555,100
30885,0.8300000000000001,0.2,0.63,24.249999999999993,14:41:24,278.95,100,279.15,100,279.0505,100
30895,0.6300000000000001,0.07,0.56,31.99999999999999,14:41:31,278.95,200,279.15,100,279.05,100
30923,0.76,0.21,0.55,51.370000000000005,14:41:51,278.95,100,279.06,200,279.005,211
30927,0.7999999999999999,0.21,0.59,53.970000000000006,14:41:53,278.89,100,279.0,100,278.945,200
31064,0.57,0.09,0.48,12.13,14:43:12,278.66,100,278.93,200,278.8639,200
31132,0.6,0.21,0.39,7.1899999999999995,14:44:07,278.5,100,278.73,200,278.615,100
31186,0.7999999999999999,0.21,0.59,0.0,14:45:00,278.51,200,278.73,200,278.6288,300
31321,0.61,0.08,0.53,39.56000000000002,14:46:39,278.85,200,279.09,100,278.9705,100
31560,0.46,0.08,0.38,19.209999999999997,14:49:19,278.36,200,278.47,100,278.4204,150
31578,0.43,0.08,0.35,28.999999999999996,14:49:28,278.39,100,278.64,200,278.5175,150
31608,0.5700000000000001,0.14,0.43,0.0,14:50:00,278.44,400,278.56,100,278.505,100
31748,0.61,0.15,0.46,34.63000000000002,14:51:34,278.71,300,278.88,100,278.835,100
31751,0.6000000000000001,0.07,0.53,36.81000000000002,14:51:36,278.71,300,278.88,100,278.84,100
31760,0.5900000000000001,0.07,0.52,3.79,14:52:03,278.71,300,278.91,200,278.905,100
31794,0.43,0.07,0.36,29.860000000000007,14:52:29,278.78,100,279.05,200,278.915,100
31875,0.64,0.2,0.44,16.209999999999997,14:53:16,278.57,200,278.88,100,278.795,100
31987,0.6000000000000001,0.14,0.46,29.24,14:54:29,278.4,100,278.59,200,278.4955,100
32218,0.61,0.2,0.41,0.0,14:58:00,278.47,100,278.57,200,278.5684,150
32286,0.43,0.08,0.35,0.0,14:59:00,278.53,100,278.79,100,278.765,100
32360,0.61,0.26,0.35,48.760000000000026,14:59:48,278.51,100,278.62,200,278.553,358
32466,0.43,0.07,0.36,47.02000000000002,15:00:47,278.72,100,278.92,200,278.79,100
32481,0.5700000000000001,0.2,0.37,6.0600000000000005,15:01:06,278.79,300,278.92,200,278.855,100
32496,0.79,0.24,0.55,22.830000000000005,15:01:22,278.91,100,279.02,100,278.965,1424
32511,0.75,0.2,0.55,34.260000000000005,15:01:34,278.65,100,278.91,200,278.86,100
32626,0.7899999999999999,0.08,0.71,1.58,15:03:01,278.64,100,278.97,900,278.805,100
32639,0.8200000000000001,0.17,0.65,14.000000000000002,15:03:14,278.62,100,278.92,200,278.85,100
32953,0.77,0.07,0.7,23.979999999999997,15:07:23,278.76,200,278.89,200,278.8419,127
32958,0.81,0.18,0.63,27.819999999999993,15:07:27,278.77,100,278.89,200,278.885,100
33052,0.6000000000000001,0.07,0.53,45.65,15:08:45,278.79,300,278.86,200,278.825,200
33171,0.45999999999999996,0.11,0.35,8.41,15:10:08,278.81,100,278.88,100,278.8455,100
33206,0.43,0.07,0.36,36.82000000000001,15:10:36,278.81,100,278.92,200,278.8675,100
33229,0.45,0.13,0.32,52.21000000000002,15:10:52,278.82,300,278.88,100,278.82,100
33368,0.62,0.08,0.54,31.990000000000002,15:12:31,278.91,300,279.08,200,278.9955,100
33486,0.6,0.21,0.39,20.03,15:13:20,278.85,100,278.99,300,278.935,200
33516,0.59,0.15,0.44,0.0,15:14:00,278.79,100,278.9,200,278.845,300
33674,0.57,0.08,0.49,47.54999999999998,15:15:47,278.94,200,279.01,200,278.9457,100
33754,0.73,0.2,0.53,26.71,15:16:26,278.99,100,279.14,100,279.06,100
33796,0.6000000000000001,0.14,0.46,0.0,15:17:00,278.99,200,279.11,100,279.055,200
33805,0.79,0.3,0.49,6.01,15:17:06,278.99,200,279.1,100,279.025,100
33925,0.81,0.18,0.63,46.20000000000001,15:18:46,279.1,200,279.15,100,279.121,100
34119,0.61,0.18,0.43,0.0,15:21:00,279.1,300,279.16,300,279.13,100
34121,0.6300000000000001,0.07,0.56,2.01,15:21:02,279.11,100,279.21,200,279.19,100
34124,1.81,1.18,0.63,5.21,15:21:05,279.17,100,279.26,100,279.21,100
34157,0.5700000000000001,0.07,0.5,28.189999999999998,15:21:28,279.17,300,279.26,200,279.2078,100
34175,0.62,0.3,0.32,40.08000000000002,15:21:40,279.17,300,279.23,100,279.23,100
34618,0.59,0.22,0.37,53.96000000000002,15:26:53,279.06,300,279.18,300,279.1016,900
34693,0.6000000000000001,0.2,0.4,22.200000000000003,15:27:22,279.22,100,279.26,200,279.25,100
34696,0.6000000000000001,0.07,0.53,24.010000000000005,15:27:24,279.22,300,279.29,200,279.26,100
34734,0.78,0.18,0.6,10.410000000000002,15:28:10,279.25,100,279.32,100,279.31,100
34746,0.61,0.3,0.31,17.840000000000003,15:28:17,279.29,100,279.44,200,279.32,100
34759,0.62,0.08,0.54,25.800000000000004,15:28:25,279.29,200,279.44,100,279.435,100
34858,0.79,0.07,0.72,32.36999999999999,15:29:32,279.3,300,279.39,200,279.345,100
34871,2.96,2.24,0.72,0.0,15:30:00,279.31,300,279.45,200,279.43,100
34873,0.7899999999999999,0.08,0.71,3.0100000000000002,15:30:03,279.39,100,279.45,100,279.45,100
34896,0.79,0.18,0.61,26.599999999999998,15:30:26,279.42,100,279.47,500,279.483,100
34916,0.6399999999999999,0.07,0.57,40.22,15:30:40,279.41,200,279.46,100,279.4135,400
34922,0.6399999999999999,0.07,0.57,44.800000000000004,15:30:44,279.41,200,279.46,100,279.46,216
34992,0.5900000000000001,0.07,0.52,3.8200000000000003,15:31:03,279.44,300,279.5,600,279.48,100
35018,0.5900000000000001,0.07,0.52,0.0,15:32:00,279.43,200,279.5,700,279.44,100
35063,0.61,0.26,0.35,30.03,15:32:30,279.43,100,279.5,900,279.49,100
35081,0.6,0.09,0.51,42.01,15:32:42,279.46,100,279.5,200,279.5,100
35099,0.5800000000000001,0.14,0.44,52.379999999999995,15:32:52,279.44,100,279.49,200,279.4625,100
35123,0.56,0.07,0.49,0.0,15:33:00,279.35,100,279.42,200,279.38,100
35164,0.61,0.18,0.43,26.010000000000005,15:33:26,279.3,100,279.42,300,279.35,100
35209,3.01,2.55,0.46,0.0,15:34:00,279.26,100,279.36,100,279.36,100
35341,0.62,0.22,0.4,24.449999999999992,15:35:24,279.25,900,279.32,100,279.2577,800
35372,0.44,0.07,0.37,42.06999999999999,15:35:42,279.21,100,279.28,300,279.285,200
35462,0.5700000000000001,0.07,0.5,48.56000000000001,15:36:48,279.2,100,279.26,400,279.22,100
35469,0.6000000000000001,0.27,0.33,52.780000000000015,15:36:52,279.22,200,279.31,100,279.28,100
35490,3.6,3.17,0.43,0.0,15:37:00,279.25,100,279.32,200,279.27,100
35554,0.77,0.17,0.6,0.0,15:38:00,279.25,100,279.29,200,279.2705,100
35557,0.8,0.07,0.73,2.25,15:38:02,279.25,100,279.32,100,279.29,100
35594,0.58,0.09,0.49,33.2,15:38:33,279.25,200,279.29,100,279.2899,100
35635,0.59,0.16,0.43,55.810000000000024,15:38:55,279.22,200,279.29,100,279.24,100
35720,0.5900000000000001,0.07,0.52,51.84000000000001,15:39:51,279.31,200,279.36,200,279.33,100
35742,2.42,1.85,0.57,18.259999999999998,15:40:18,279.23,100,279.28,100,279.2555,100
35759,0.5700000000000001,0.26,0.31,31.63,15:40:31,279.24,100,279.28,300,279.265,100
35849,0.44,0.07,0.37,11.48,15:41:11,279.17,200,279.21,300,279.195,100
35947,0.63,0.08,0.55,34.16000000000001,15:42:34,279.25,200,279.34,100,279.295,100
35964,0.61,0.18,0.43,0.0,15:43:00,279.22,100,279.29,100,279.255,100
36128,0.82,0.24,0.58,26.800000000000004,15:44:26,279.33,200,279.39,100,279.37,100
36130,0.5900000000000001,0.07,0.52,27.980000000000004,15:44:27,279.34,100,279.44,100,279.39,100
36139,0.63,0.26,0.37,34.180000000000014,15:44:34,279.29,600,279.38,100,279.335,100
36146,0.61,0.21,0.4,38.40000000000002,15:44:38,279.3,300,279.38,100,279.34,100
36169,0.5700000000000001,0.07,0.5,5.750000000000001,15:45:05,279.26,100,279.36,200,279.2701,703
36188,0.59,0.1,0.49,21.959999999999997,15:45:21,279.23,100,279.28,200,279.235,100
36448,0.61,0.23,0.38,17.980000000000004,15:48:17,279.25,400,279.32,100,279.2896,500
36511,2.06,1.54,0.52,0.0,15:49:00,279.26,400,279.32,400,279.2948,100
36546,0.44999999999999996,0.1,0.35,23.430000000000003,15:49:23,279.22,200,279.3,500,279.23400000000004,300
36607,0.98,0.22,0.76,18.580000000000005,15:50:18,279.18,100,279.27,200,279.2475,100
36745,2.4299999999999997,1.9,0.53,8.809999999999999,15:52:08,279.25,600,279.35,100,279.305,100
36829,0.62,0.08,0.54,22.029999999999998,15:53:22,279.25,200,279.29,700,279.275,100
36855,0.98,0.07,0.91,40.44,15:53:40,279.21,100,279.28,200,279.245,100
36877,0.5900000000000001,0.2,0.39,55.629999999999995,15:53:55,279.25,700,279.36,200,279.355,100
36921,0.58,0.17,0.41,15.809999999999999,15:54:15,279.36,200,279.45,300,279.4,100
36924,0.5800000000000001,0.07,0.51,17.58,15:54:17,279.36,100,279.45,400,279.405,100
37020,0.65,0.17,0.48,36.16,15:55:36,279.31,100,279.37,300,279.3663,250
37026,0.78,0.3,0.48,40.15,15:55:40,279.38,100,279.44,200,279.41,100
37035,0.77,0.09,0.68,46.330000000000005,15:55:46,279.38,200,279.44,300,279.3848,100
37091,0.6000000000000001,0.2,0.4,27.020000000000003,15:56:27,279.38,200,279.52,100,279.55,180
37098,0.55,0.2,0.35,31.030000000000005,15:56:31,279.43,100,279.55,200,279.51,100
37110,0.79,0.18,0.61,39.44000000000001,15:56:39,279.44,200,279.55,100,279.54,100
37112,0.63,0.22,0.41,40.66000000000002,15:56:40,279.44,100,279.6,100,279.52,100
37116,0.5900000000000001,0.14,0.45,43.060000000000024,15:56:43,279.55,200,279.69,200,279.63,100
37119,0.75,0.19,0.56,45.020000000000024,15:56:45,279.43,400,279.54,100,279.53,100
37122,0.44,0.14,0.3,46.67000000000002,15:56:46,279.55,200,279.65,100,279.6,200
37126,0.61,0.18,0.43,49.060000000000024,15:56:49,279.54,100,279.65,100,279.595,300
37129,0.5900000000000001,0.07,0.52,50.880000000000024,15:56:50,279.54,100,279.65,100,279.65,100
37141,0.81,0.14,0.67,4.16,15:57:04,279.5,200,279.65,800,279.56,200
37152,0.6300000000000001,0.07,0.56,13.610000000000001,15:57:13,279.44,300,279.52,200,279.445,100
37199,0.75,0.19,0.56,20.750000000000004,15:59:20,279.42,100,279.49,200,279.47,100
37213,0.5900000000000001,0.19,0.4,29.980000000000004,15:59:29,279.44,200,279.53,300,279.525,100
37252,0.78,0.2,0.58,56.120000000000026,15:59:56,279.54,300,279.65,100,279.61,100
37258,0.59,0.21,0.38,59.76000000000003,15:59:59,279.65,200,279.71,100,279.69,100
37259,0.63,0.27,0.36,60.390000000000036,16:00:00,279.65,200,279.71,100,279.7,140
37262,0.77,0.17,0.6,62.52000000000004,16:00:02,279.7,100,279.76,600,279.75,100
37267,0.76,0.18,0.58,65.92000000000003,16:00:05,279.57,200,279.75,200,279.74,100
