,Total Delay,Request Delay,Saving Delay,Arrival Time,Time,Bid,Bid Size,Ask,Ask Size,Last Price,Last Size
0,0.6499999999999999,0.3,0.35,0.6499999999999999,09:30:00,193.01,200,193.09,400,193.09,100
6,0.28,0.08,0.2,2.6000000000000005,09:30:02,192.9,200,192.98,400,192.96599999999998,100
12,0.35,0.16,0.19,4.76,09:30:04,192.9,100,192.94,500,192.9,100
15,0.59,0.23,0.36,6.21,09:30:06,192.9,100,192.94,500,192.91,500
16,0.32,0.08,0.24,6.53,09:30:06,192.9,100,192.98,100,192.9274,100
22,0.3,0.08,0.22,8.47,09:30:08,192.82,200,192.92,200,192.87,100
28,0.5800000000000001,0.27,0.31,10.940000000000001,09:30:10,192.76,500,192.85,100,192.76,500
32,0.43,0.21,0.22,12.59,09:30:12,192.82,1000,192.85,200,192.8122,900
42,0.32,0.07,0.25,16.54,09:30:16,192.83,400,192.97,700,192.8554,1500
45,0.32,0.09,0.23,0.0,09:31:00,192.83,400,192.97,500,192.9125,1500
51,0.4,0.18,0.22,2.33,09:31:02,192.84,100,192.94,400,192.93,2100
64,2.08,1.88,0.2,10.02,09:31:10,192.79,100,192.89,500,192.82,1100
69,0.42,0.21,0.21,12.38,09:31:12,192.79,100,192.92,400,192.89,100
71,0.37,0.18,0.19,15.12,09:31:15,192.79,1100,192.92,400,192.855,200
75,0.89,0.62,0.27,16.97,09:31:16,192.82,600,192.91,100,192.8515,810
77,1.79,1.43,0.36,19.189999999999998,09:31:19,192.86,100,193.06,500,193.0054,100
80,1.4100000000000001,1.07,0.34,21.98,09:31:21,192.86,100,193.06,500,193.05900000000003,1000
81,0.43000000000000005,0.17,0.26,22.41,09:31:22,192.87,400,193.0,200,192.949,200
87,0.25,0.08,0.17,24.230000000000004,09:31:24,192.98,400,193.05,100,193.0591,900
88,0.39,0.2,0.19,24.620000000000005,09:31:24,192.96,300,193.05,100,193.05,100
94,0.27,0.07,0.2,26.520000000000003,09:31:26,192.91,300,193.02,300,192.9128,117
99,0.27,0.07,0.2,28.39,09:31:28,192.87,500,193.0,400,192.9423,100
105,0.41000000000000003,0.23,0.18,30.700000000000003,09:31:30,192.87,500,192.95,100,192.9004,100
110,0.5,0.28,0.22,32.580000000000005,09:31:32,192.89,400,192.99,200,192.99,100
117,0.3,0.08,0.22,34.730000000000004,09:31:34,192.89,400,192.99,300,192.95,1000
122,0.32,0.12,0.2,36.45000000000001,09:31:36,192.94,1100,193.04,300,192.97,100
138,0.38,0.07,0.31,42.490000000000016,09:31:42,192.93,500,193.0,500,192.993,4000
148,0.4,0.08,0.32,46.49000000000002,09:31:46,192.85,500,192.96,400,192.9048,100
156,0.48,0.21,0.27,50.55000000000002,09:31:50,192.89,400,192.97,200,192.96,100
169,0.27,0.07,0.2,54.370000000000026,09:31:54,193.01,400,193.06,300,193.06,300
181,0.34,0.17,0.17,58.28000000000002,09:31:58,193.04,800,193.12,1000,193.02,100
182,0.33,0.07,0.26,58.61000000000002,09:31:58,193.01,100,193.14,400,193.085,100
186,0.29,0.08,0.21,0.0,09:32:00,193.01,500,193.11,300,193.07,100
193,0.41000000000000003,0.21,0.2,2.27,09:32:02,192.92,200,193.03,300,193.0025,500
197,2.11,1.93,0.18,5.2,09:32:05,192.93,100,193.03,100,193.01,100
201,4.77,4.56,0.21,12.78,09:32:12,193.01,400,193.12,500,193.065,300
202,2.2199999999999998,2.03,0.19,15.0,09:32:15,193.04,100,193.12,400,193.12,100
206,0.24000000000000002,0.07,0.17,16.12,09:32:16,193.04,600,193.11,100,193.04,100
209,1.96,1.75,0.21,18.8,09:32:18,193.09,400,193.17,200,193.17,100
214,0.33999999999999997,0.18,0.16,20.189999999999998,09:32:20,193.21,500,193.28,500,193.229,500
221,0.26,0.08,0.18,22.34,09:32:22,193.21,200,193.27,100,193.26,100
227,0.36,0.19,0.17,24.189999999999998,09:32:24,193.21,200,193.27,100,193.2699,300
241,0.26,0.09,0.17,28.399999999999995,09:32:28,193.12,100,193.25,200,193.2,100
246,0.36,0.18,0.18,30.23999999999999,09:32:30,193.08,100,193.17,1000,193.1,200
252,0.24000000000000002,0.07,0.17,32.32999999999999,09:32:32,193.12,400,193.21,200,193.21,100
258,0.39,0.22,0.17,34.55999999999999,09:32:34,193.16,1200,193.26,200,193.155,1000
270,0.36,0.2,0.16,38.53999999999998,09:32:38,193.07,200,193.16,400,193.111,100
276,0.24000000000000002,0.07,0.17,40.38999999999998,09:32:40,193.07,100,193.16,100,193.15,100
283,0.25,0.09,0.16,42.359999999999985,09:32:42,193.07,100,193.16,100,193.1051,300
295,0.33999999999999997,0.18,0.16,46.37,09:32:46,193.11,100,193.2,100,193.1695,100
300,0.36,0.19,0.17,47.89,09:32:47,193.11,100,193.2,100,193.1374,1000
302,0.39,0.22,0.17,48.61,09:32:48,193.14,500,193.24,200,193.18,100
309,0.25,0.07,0.18,50.54,09:32:50,193.13,300,193.24,500,193.185,100
315,0.3,0.08,0.22,52.58,09:32:52,193.13,300,193.2,100,193.1999,200
325,0.25,0.07,0.18,56.56999999999999,09:32:56,192.9,300,192.92,200,192.9001,200
332,0.25,0.07,0.18,58.52,09:32:58,192.88,500,192.99,300,192.9265,200
343,2.23,1.98,0.25,3.41,09:33:03,192.89,1000,192.97,500,192.8901,9000
350,3.75,3.46,0.29,9.190000000000001,09:33:09,192.97,100,193.06,100,192.9883,300
352,0.35,0.18,0.17,9.8,09:33:09,193.02,200,193.11,1800,193.03900000000002,500
354,2.19,1.96,0.23,12.57,09:33:12,193.0,100,193.11,100,193.0,100
359,0.35,0.18,0.17,15.84,09:33:15,193.0,500,193.1,200,193.0625,200
362,2.69,2.48,0.21,19.009999999999998,09:33:19,193.02,500,193.1,300,192.98,100
370,0.66,0.28,0.38,22.090000000000003,09:33:22,192.79,1000,192.99,800,192.988,100
381,0.41000000000000003,0.22,0.19,25.900000000000006,09:33:25,192.85,300,192.95,900,192.86,100
399,0.38,0.21,0.17,31.950000000000006,09:33:31,192.8,1000,192.85,1000,192.90200000000002,100
405,0.5700000000000001,0.28,0.29,33.96,09:33:33,192.77,100,192.83,400,192.815,100
412,0.47000000000000003,0.27,0.2,35.970000000000006,09:33:35,192.76,200,192.84,400,192.81,100
416,0.28,0.08,0.2,37.49000000000001,09:33:37,192.76,200,192.84,400,192.77,200
426,0.61,0.24,0.37,41.59000000000001,09:33:41,192.88,100,192.95,500,192.88,838
427,0.41000000000000003,0.17,0.24,42.00000000000001,09:33:42,192.8,500,192.92,300,192.885,100
440,0.45,0.25,0.2,46.19000000000002,09:33:46,192.76,100,192.82,300,192.8,400
446,0.25,0.07,0.18,48.070000000000014,09:33:48,192.8,1000,192.88,100,192.84,100
452,0.26,0.07,0.19,49.95000000000001,09:33:49,192.81,200,192.88,200,192.8503,100
458,0.27,0.09,0.18,52.11000000000001,09:33:52,192.76,200,192.84,100,192.8276,800
467,0.25,0.07,0.18,55.39000000000001,09:33:55,192.65,1000,192.72,1000,192.7,100
470,0.41000000000000003,0.19,0.22,56.35000000000001,09:33:56,192.71,100,192.8,400,192.72,100
475,0.32,0.09,0.23,58.21000000000001,09:33:58,192.72,1000,192.8,100,192.7301,943
485,0.41000000000000003,0.17,0.24,1.8900000000000001,09:34:01,192.71,200,192.79,200,192.7101,1079
486,0.25,0.07,0.18,2.14,09:34:02,192.62,400,192.73,500,192.62,100
492,0.34,0.14,0.2,4.010000000000001,09:34:04,192.56,400,192.67,500,192.56,100
499,0.38,0.19,0.19,6.22,09:34:06,192.56,100,192.67,500,192.615,110
503,0.44,0.22,0.22,8.04,09:34:08,192.56,100,192.66,200,192.6,300
509,2.14,1.95,0.19,13.379999999999999,09:34:13,192.63,100,192.84,900,192.61,100
511,0.48,0.27,0.21,14.19,09:34:14,192.69,600,192.84,500,192.7374,295
513,2.17,1.87,0.3,16.61,09:34:16,192.59,100,192.69,500,192.68,100
514,3.77,3.6,0.17,20.38,09:34:20,192.59,100,192.7,500,192.59099999999998,100
515,1.4000000000000001,1.06,0.34,21.779999999999998,09:34:21,192.55,300,192.62,400,192.55,100
516,0.42000000000000004,0.2,0.22,22.2,09:34:22,192.55,200,192.67,400,192.5932,500
527,0.43,0.21,0.22,26.20999999999999,09:34:26,192.65,200,192.73,300,192.71,100
531,0.51,0.17,0.34,28.27999999999999,09:34:28,192.66,200,192.75,500,192.6825,150
540,0.35,0.13,0.22,31.939999999999994,09:34:31,192.66,200,192.73,200,192.66,500
556,0.47000000000000003,0.28,0.19,38.279999999999994,09:34:38,192.69,600,192.76,100,192.6701,100
561,0.26,0.08,0.18,40.00999999999999,09:34:40,192.76,1600,192.83,100,192.785,100
566,0.33,0.08,0.25,42.08999999999999,09:34:42,192.76,600,192.83,300,192.83,100
571,0.32,0.07,0.25,44.09999999999999,09:34:44,192.7,900,192.8,300,192.69,250
591,0.49,0.23,0.26,51.13999999999999,09:34:51,192.79,1300,192.88,600,192.8799,300
614,0.38,0.08,0.3,0.0,09:35:00,192.84,700,192.95,100,192.92,100
622,3.44,3.13,0.31,9.790000000000001,09:35:09,192.83,600,192.94,400,192.8884,200
623,1.67,1.41,0.26,11.46,09:35:11,192.76,400,192.9,500,192.8393,100
641,0.4,0.18,0.22,22.53,09:35:22,192.88,100,192.97,100,192.9699,600
647,0.43000000000000005,0.16,0.27,24.77,09:35:24,192.91,100,193.03,400,192.9927,100
653,0.44,0.22,0.22,26.840000000000003,09:35:26,192.82,200,192.93,900,192.829,8114
657,0.54,0.28,0.26,28.75,09:35:28,192.89,300,192.97,200,192.94,100
668,0.26,0.07,0.19,32.669999999999995,09:35:32,192.89,100,193.03,600,192.9687,600
712,0.24000000000000002,0.07,0.17,48.21000000000001,09:35:48,192.95,400,193.03,500,192.9855,300
720,0.24000000000000002,0.07,0.17,50.64000000000001,09:35:50,192.93,100,193.02,300,192.975,400
732,0.25,0.07,0.18,54.44000000000001,09:35:54,192.94,500,193.01,300,192.9794,1000
733,0.35,0.19,0.16,54.79000000000001,09:35:54,192.82,200,192.9,300,192.8645,300
774,2.31,2.11,0.2,14.610000000000001,09:36:14,192.88,900,192.98,500,192.8905,100
785,0.42,0.21,0.21,22.46,09:36:22,192.86,100,192.95,300,192.908,200
810,0.4,0.12,0.28,32.6,09:36:32,192.81,100,192.88,500,192.8535,150
813,0.43,0.13,0.3,33.92,09:36:33,192.81,100,192.88,500,192.85,100
814,0.5800000000000001,0.19,0.39,34.5,09:36:34,192.72,200,192.81,1000,192.7975,500
833,0.39,0.16,0.23,42.389999999999986,09:36:42,192.72,200,192.81,1000,192.8499,500
837,0.67,0.44,0.23,44.24999999999999,09:36:44,192.72,200,192.81,200,192.75,100
842,0.52,0.21,0.31,46.46999999999999,09:36:46,192.7,200,192.74,100,192.7175,200
846,0.75,0.21,0.54,48.57999999999999,09:36:48,192.62,100,192.68,400,192.64,100
855,0.35000000000000003,0.07,0.28,52.44,09:36:52,192.55,100,192.61,100,192.5834,500
860,0.29,0.08,0.21,54.279999999999994,09:36:54,192.55,200,192.62,200,192.5752,1000
865,0.38,0.07,0.31,56.13,09:36:56,192.56,500,192.66,500,192.6116,100
874,0.45,0.2,0.25,0.0,09:37:00,192.61,600,192.71,100,192.65,100
878,0.5900000000000001,0.07,0.52,2.18,09:37:02,192.61,600,192.69,200,192.6433,880
885,0.46,0.08,0.38,6.05,09:37:06,192.6,1100,192.69,500,192.63,100
889,0.67,0.21,0.46,8.29,09:37:08,192.6,900,192.66,300,192.6434,600
893,0.28,0.07,0.21,10.19,09:37:10,192.56,100,192.62,400,192.5514,145
897,1.12,0.75,0.37,12.52,09:37:12,192.56,400,192.62,100,192.58,100
901,2.69,2.4,0.29,18.56,09:37:18,192.42,100,192.47,500,192.43,100
902,0.39,0.14,0.25,18.95,09:37:18,192.39,200,192.48,400,192.45,100
905,0.42000000000000004,0.1,0.32,20.169999999999998,09:37:20,192.39,400,192.47,200,192.47,200
909,0.6000000000000001,0.26,0.34,22.15,09:37:22,192.35,100,192.38,600,192.35,100
914,0.41000000000000003,0.21,0.2,24.31,09:37:24,192.31,100,192.37,400,192.38,100
918,0.49,0.14,0.35,26.169999999999998,09:37:26,192.25,1500,192.31,100,192.25,120
926,0.53,0.1,0.43,30.270000000000003,09:37:30,192.2,200,192.26,500,192.2025,100
931,0.5,0.07,0.43,32.660000000000004,09:37:32,192.2,700,192.31,1000,192.2001,200
934,0.35000000000000003,0.07,0.28,34.13000000000001,09:37:34,192.21,500,192.29,1000,192.2101,400
939,0.47000000000000003,0.13,0.34,36.34000000000001,09:37:36,192.2,200,192.27,100,192.21,100
943,0.37,0.07,0.3,37.940000000000005,09:37:37,192.2,100,192.27,100,192.2,1600
948,0.46,0.19,0.27,39.980000000000004,09:37:39,192.2,100,192.25,100,192.232,1000
949,0.4,0.09,0.31,40.38,09:37:40,192.2,200,192.25,100,192.2345,1000
965,0.42,0.18,0.24,46.14999999999999,09:37:46,192.41,400,192.51,1000,192.51,300
970,0.46,0.2,0.26,48.26999999999999,09:37:48,192.43,100,192.5,500,192.4706,149
975,0.49,0.17,0.32,50.23999999999999,09:37:50,192.41,400,192.49,1000,192.4744,100
984,0.41,0.12,0.29,54.059999999999974,09:37:54,192.42,200,192.49,600,192.4899,7500
989,0.36,0.07,0.29,56.32999999999998,09:37:56,192.42,400,192.49,600,192.4809,100
993,0.39,0.12,0.27,57.94999999999998,09:37:57,192.41,500,192.49,600,192.4404,120
998,0.48,0.21,0.27,0.0,09:38:00,192.45,300,192.5,500,192.49,501
1002,0.42,0.07,0.35,1.98,09:38:01,192.48,100,192.55,200,192.48,100
1006,0.41000000000000003,0.15,0.26,3.6799999999999997,09:38:03,192.48,100,192.56,1000,192.53,100
1007,0.48000000000000004,0.2,0.28,4.16,09:38:04,192.49,200,192.56,500,192.5334,150
1011,0.56,0.27,0.29,6.1800000000000015,09:38:06,192.45,300,192.55,1000,192.54,148
1015,1.01,0.75,0.26,8.510000000000002,09:38:08,192.43,100,192.54,1000,192.5,100
1016,4.37,4.13,0.24,12.880000000000003,09:38:12,192.31,100,192.37,200,192.31,700
1018,0.6000000000000001,0.27,0.33,13.870000000000003,09:38:13,192.3,200,192.37,100,192.3507,500
1021,0.34,0.07,0.27,15.020000000000001,09:38:15,192.3,200,192.36,200,192.3,600
1023,0.39,0.11,0.28,15.890000000000002,09:38:15,192.26,1000,192.35,500,192.26,250
1028,0.34,0.08,0.26,17.89,09:38:17,192.27,200,192.36,400,192.36,100
1033,0.42000000000000004,0.14,0.28,19.959999999999997,09:38:19,192.26,300,192.35,200,192.27,600
1035,0.55,0.19,0.36,22.27,09:38:22,192.25,200,192.33,200,192.2805,100
1046,0.49,0.07,0.42,27.74,09:38:27,192.25,200,192.3,1100,192.29,100
1047,0.48,0.19,0.29,28.22,09:38:28,192.25,700,192.34,1000,192.32,100
1051,0.47,0.17,0.3,29.99,09:38:29,192.26,800,192.34,400,192.3072,100
1059,0.4,0.09,0.31,33.72999999999999,09:38:33,192.21,100,192.28,700,192.21099999999998,100
1060,0.33,0.08,0.25,34.05999999999999,09:38:34,192.21,100,192.25,700,192.23,100
1071,0.39,0.13,0.26,38.029999999999994,09:38:38,192.16,600,192.22,100,192.17,100
1075,0.30000000000000004,0.07,0.23,39.77999999999999,09:38:39,192.11,400,192.17,400,192.12,100
1084,0.41000000000000003,0.17,0.24,43.72999999999998,09:38:43,192.09,100,192.13,200,192.104,200
1090,0.55,0.22,0.33,46.02999999999998,09:38:46,192.03,100,192.09,900,192.06599999999997,350
1094,0.45,0.14,0.31,47.79999999999999,09:38:47,192.02,800,192.08,100,192.0462,500
1099,0.58,0.23,0.35,49.90999999999998,09:38:49,192.0,100,192.06,400,192.03,2100
1104,0.45,0.18,0.27,52.10999999999998,09:38:52,192.01,800,192.07,1000,192.01,1000
1108,0.35000000000000003,0.08,0.27,53.76999999999998,09:38:53,191.99,400,192.07,100,192.0192,200
1113,0.51,0.21,0.3,56.069999999999986,09:38:56,191.91,200,192.03,900,191.953,500
1117,0.62,0.27,0.35,57.899999999999984,09:38:57,191.91,100,191.96,200,191.92,100
1122,0.32999999999999996,0.09,0.24,0.0,09:39:00,191.91,100,191.94,100,191.91,100
1123,0.44999999999999996,0.21,0.24,0.44999999999999996,09:39:00,191.91,100,191.95,100,191.9101,2900
1127,0.44,0.18,0.26,2.0300000000000002,09:39:02,191.85,300,191.91,300,191.9,100
1132,0.47,0.23,0.24,4.19,09:39:04,191.85,200,191.89,400,191.85,100
1137,0.31,0.08,0.23,8.25,09:39:08,191.95,100,192.0,200,191.9995,100
1142,0.37,0.18,0.19,10.05,09:39:10,191.95,100,192.0,400,191.9781,300
1147,0.38,0.08,0.3,11.990000000000002,09:39:11,191.96,100,192.06,900,191.975,200
1148,2.41,2.17,0.24,14.400000000000002,09:39:14,191.97,600,192.05,100,192.04,200
1149,0.26,0.07,0.19,14.660000000000002,09:39:14,191.84,100,191.93,900,191.84,500
1152,0.44,0.2,0.24,16.000000000000004,09:39:16,191.78,100,191.82,500,191.78,100
1153,0.8200000000000001,0.52,0.3,16.820000000000004,09:39:16,191.78,200,191.86,200,191.87,100
1156,0.27,0.07,0.2,17.92,09:39:17,191.78,200,191.86,100,191.795,300
1159,2.5700000000000003,2.24,0.33,21.560000000000002,09:39:21,191.8,1000,191.88,200,191.86,100
1161,0.37,0.09,0.28,22.350000000000005,09:39:22,191.75,2100,191.84,100,191.8,700
1166,0.45,0.13,0.32,24.380000000000006,09:39:24,191.65,600,191.71,200,191.7,100
1171,0.30000000000000004,0.07,0.23,25.900000000000006,09:39:25,191.65,600,191.72,100,191.6938,100
1172,0.31,0.07,0.24,26.210000000000004,09:39:26,191.65,500,191.72,500,191.65,100
1177,0.36,0.15,0.21,28.120000000000008,09:39:28,191.69,100,191.76,100,191.73,197
1181,0.43,0.18,0.25,29.96000000000001,09:39:29,191.75,1100,191.83,300,191.77,100
1187,0.34,0.08,0.26,32.19000000000001,09:39:32,191.77,500,191.87,300,191.82,200
1193,0.44999999999999996,0.15,0.3,34.31000000000002,09:39:34,191.8,500,191.84,100,191.81,100
1197,0.53,0.17,0.36,36.18000000000002,09:39:36,191.73,400,191.81,500,191.762,600
1202,0.47,0.18,0.29,38.08000000000003,09:39:38,191.71,100,191.8,1100,191.7162,300
1205,0.48,0.16,0.32,39.42000000000002,09:39:39,191.71,100,191.8,1100,191.71,250
1207,0.38,0.07,0.31,40.46000000000002,09:39:40,191.71,500,191.8,500,191.7671,500
1216,0.49,0.22,0.27,44.52000000000004,09:39:44,191.73,1000,191.81,400,191.778,120
1220,0.29000000000000004,0.07,0.22,45.92000000000004,09:39:45,191.76,100,191.84,100,191.83900000000003,200
1226,0.27,0.08,0.19,48.140000000000036,09:39:48,191.73,1000,191.79,100,191.79,100
1231,0.29,0.08,0.21,49.860000000000035,09:39:49,191.73,1000,191.79,800,191.7481,120
1238,0.38,0.19,0.19,52.20000000000004,09:39:52,191.7,500,191.73,300,191.7174,400
1244,0.32,0.07,0.25,53.830000000000034,09:39:53,191.7,500,191.73,300,191.715,100
1256,0.5800000000000001,0.3,0.28,58.28000000000003,09:39:58,191.81,300,191.87,100,191.8136,250
1273,0.31,0.09,0.22,6.52,09:40:06,191.84,400,191.89,100,191.88,100
1277,0.46,0.2,0.26,8.22,09:40:08,191.95,1900,191.97,1000,191.95,521
1281,1.3,0.91,0.39,10.76,09:40:10,192.0,100,192.05,100,192.0399,200
1285,0.43,0.19,0.24,14.259999999999998,09:40:14,192.04,200,192.08,100,192.0494,1000
1291,0.36,0.17,0.19,16.189999999999998,09:40:16,191.98,200,192.08,100,191.98,100
1294,4.24,3.94,0.3,21.129999999999995,09:40:21,192.01,1000,192.08,100,192.0248,220
1295,0.29000000000000004,0.07,0.22,21.419999999999995,09:40:21,192.01,1000,192.1,400,192.0685,1000
1297,0.3,0.08,0.22,22.069999999999997,09:40:22,192.02,800,192.1,100,192.0232,500
1308,0.42,0.18,0.24,26.049999999999997,09:40:26,192.08,100,192.15,200,192.08,100
1314,0.45999999999999996,0.21,0.25,28.31,09:40:28,192.06,400,192.14,300,192.14,300
1319,0.49,0.28,0.21,30.119999999999997,09:40:30,192.05,100,192.1,400,192.083,500
1325,0.33,0.08,0.25,32.06999999999999,09:40:32,192.01,1000,192.05,200,192.0501,100
1329,0.41000000000000003,0.2,0.21,33.599999999999994,09:40:33,192.01,1000,192.05,300,192.0268,100
1330,0.38,0.19,0.19,33.98,09:40:33,191.95,1900,192.0,100,191.9705,500
1337,0.48,0.21,0.27,36.419999999999995,09:40:36,191.95,1900,192.0,100,192.0,100
1346,0.45,0.19,0.26,39.949999999999996,09:40:39,191.87,400,191.97,200,191.90599999999998,1000
1351,0.37,0.08,0.29,41.89999999999999,09:40:41,191.99,100,192.05,100,191.9947,1000
1352,0.44,0.24,0.2,42.33999999999999,09:40:42,192.01,100,192.08,200,192.05,2800
1354,0.37,0.15,0.22,43.11999999999998,09:40:43,192.01,100,192.08,200,192.045,100
1356,0.29000000000000004,0.07,0.22,43.81999999999998,09:40:43,191.99,100,192.07,100,191.99,100
1357,0.29,0.08,0.21,44.10999999999998,09:40:44,192.02,500,192.1,200,192.0603,250
1368,0.32,0.07,0.25,48.05999999999998,09:40:48,192.02,400,192.1,800,192.02,200
1373,0.28,0.08,0.2,50.13999999999998,09:40:50,191.92,100,192.0,500,191.94,100
1383,0.43,0.21,0.22,54.159999999999975,09:40:54,191.93,400,192.0,200,191.9664,440
1387,0.5700000000000001,0.27,0.3,56.43999999999998,09:40:56,191.93,400,192.0,200,191.99900000000002,100
1407,1.19,0.95,0.24,4.99,09:41:04,191.91,400,192.03,800,191.9893,100
1422,0.4,0.21,0.19,10.13,09:41:10,191.93,1000,192.05,200,192.0125,100
1430,0.3,0.08,0.22,14.68,09:41:14,191.9,300,191.96,100,191.96,100
1439,3.9699999999999998,3.65,0.32,22.02,09:41:22,191.97,400,192.05,200,192.0142,127
1445,0.36,0.07,0.29,24.229999999999997,09:41:24,192.0,100,192.14,200,192.079,100
1463,0.27,0.07,0.2,30.02,09:41:30,192.0,1000,192.05,200,192.025,1800
1469,0.56,0.23,0.33,32.2,09:41:32,192.15,300,192.22,500,192.1977,400
1475,0.3,0.09,0.21,33.98,09:41:33,192.14,1200,192.25,700,192.18,100
1482,0.45999999999999996,0.24,0.22,36.36999999999999,09:41:36,192.14,1000,192.21,100,192.19,100
1487,0.31,0.12,0.19,38.04999999999999,09:41:38,192.14,1000,192.21,500,192.209,100
1493,0.38,0.21,0.17,40.379999999999995,09:41:40,192.18,1000,192.25,200,192.24,100
1498,0.41000000000000003,0.22,0.19,42.42999999999999,09:41:42,192.19,400,192.29,500,192.2456,182
1503,0.3,0.08,0.22,44.209999999999994,09:41:44,192.18,400,192.28,300,192.24599999999998,100
1514,0.49,0.2,0.29,48.489999999999995,09:41:48,192.22,300,192.33,600,192.2794,186
1519,0.38,0.08,0.3,50.46999999999999,09:41:50,192.29,100,192.36,100,192.312,100
1523,0.47,0.09,0.38,52.29999999999999,09:41:52,192.28,100,192.35,200,192.331,500
1528,0.33,0.07,0.26,54.33,09:41:54,192.29,500,192.38,5000,192.335,100
1533,0.41000000000000003,0.17,0.24,56.15999999999999,09:41:56,192.33,100,192.43,1100,192.4153,100
1538,0.59,0.29,0.3,58.239999999999995,09:41:58,192.33,200,192.43,1100,192.3474,1000
1543,0.42000000000000004,0.22,0.2,0.0,09:42:00,192.29,500,192.41,200,192.36599999999999,120
1561,0.38,0.08,0.3,13.97,09:42:13,192.18,600,192.26,100,192.2066,200
1566,0.41000000000000003,0.09,0.32,18.380000000000003,09:42:18,192.24,100,192.27,100,192.255,100
1586,0.48,0.19,0.29,27.779999999999994,09:42:27,192.15,300,192.2,400,192.1649,500
1595,0.7,0.24,0.46,31.999999999999993,09:42:31,192.1,1200,192.21,100,192.1,800
1599,0.33,0.08,0.25,33.599999999999994,09:42:33,192.1,1200,192.21,100,192.11,100
1600,0.33,0.08,0.25,33.92999999999999,09:42:33,192.1,1200,192.2,100,192.1266,300
1605,0.39,0.09,0.3,35.72999999999999,09:42:35,192.11,1000,192.2,100,192.155,150
1610,0.42000000000000004,0.19,0.23,37.85999999999999,09:42:37,192.1,1200,192.19,400,192.1459,200
1617,0.56,0.27,0.29,41.50999999999999,09:42:41,192.1,1200,192.17,900,192.16,100
1627,0.44,0.24,0.2,45.989999999999995,09:42:45,192.17,1300,192.24,400,192.22,124
1637,0.4,0.18,0.22,49.87999999999999,09:42:49,192.17,1200,192.25,100,192.2034,100
1642,0.36,0.07,0.29,51.749999999999986,09:42:51,192.17,1200,192.25,100,192.218,200
1648,0.5700000000000001,0.27,0.3,54.10999999999998,09:42:54,192.18,100,192.25,100,192.2153,100
1667,0.41000000000000003,0.13,0.28,2.25,09:43:02,192.19,100,192.25,1500,192.2128,1000
1692,1.6300000000000001,1.29,0.34,15.000000000000005,09:43:15,192.2,1300,192.25,300,192.2274,200
1703,1.58,1.25,0.33,21.380000000000003,09:43:21,192.27,200,192.33,400,192.3006,100
1705,0.32,0.09,0.23,22.1,09:43:22,192.27,100,192.31,100,192.28,100
1710,0.44,0.12,0.32,24.1,09:43:24,192.29,100,192.35,200,192.3248,1000
1720,0.54,0.23,0.31,27.9,09:43:27,192.35,100,192.39,300,192.39,100
1725,0.36,0.09,0.27,29.95,09:43:29,192.37,400,192.42,300,192.4,1700
1736,0.6000000000000001,0.27,0.33,34.43000000000001,09:43:34,192.42,100,192.5,500,192.44,400
1757,0.29000000000000004,0.07,0.22,42.02000000000001,09:43:42,192.44,100,192.5,400,192.4301,200
1761,0.37,0.14,0.23,43.85000000000001,09:43:43,192.44,100,192.5,400,192.4537,200
1765,0.64,0.28,0.36,45.40000000000001,09:43:45,192.44,100,192.5,400,192.46200000000002,400
1767,0.37,0.18,0.19,46.09000000000001,09:43:46,192.43,400,192.49,900,192.4622,500
1778,0.48,0.21,0.27,50.19000000000001,09:43:50,192.35,200,192.4,100,192.3778,100
1799,0.6,0.24,0.36,58.21,09:43:58,192.44,300,192.5,200,192.4682,2500
1810,0.54,0.21,0.33,2.1500000000000004,09:44:02,192.45,500,192.5,100,192.4752,200
1822,0.36,0.18,0.18,6.13,09:44:06,192.47,100,192.5,200,192.4895,100
1827,0.29000000000000004,0.07,0.22,7.94,09:44:07,192.47,500,192.51,300,192.4776,500
1831,0.59,0.35,0.24,13.620000000000001,09:44:13,192.5,1100,192.54,500,192.5175,400
1837,1.29,1.03,0.26,16.84,09:44:16,192.41,500,192.48,200,192.41,100
1841,0.39,0.18,0.21,18.14,09:44:18,192.42,100,192.48,300,192.4639,1820
1845,0.4,0.21,0.19,21.22,09:44:21,192.42,100,192.48,200,192.42,100
1847,0.46,0.18,0.28,21.99,09:44:21,192.48,100,192.53,200,192.505,100
1852,0.33,0.07,0.26,23.799999999999997,09:44:23,192.48,100,192.53,100,192.5078,100
1858,0.36000000000000004,0.08,0.28,26.199999999999996,09:44:26,192.45,100,192.47,100,192.4687,1000
1868,0.33999999999999997,0.12,0.22,30.06,09:44:30,192.34,100,192.39,1000,192.37,298
1873,0.36,0.14,0.22,32.059999999999995,09:44:32,192.3,100,192.36,600,192.34,100
1877,0.65,0.27,0.38,34.04999999999999,09:44:34,192.3,100,192.36,300,192.3599,129
1882,0.46,0.2,0.26,36.10999999999999,09:44:36,192.36,100,192.4,100,192.33,322
1909,0.31,0.11,0.2,45.77,09:44:45,192.37,1000,192.44,100,192.433,200
1916,0.46,0.27,0.19,48.13000000000002,09:44:48,192.38,1100,192.45,200,192.424,300
1939,0.3,0.08,0.22,55.86000000000001,09:44:55,192.4,100,192.46,100,192.4362,100
1945,0.43,0.18,0.25,57.91000000000002,09:44:57,192.45,100,192.5,1100,192.4354,100
1966,0.42000000000000004,0.19,0.23,5.8500000000000005,09:45:05,192.4,200,192.47,300,192.43900000000002,120
1969,5.109999999999999,4.93,0.18,11.54,09:45:11,192.36,300,192.43,800,192.3601,100
1972,1.42,1.15,0.27,14.759999999999998,09:45:14,192.29,500,192.36,400,192.325,100
1973,1.24,0.86,0.38,15.999999999999998,09:45:15,192.29,500,192.36,100,192.3005,500
1981,0.5,0.2,0.3,20.28,09:45:20,192.27,200,192.34,500,192.3199,100
1985,0.5700000000000001,0.28,0.29,21.990000000000002,09:45:21,192.27,200,192.34,100,192.2705,100
2009,0.43,0.21,0.22,31.820000000000007,09:45:31,192.43,300,192.48,200,192.46,120
2020,0.47,0.26,0.21,36.07000000000002,09:45:36,192.44,100,192.5,800,192.4703,100
2041,0.5700000000000001,0.25,0.32,44.12000000000002,09:45:44,192.58,100,192.65,200,192.5933,300
2052,0.39,0.15,0.24,48.11000000000002,09:45:48,192.58,100,192.66,400,192.612,1000
2056,0.51,0.28,0.23,49.86000000000002,09:45:49,192.58,100,192.63,300,192.6099,300
2066,0.43,0.14,0.29,53.740000000000016,09:45:53,192.58,200,192.63,300,192.625,394
2067,0.47,0.18,0.29,54.210000000000015,09:45:54,192.6,200,192.66,500,192.6299,200
2087,0.56,0.27,0.29,1.9100000000000001,09:46:01,192.69,100,192.75,1400,192.74,500
2107,2.08,1.85,0.23,11.12,09:46:11,192.65,400,192.71,200,192.6722,320
2108,0.3,0.08,0.22,11.42,09:46:11,192.65,400,192.71,200,192.6896,100
2110,0.37,0.1,0.27,12.129999999999999,09:46:12,192.7,400,192.76,100,192.7338,500
2115,0.34,0.08,0.26,15.86,09:46:15,192.76,400,192.82,400,192.761,100
2119,0.44000000000000006,0.1,0.34,21.790000000000003,09:46:21,192.67,200,192.74,400,192.67,5000
2124,0.31,0.09,0.22,23.840000000000003,09:46:23,192.65,200,192.73,200,192.73,100
2135,0.41000000000000003,0.2,0.21,27.990000000000002,09:46:27,192.66,500,192.73,200,192.7111,925
2145,0.32,0.14,0.18,31.740000000000006,09:46:31,192.7,100,192.8,400,192.7649,135
2158,0.32999999999999996,0.09,0.24,36.05000000000001,09:46:36,192.78,1000,192.82,200,192.7864,100
2163,0.33,0.07,0.26,37.78000000000001,09:46:37,192.77,500,192.82,100,192.7875,1000
2174,0.43000000000000005,0.23,0.2,42.05000000000002,09:46:42,192.76,200,192.82,100,192.766,100
2185,0.39,0.18,0.21,45.910000000000025,09:46:45,192.8,200,192.86,200,192.8599,125
2221,0.44,0.22,0.22,58.140000000000036,09:46:58,192.86,500,192.92,200,192.9054,450
2227,0.25,0.07,0.18,0.0,09:47:00,192.9,100,192.97,400,192.9445,500
2242,0.3,0.08,0.22,5.11,09:47:05,192.94,100,192.99,100,192.965,197
2250,0.4,0.21,0.19,8.08,09:47:08,192.85,600,192.91,100,192.8944,145
2255,0.26,0.08,0.18,10.06,09:47:10,192.84,500,192.9,200,192.8666,300
2257,4.91,4.57,0.34,15.370000000000001,09:47:15,192.82,300,192.9,300,192.8828,1000
2259,0.29,0.08,0.21,16.1,09:47:16,192.82,400,192.9,300,192.8501,1000
2263,1.56,1.22,0.34,18.969999999999995,09:47:18,192.85,200,192.9,200,192.892,200
2283,0.46,0.23,0.23,25.999999999999993,09:47:25,192.98,300,193.05,600,193.03,100
2289,0.31,0.08,0.23,27.989999999999995,09:47:27,192.97,200,193.05,500,192.9915,400
2300,0.54,0.2,0.34,32.56999999999999,09:47:32,192.94,300,192.98,600,192.9778,100
2304,0.44,0.18,0.26,34.249999999999986,09:47:34,192.94,200,192.98,600,192.9736,200
2328,0.3,0.09,0.21,42.06999999999999,09:47:42,192.95,500,193.01,100,192.9501,7250
2334,0.6499999999999999,0.24,0.41,44.67999999999999,09:47:44,192.92,900,193.0,300,192.928,3600
2343,0.5900000000000001,0.27,0.32,48.38999999999999,09:47:48,192.9,600,193.0,800,192.9606,100
2358,0.36000000000000004,0.08,0.28,54.33999999999999,09:47:54,192.92,400,193.0,300,192.916,100
2373,0.39,0.2,0.19,0.0,09:48:00,193.02,100,193.05,500,193.035,100
2389,0.31,0.09,0.22,5.930000000000001,09:48:05,192.91,100,192.97,100,192.9412,250
2405,0.63,0.25,0.38,14.330000000000002,09:48:14,192.91,100,192.97,400,192.93099999999998,500
2423,0.37,0.14,0.23,23.729999999999997,09:48:23,192.81,400,192.89,200,192.8493,1000
2436,0.25,0.08,0.17,27.939999999999994,09:48:27,192.82,400,192.9,300,192.8664,148
2453,0.43000000000000005,0.23,0.2,34.01,09:48:34,192.83,300,192.89,500,192.83700000000002,100
2469,0.37,0.09,0.28,40.04999999999999,09:48:40,192.83,100,192.9,500,192.88400000000001,173
2502,0.25,0.07,0.18,51.68,09:48:51,192.79,400,192.87,900,192.835,1200
2519,0.44,0.14,0.3,57.930000000000014,09:48:57,192.8,100,192.86,400,192.8205,200
2528,0.48000000000000004,0.2,0.28,1.6800000000000002,09:49:01,192.79,100,192.83,200,192.79,500
2533,0.51,0.15,0.36,3.6800000000000006,09:49:03,192.77,100,192.82,100,192.8305,100
2542,1.92,1.56,0.36,9.350000000000001,09:49:09,192.74,100,192.78,400,192.74900000000002,1400
2549,4.069999999999999,3.78,0.29,18.07,09:49:18,192.66,300,192.71,200,192.6605,100
2550,2.28,1.94,0.34,20.35,09:49:20,192.7,500,192.74,100,192.72400000000002,200
2554,0.4,0.21,0.19,21.66,09:49:21,192.69,1000,192.74,100,192.7332,100
2559,0.37,0.09,0.28,23.630000000000003,09:49:23,192.66,100,192.7,400,192.6946,200
2569,0.66,0.23,0.43,28.150000000000002,09:49:28,192.69,1000,192.74,200,192.7372,500
2577,0.4,0.07,0.33,31.84,09:49:31,192.68,100,192.72,400,192.7238,100
2581,0.44,0.2,0.24,33.63999999999999,09:49:33,192.68,100,192.72,400,192.7048,100
2599,0.44,0.2,0.24,41.68999999999999,09:49:41,192.68,100,192.73,100,192.6885,100
2610,0.32,0.08,0.24,45.63999999999999,09:49:45,192.77,100,192.82,200,192.796,300
2616,0.33,0.07,0.26,47.74,09:49:47,192.73,200,192.79,900,192.7414,125
2627,0.30000000000000004,0.07,0.23,51.53000000000001,09:49:51,192.76,100,192.82,500,192.7997,300
2667,0.5499999999999999,0.08,0.47,8.110000000000001,09:50:08,192.84,1200,192.89,300,192.8592,450
2671,0.44,0.12,0.32,13.200000000000001,09:50:13,192.85,400,192.92,200,192.9029,250
2673,0.45,0.12,0.33,14.040000000000001,09:50:14,192.86,400,192.92,100,192.8972,100
2677,0.45999999999999996,0.21,0.25,16.03,09:50:16,192.84,200,192.89,200,192.8841,1010
2683,3.7800000000000002,3.45,0.33,21.87,09:50:21,192.78,500,192.84,100,192.7801,200
2684,0.37,0.17,0.2,22.240000000000002,09:50:22,192.8,900,192.84,100,192.8249,100
2695,0.28,0.07,0.21,25.92,09:50:25,192.78,500,192.83,300,192.78,200
2700,0.27,0.07,0.2,28.060000000000002,09:50:28,192.77,400,192.83,600,192.7911,500
2755,0.28,0.07,0.21,53.51000000000002,09:50:53,192.69,100,192.72,500,192.7159,200
2801,3.3499999999999996,3.01,0.34,14.869999999999997,09:51:14,192.66,400,192.69,100,192.6769,125
2836,0.44,0.2,0.24,29.990000000000002,09:51:29,192.7,300,192.73,100,192.7162,200
2858,0.29,0.08,0.21,37.96999999999999,09:51:37,192.66,500,192.7,100,192.675,100
2891,0.29,0.08,0.21,49.829999999999984,09:51:49,192.65,200,192.72,1100,192.7141,259
2896,0.30000000000000004,0.07,0.23,51.829999999999984,09:51:51,192.65,200,192.73,1100,192.68900000000002,200
2911,0.32,0.08,0.24,58.019999999999975,09:51:58,192.66,500,192.73,600,192.695,180
2927,0.32,0.07,0.25,1.7300000000000002,09:52:01,192.72,100,192.78,100,192.74400000000003,130
2941,3.5,3.25,0.25,12.650000000000002,09:52:12,192.88,700,192.93,700,192.9152,625
2966,0.25,0.08,0.17,21.96,09:52:21,192.91,400,192.95,1600,192.9325,1000
2992,0.39,0.19,0.2,29.950000000000003,09:52:29,192.91,900,192.96,200,192.9381,200
3004,0.26,0.07,0.19,34.0,09:52:34,193.04,200,193.09,200,193.0872,400
3018,0.36,0.07,0.29,40.13,09:52:40,193.07,100,193.11,100,193.11,100
3042,0.57,0.21,0.36,48.290000000000006,09:52:48,193.13,100,193.19,500,193.165,100
3047,0.41000000000000003,0.18,0.23,50.06000000000001,09:52:50,193.11,100,193.17,200,193.14,100
3053,0.44,0.23,0.21,52.03000000000001,09:52:52,193.12,300,193.19,300,193.1445,1200
3065,0.32999999999999996,0.12,0.21,56.05,09:52:56,193.13,200,193.2,2300,193.1706,500
3087,3.0,2.81,0.19,9.41,09:53:09,193.21,100,193.25,1200,193.2248,600
3088,0.42,0.18,0.24,9.83,09:53:09,193.11,100,193.16,100,193.13,100
3093,3.09,2.82,0.27,14.209999999999999,09:53:14,193.13,100,193.18,200,193.1499,800
3098,0.28,0.07,0.21,15.669999999999998,09:53:15,193.13,100,193.18,200,193.1581,400
3106,0.75,0.54,0.21,20.21,09:53:20,193.18,400,193.22,200,193.1962,500
3111,0.29000000000000004,0.09,0.2,21.8,09:53:21,193.2,100,193.24,100,193.24,100
3116,0.44,0.23,0.21,23.810000000000002,09:53:23,193.2,100,193.24,100,193.2181,250
3121,0.37,0.19,0.18,25.640000000000004,09:53:25,193.2,500,193.24,300,193.23,100
3127,0.3,0.09,0.21,27.780000000000005,09:53:27,193.22,100,193.27,2600,193.25,100
3140,0.34,0.17,0.17,31.650000000000002,09:53:31,193.02,100,193.09,500,193.055,100
3146,0.36,0.18,0.18,33.63,09:53:33,193.03,200,193.07,100,193.08,200
3158,0.42,0.24,0.18,37.73,09:53:37,193.05,200,193.11,200,193.0865,393
3172,0.31,0.13,0.18,41.84999999999998,09:53:41,193.12,100,193.17,600,193.16099999999997,200
3177,0.43,0.22,0.21,43.82999999999998,09:53:43,193.12,100,193.17,100,193.149,200
3189,0.44,0.23,0.21,47.779999999999966,09:53:47,193.12,900,193.17,100,193.16,100
3194,0.55,0.22,0.33,49.58999999999996,09:53:49,193.12,300,193.17,100,193.138,1000
3195,0.39,0.22,0.17,49.97999999999996,09:53:49,193.12,300,193.17,100,193.1532,356
3214,0.24000000000000002,0.07,0.17,55.72999999999997,09:53:55,193.2,200,193.24,500,193.2001,500
3220,0.23,0.07,0.16,57.54999999999996,09:53:57,193.18,400,193.23,300,193.22,100
3233,0.35,0.09,0.26,1.81,09:54:01,193.14,500,193.19,500,193.1626,100
3234,0.34,0.08,0.26,2.15,09:54:02,193.14,500,193.19,300,193.1892,100
3237,2.25,2.07,0.18,5.18,09:54:05,193.14,500,193.19,300,193.1674,100
3239,0.31,0.12,0.19,7.7299999999999995,09:54:07,193.14,500,193.19,100,193.19,161
3243,0.27,0.07,0.2,14.690000000000001,09:54:14,193.14,600,193.18,500,193.15599999999998,2000
3244,3.73,3.54,0.19,18.42,09:54:18,193.18,600,193.22,100,193.188,100
3261,0.45,0.27,0.18,24.060000000000006,09:54:24,193.16,100,193.2,1000,193.176,1100
3266,0.43000000000000005,0.26,0.17,25.76000000000001,09:54:25,193.16,100,193.2,1000,193.1823,100
3287,0.24000000000000002,0.07,0.17,31.73,09:54:31,193.21,300,193.22,100,193.2136,300
3295,0.27,0.08,0.19,34.02,09:54:34,193.16,400,193.21,200,193.1881,150
3312,0.43,0.24,0.19,40.1,09:54:40,193.21,500,193.25,800,193.2134,100
3317,0.39,0.21,0.18,41.870000000000005,09:54:41,193.24,100,193.27,2200,193.2569,400
3323,0.27,0.08,0.19,43.88000000000001,09:54:43,193.26,400,193.29,1000,193.27,892
3336,0.38,0.21,0.17,47.87000000000002,09:54:47,193.25,700,193.29,1000,193.29,100
3342,0.33,0.17,0.16,49.75000000000002,09:54:49,193.25,800,193.29,900,193.253,925
3349,0.39,0.2,0.19,51.83000000000003,09:54:51,193.25,700,193.29,600,193.2806,900
3354,0.44999999999999996,0.21,0.24,53.90000000000003,09:54:53,193.22,400,193.28,300,193.245,200
3360,0.41000000000000003,0.21,0.2,55.79000000000003,09:54:55,193.26,300,193.29,500,193.28,100
3372,0.26,0.09,0.17,0.0,09:55:00,193.29,500,193.32,200,193.3,100
3373,0.43,0.25,0.18,0.43,09:55:00,193.27,600,193.3,100,193.2999,100
3378,0.35,0.12,0.23,2.14,09:55:02,193.3,600,193.33,200,193.33,100
3384,0.4,0.1,0.3,4.3,09:55:04,193.25,200,193.3,700,193.2501,124
3387,1.64,1.43,0.21,6.67,09:55:06,193.25,200,193.29,100,193.264,1000
3390,2.81,2.46,0.35,11.3,09:55:11,193.25,200,193.29,200,193.2659,300
3398,0.33999999999999997,0.13,0.21,14.119999999999997,09:55:14,193.18,100,193.22,100,193.18400000000003,2200
3406,0.48,0.19,0.29,18.209999999999997,09:55:18,193.18,100,193.22,300,193.21599999999998,500
3418,0.4,0.07,0.33,24.189999999999994,09:55:24,193.11,400,193.17,700,193.1436,200
3429,0.43,0.18,0.25,28.109999999999992,09:55:28,193.11,100,193.16,800,193.145,200
3448,0.45,0.25,0.2,36.22,09:55:36,193.04,500,193.1,100,193.06400000000002,500
3453,0.38,0.08,0.3,37.94,09:55:37,193.04,500,193.1,100,193.0729,200
3464,0.28,0.07,0.21,42.15,09:55:42,193.05,100,193.1,100,193.077,100
3495,0.42000000000000004,0.19,0.23,54.320000000000014,09:55:54,192.93,700,192.99,800,192.959,927
3509,0.5,0.26,0.24,0.0,09:56:00,192.93,400,192.97,100,192.9561,1000
3538,1.61,1.37,0.24,16.790000000000003,09:56:16,192.66,500,192.74,800,192.735,100
3540,1.38,1.03,0.35,18.560000000000002,09:56:18,192.66,100,192.73,100,192.7064,500
3543,0.91,0.66,0.25,20.380000000000003,09:56:20,192.69,300,192.74,700,192.715,100
3548,0.27,0.07,0.2,21.87,09:56:21,192.66,500,192.74,1700,192.6905,200
3558,0.58,0.23,0.35,26.07,09:56:26,192.66,500,192.72,300,192.6996,200
3568,0.55,0.21,0.34,30.299999999999997,09:56:30,192.63,300,192.7,1000,192.6636,500
3576,0.37,0.07,0.3,33.91,09:56:33,192.63,100,192.69,500,192.6654,500
3586,0.36,0.09,0.27,38.03999999999999,09:56:38,192.63,400,192.69,600,192.6638,100
3592,0.36,0.19,0.17,39.999999999999986,09:56:39,192.63,400,192.69,600,192.6402,1000
3646,0.33999999999999997,0.13,0.21,57.86000000000001,09:56:57,192.68,200,192.71,200,192.6877,506
3663,0.28,0.07,0.21,4.12,09:57:04,192.68,100,192.71,100,192.7056,500
3667,3.57,3.32,0.25,8.85,09:57:08,192.7,200,192.71,300,192.7062,100
3693,0.29000000000000004,0.07,0.22,25.860000000000003,09:57:25,192.52,100,192.58,300,192.5599,100
3700,0.33,0.14,0.19,27.92,09:57:27,192.44,5000,192.5,300,192.4402,100
3707,0.29,0.08,0.21,29.81,09:57:29,192.47,100,192.55,200,192.5163,300
3718,0.37,0.17,0.2,34.21,09:57:34,192.46,500,192.5,100,192.4828,105
3753,0.28,0.1,0.18,45.95,09:57:45,192.41,100,192.44,2000,192.43099999999998,300
3766,0.28,0.08,0.2,50.12,09:57:50,192.41,100,192.44,100,192.4289,513
3778,0.26,0.07,0.19,54.03,09:57:54,192.3,2500,192.38,100,192.38099999999997,257
3807,0.37,0.18,0.19,3.9699999999999998,09:58:03,192.29,100,192.36,100,192.3334,200
3812,0.26,0.07,0.19,8.059999999999999,09:58:08,192.32,100,192.44,200,192.4388,5000
3814,2.37,2.09,0.28,12.11,09:58:12,192.39,100,192.47,500,192.4372,250
3816,2.62,2.27,0.35,15.73,09:58:15,192.44,4500,192.51,300,192.4778,150
3817,0.25,0.09,0.16,15.98,09:58:15,192.55,100,192.62,1100,192.605,100
3820,2.8000000000000003,2.64,0.16,21.700000000000003,09:58:21,192.59,100,192.66,1100,192.655,100
3821,0.39,0.23,0.16,22.090000000000003,09:58:22,192.59,100,192.66,300,192.618,175
3839,0.37,0.2,0.17,27.910000000000004,09:58:27,192.57,200,192.65,1100,192.6138,1000
3908,0.3,0.09,0.21,52.04,09:58:52,192.5,600,192.58,100,192.57,100
3918,0.32,0.12,0.2,55.99,09:58:55,192.51,400,192.61,400,192.575,100
3924,0.36,0.19,0.17,58.03,09:58:58,192.53,500,192.61,400,192.5861,1000
3955,0.39,0.22,0.17,10.85,09:59:10,192.45,200,192.5,300,192.4626,300
3978,0.26,0.08,0.18,20.17,09:59:20,192.43,100,192.51,200,192.4578,250
3990,0.25,0.07,0.18,24.020000000000003,09:59:24,192.45,200,192.5,100,192.4484,1000
3996,0.24000000000000002,0.07,0.17,26.02,09:59:26,192.45,200,192.5,200,192.468,500
4014,0.34,0.17,0.17,32.160000000000004,09:59:32,192.52,500,192.59,400,192.5522,100
4028,0.4,0.23,0.17,36.250000000000014,09:59:36,192.52,500,192.59,400,192.5201,482
4034,0.4,0.23,0.17,38.110000000000014,09:59:38,192.54,200,192.61,100,192.52,1300
4050,0.43000000000000005,0.2,0.23,44.460000000000015,09:59:44,192.47,100,192.62,1100,192.5534,250
4060,0.55,0.22,0.33,48.47000000000002,09:59:48,192.48,200,192.62,1100,192.4801,1748
4065,0.43,0.25,0.18,50.12000000000001,09:59:50,192.5,100,192.62,1100,192.5275,600
4077,0.25,0.07,0.18,54.20000000000001,09:59:54,192.61,100,192.63,200,192.6101,628
4099,0.39,0.07,0.32,4.13,10:00:04,192.57,100,192.63,1200,192.5906,700
4129,0.41000000000000003,0.1,0.31,24.320000000000007,10:00:24,192.61,300,192.67,100,192.622,200
4169,0.32,0.07,0.25,42.40999999999999,10:00:42,192.62,1000,192.7,100,192.6502,500
4183,0.42,0.07,0.35,48.399999999999984,10:00:48,192.65,900,192.72,500,192.692,500
4196,0.74,0.17,0.57,56.49999999999998,10:00:56,192.73,400,192.79,100,192.7433,200
4199,0.48000000000000004,0.08,0.4,58.39999999999997,10:00:58,192.65,700,192.74,500,192.7006,500
4218,0.6799999999999999,0.43,0.25,7.77,10:01:07,192.67,100,192.72,400,192.6964,1000
4221,2.69,2.36,0.33,11.209999999999999,10:01:11,192.66,100,192.72,400,192.6505,500
4223,0.41000000000000003,0.18,0.23,13.82,10:01:13,192.67,100,192.72,700,192.6732,2000
4245,0.29000000000000004,0.07,0.22,23.660000000000004,10:01:23,192.68,100,192.71,100,192.6953,100
4262,0.25,0.07,0.18,29.470000000000002,10:01:29,192.66,100,192.69,100,192.67700000000002,100
4274,0.25,0.07,0.18,33.440000000000005,10:01:33,192.61,100,192.66,100,192.6195,200
4286,0.3,0.12,0.18,37.47000000000001,10:01:37,192.61,100,192.67,200,192.6465,500
4300,0.36,0.19,0.17,41.590000000000025,10:01:41,192.59,1100,192.67,100,192.6229,250
4330,0.28,0.08,0.2,51.47000000000004,10:01:51,192.65,100,192.69,100,192.6652,700
4347,0.37,0.19,0.18,57.48000000000005,10:01:57,192.6,200,192.66,200,192.632,245
4373,5.0600000000000005,4.79,0.27,10.74,10:02:10,192.65,500,192.7,300,192.6783,100
4398,0.4,0.2,0.2,23.979999999999993,10:02:23,192.77,600,192.79,100,192.7711,100
4410,0.38,0.09,0.29,28.239999999999988,10:02:28,192.78,700,192.81,5100,192.8025,500
4438,0.32,0.08,0.24,38.029999999999994,10:02:38,192.77,300,192.81,100,192.8238,1000
4449,0.33,0.14,0.19,41.92,10:02:41,192.77,200,192.81,800,192.8019,465
4462,0.56,0.25,0.31,46.31000000000002,10:02:46,192.7,100,192.78,400,192.7001,100
4473,0.25,0.08,0.17,49.91000000000001,10:02:49,192.71,100,192.78,100,192.7668,100
4478,0.34,0.08,0.26,52.09000000000002,10:02:52,192.71,100,192.78,100,192.77900000000002,100
4483,0.5,0.23,0.27,53.920000000000016,10:02:53,192.71,100,192.78,100,192.7457,100
4494,0.36,0.12,0.24,0.0,10:03:00,192.8,100,192.82,200,192.80200000000002,1100
4505,0.26,0.07,0.19,3.75,10:03:03,192.75,500,192.8,300,192.7781,100
4514,1.45,1.22,0.23,7.870000000000002,10:03:07,192.7,500,192.79,400,192.7378,100
4525,0.30000000000000004,0.1,0.2,11.770000000000003,10:03:11,192.66,100,192.75,400,192.6813,129
4557,0.39,0.21,0.18,27.910000000000004,10:03:27,192.7,100,192.75,100,192.732,500
4602,0.4,0.23,0.17,41.910000000000004,10:03:41,192.81,100,192.84,5000,192.8262,300
4615,0.38,0.18,0.2,45.67,10:03:45,192.8,200,192.84,5000,192.8216,200
4675,0.32,0.07,0.25,14.250000000000002,10:04:14,192.8,900,192.85,500,192.8274,100
4691,0.26,0.07,0.19,22.14,10:04:22,192.82,100,192.88,400,192.84099999999998,100
4707,0.39,0.11,0.28,28.380000000000003,10:04:28,192.82,100,192.88,500,192.8588,1000
4742,0.5700000000000001,0.27,0.3,42.279999999999994,10:04:42,192.71,100,192.78,800,192.7201,100
4774,0.53,0.2,0.33,54.44999999999999,10:04:54,192.79,400,192.86,200,192.81799999999998,1159
4850,0.3,0.08,0.22,31.759999999999998,10:05:31,192.71,200,192.79,200,192.768,382
4857,0.4,0.22,0.18,34.0,10:05:34,192.71,1100,192.79,200,192.7564,500
4891,0.39,0.14,0.25,45.87999999999998,10:05:45,192.78,200,192.84,200,192.8399,2000
4896,0.30000000000000004,0.07,0.23,47.879999999999974,10:05:47,192.78,100,192.83,100,192.8299,500
4912,0.42,0.24,0.18,54.039999999999964,10:05:54,192.74,200,192.79,200,192.7525,500
4922,0.39,0.22,0.17,57.71999999999997,10:05:57,192.74,100,192.79,300,192.7767,2400
4928,0.37,0.19,0.18,0.0,10:06:00,192.75,100,192.79,200,192.7756,500
4939,1.7,1.53,0.17,7.920000000000001,10:06:07,192.76,100,192.8,100,192.8002,1330
4940,0.23,0.07,0.16,8.15,10:06:08,192.76,100,192.8,100,192.78400000000002,400
4949,0.38,0.21,0.17,11.870000000000003,10:06:11,192.78,200,192.82,400,192.78799999999998,180
4956,0.25,0.08,0.17,22.000000000000004,10:06:22,192.68,100,192.71,500,192.6808,100
4970,0.24,0.08,0.16,26.049999999999994,10:06:26,192.71,100,192.75,400,192.7277,200
4976,0.31,0.09,0.22,27.919999999999995,10:06:27,192.71,100,192.76,1200,192.727,400
5031,0.36,0.18,0.18,47.980000000000025,10:06:47,192.54,400,192.6,100,192.5435,500
5037,0.3,0.09,0.21,49.90000000000002,10:06:49,192.54,400,192.6,100,192.5656,200
5044,0.24000000000000002,0.07,0.17,52.000000000000014,10:06:52,192.54,400,192.6,100,192.554,500
5077,0.28,0.07,0.21,2.8500000000000005,10:07:02,192.54,300,192.58,400,192.576,500
5084,1.94,1.74,0.2,6.93,10:07:06,192.54,300,192.58,300,192.5547,500
5089,0.27,0.09,0.18,8.42,10:07:08,192.59,600,192.63,100,192.607,251
5090,3.37,3.18,0.19,11.79,10:07:11,192.59,100,192.64,200,192.6296,5000
5091,2.15,1.85,0.3,13.94,10:07:13,192.57,400,192.61,900,192.59,100
5116,0.26,0.07,0.19,25.030000000000005,10:07:25,192.61,300,192.66,1000,192.6119,499
5125,0.38,0.18,0.2,27.960000000000008,10:07:27,192.61,300,192.66,200,192.65599999999998,2000
5131,0.55,0.24,0.31,30.370000000000008,10:07:30,192.61,300,192.66,200,192.637,375
5136,0.36,0.18,0.18,32.25000000000001,10:07:32,192.62,100,192.66,200,192.628,100
5174,0.25,0.07,0.18,45.84,10:07:45,192.68,400,192.73,100,192.7016,500
5181,0.27,0.08,0.19,48.100000000000016,10:07:48,192.68,400,192.73,100,192.7135,500
5207,0.31,0.12,0.19,55.910000000000025,10:07:55,192.64,100,192.68,400,192.668,100
5233,0.33999999999999997,0.18,0.16,4.05,10:08:04,192.7,100,192.74,500,192.725,100
5239,0.37,0.21,0.16,6.19,10:08:06,192.71,200,192.74,200,192.7104,3318
5245,3.9699999999999998,3.65,0.32,11.75,10:08:11,192.72,100,192.74,200,192.7399,100
5273,0.34,0.07,0.27,24.1,10:08:24,192.7,400,192.73,100,192.7149,100
5283,0.36,0.13,0.23,28.07,10:08:28,192.71,500,192.74,300,192.7299,1500
5305,0.48,0.21,0.27,35.99,10:08:35,192.69,300,192.73,100,192.7228,500
5326,0.33,0.08,0.25,44.09000000000001,10:08:44,192.7,100,192.73,500,192.7292,250
5349,0.30000000000000004,0.07,0.23,52.08000000000001,10:08:52,192.72,500,192.75,100,192.7394,150
5361,0.29000000000000004,0.07,0.22,55.900000000000006,10:08:55,192.73,500,192.77,300,192.7519,300
5383,0.8999999999999999,0.59,0.31,12.070000000000002,10:09:12,192.75,100,192.79,500,192.773,200
5386,2.83,2.65,0.18,15.490000000000002,10:09:15,192.75,300,192.79,500,192.7709,300
5396,0.28,0.08,0.2,21.790000000000006,10:09:21,192.72,500,192.76,200,192.737,1000
5463,0.26,0.1,0.16,0.26,10:12:00,192.52,100,192.56,100,192.5501,900
5471,0.38,0.21,0.17,2.5,10:12:02,192.52,100,192.55,100,192.523,900
5513,0.44,0.19,0.25,16.490000000000002,10:12:16,192.46,500,192.51,100,192.476,1000
5537,0.5800000000000001,0.26,0.32,25.610000000000014,10:12:25,192.51,900,192.54,200,192.5199,100
5540,0.26,0.08,0.18,26.410000000000018,10:12:26,192.52,200,192.54,100,192.5274,305
5557,0.35000000000000003,0.07,0.28,4.1499999999999995,10:13:04,192.6,200,192.62,200,192.6001,100
5559,1.82,1.57,0.25,6.64,10:13:06,192.57,400,192.6,100,192.5994,1000
5597,0.25,0.07,0.18,28.009999999999994,10:13:28,192.49,100,192.52,100,192.47099999999998,100
5703,0.31000000000000005,0.14,0.17,3.9499999999999997,10:14:03,192.3,3400,192.32,100,192.31400000000002,700
5722,3.47,3.24,0.23,20.97,10:14:20,192.26,100,192.31,300,192.2812,520
5725,0.39,0.22,0.17,21.97,10:14:21,192.26,100,192.32,500,192.2898,300
5737,0.44000000000000006,0.27,0.17,26.16,10:14:26,192.26,900,192.32,200,192.28400000000002,200
5743,0.4,0.21,0.19,28.109999999999996,10:14:28,192.26,100,192.33,400,192.2967,300
5759,0.27,0.07,0.2,33.9,10:14:33,192.32,100,192.37,400,192.3488,300
5772,0.23,0.07,0.16,37.91,10:14:37,192.28,100,192.34,100,192.315,100
5812,0.41000000000000003,0.24,0.17,50.010000000000026,10:14:50,192.23,300,192.27,500,192.2473,200
5819,0.39,0.21,0.18,52.27000000000002,10:14:52,192.06,100,192.12,200,192.06,100
5837,0.30000000000000004,0.07,0.23,58.18000000000001,10:14:58,191.98,300,192.0,100,191.995,100
5849,0.49,0.22,0.27,2.38,10:15:02,191.98,200,192.03,1000,192.0148,250
5853,0.29000000000000004,0.07,0.22,5.7299999999999995,10:15:05,191.98,200,192.03,1000,192.0238,500
5855,0.27,0.08,0.19,6.289999999999999,10:15:06,191.98,200,192.02,100,192.00099999999998,100
5862,0.26,0.08,0.18,11.36,10:15:11,192.02,100,192.08,500,192.07,220
5865,3.1599999999999997,2.82,0.34,16.89,10:15:16,192.09,100,192.16,500,192.15,100
5868,0.68,0.22,0.46,18.37,10:15:18,192.15,4900,192.22,400,192.1875,300
5874,0.44999999999999996,0.21,0.24,22.529999999999998,10:15:22,192.16,800,192.22,100,192.2026,500
5883,0.45,0.22,0.23,26.109999999999996,10:15:26,192.16,100,192.22,200,192.178,300
5907,0.37,0.18,0.19,34.199999999999996,10:15:34,192.1,300,192.16,100,192.139,150
5933,0.31,0.15,0.16,42.34000000000001,10:15:42,192.2,200,192.26,1100,192.2146,558
5953,0.24,0.08,0.16,48.090000000000025,10:15:48,192.22,600,192.27,200,192.2575,100
6008,0.4,0.22,0.18,6.1400000000000015,10:16:06,192.22,100,192.26,100,192.2201,100
6018,0.26,0.08,0.18,13.430000000000001,10:16:13,192.21,500,192.26,200,192.235,200
6020,2.12,1.91,0.21,15.790000000000003,10:16:15,192.27,200,192.29,200,192.2586,100
6024,0.24000000000000002,0.07,0.17,16.77,10:16:16,192.32,200,192.35,500,192.334,100
6030,1.88,1.53,0.35,21.64,10:16:21,192.3,100,192.34,500,192.3045,600
6043,0.4,0.22,0.18,25.989999999999995,10:16:25,192.27,600,192.32,200,192.3295,250
6055,0.27,0.09,0.18,29.849999999999998,10:16:29,192.27,100,192.3,100,192.3048,100
6117,0.39,0.2,0.19,49.97000000000002,10:16:49,192.43,200,192.47,200,192.4692,200
6122,0.63,0.24,0.39,52.08000000000002,10:16:52,192.43,100,192.47,300,192.4468,1000
6133,0.33,0.08,0.25,55.86000000000002,10:16:55,192.43,200,192.47,200,192.4469,600
6164,0.32999999999999996,0.12,0.21,14.290000000000001,10:17:14,192.35,100,192.4,100,192.3892,100
6191,0.29000000000000004,0.07,0.22,27.910000000000004,10:17:27,192.39,1000,192.43,200,192.3846,150
6207,0.33999999999999997,0.15,0.19,34.15000000000001,10:17:34,192.35,100,192.41,200,192.3716,1000
6218,0.31,0.08,0.23,37.940000000000026,10:17:37,192.37,200,192.42,200,192.375,700
6253,0.53,0.22,0.31,50.16000000000003,10:17:50,192.42,300,192.48,5000,192.438,100
6271,0.69,0.24,0.45,0.0,10:18:00,192.43,100,192.46,500,192.4486,100
6289,0.37,0.18,0.19,8.809999999999999,10:18:08,192.4,200,192.45,300,192.418,300
6292,1.16,0.95,0.21,14.649999999999999,10:18:14,192.42,5000,192.45,200,192.421,200
6294,1.22,0.82,0.4,16.7,10:18:16,192.43,400,192.46,500,192.4492,520
6307,0.41000000000000003,0.2,0.21,23.749999999999993,10:18:23,192.43,300,192.46,500,192.4424,600
6319,0.42000000000000004,0.23,0.19,0.42000000000000004,10:19:00,192.3,100,192.37,200,192.321,500
6411,0.36000000000000004,0.08,0.28,34.42,10:19:34,192.35,100,192.39,100,192.373,105
6454,0.43000000000000005,0.17,0.26,15.83,10:20:15,192.54,100,192.58,100,192.5625,300
6459,0.4,0.21,0.19,17.759999999999998,10:20:17,192.54,100,192.58,100,192.5538,698
6462,0.58,0.22,0.36,19.089999999999996,10:20:19,192.54,100,192.58,100,192.5713,1000
6464,0.55,0.19,0.36,19.979999999999997,10:20:19,192.52,100,192.54,100,192.50400000000002,818
6499,0.43,0.19,0.24,33.92000000000001,10:20:33,192.54,100,192.58,200,192.5699,260
6510,0.31,0.1,0.21,37.80000000000002,10:20:37,192.53,100,192.56,100,192.5559,100
6526,0.31,0.09,0.22,43.85000000000002,10:20:43,192.53,200,192.56,100,192.5425,150
6536,34.309999999999995,34.08,0.23,0.0,10:21:00,192.44,100,192.48,200,192.4432,2000
6542,0.32,0.08,0.24,2.07,10:21:02,192.45,300,192.48,100,192.4611,100
6555,0.43,0.11,0.32,8.11,10:21:08,192.4,500,192.44,200,192.425,100
6569,0.64,0.28,0.36,16.099999999999998,10:21:16,192.4,400,192.43,100,192.4001,2000
6573,0.47,0.1,0.37,18.409999999999993,10:21:18,192.4,400,192.44,100,192.415,250
6577,0.56,0.28,0.28,20.389999999999993,10:21:20,192.44,200,192.5,100,192.4736,118
6580,0.44,0.19,0.25,21.949999999999996,10:21:21,192.47,100,192.51,100,192.484,200
6585,0.31,0.07,0.24,23.889999999999997,10:21:23,192.47,100,192.51,100,192.4911,200
6593,0.58,0.17,0.41,28.019999999999996,10:21:28,192.45,100,192.49,200,192.4718,100
6597,0.64,0.09,0.55,30.489999999999995,10:21:30,192.4,400,192.44,200,192.4299,271
6622,2.64,2.23,0.41,10.22,10:22:10,192.4,200,192.44,300,192.42700000000002,2000
6631,0.49,0.08,0.41,16.150000000000002,10:22:16,192.37,100,192.42,100,192.395,600
6651,0.45,0.18,0.27,28.000000000000007,10:22:28,192.44,100,192.48,1000,192.479,100
6667,0.67,0.28,0.39,36.20000000000002,10:22:36,192.39,100,192.44,800,192.4244,100
6681,0.56,0.24,0.32,44.230000000000025,10:22:44,192.33,200,192.38,200,192.3425,300
6689,0.37,0.09,0.28,47.87000000000002,10:22:47,192.3,1000,192.34,100,192.3194,100
6699,0.49,0.22,0.27,51.85000000000002,10:22:51,192.3,1100,192.34,100,192.33900000000003,200
6714,0.33999999999999997,0.09,0.25,57.90000000000002,10:22:57,192.33,1200,192.35,100,192.3301,100
6719,0.49,0.27,0.22,0.0,10:23:00,192.3,1000,192.34,100,192.3136,500
6734,2.37,1.92,0.45,13.829999999999998,10:23:13,192.36,100,192.39,100,192.3699,644
6742,0.53,0.24,0.29,21.97,10:23:21,192.32,500,192.38,800,192.3623,651
6751,0.44999999999999996,0.24,0.21,25.91,10:23:25,192.33,100,192.35,1000,192.342,200
6757,0.43,0.21,0.22,27.990000000000002,10:23:27,192.33,100,192.35,1000,192.3499,500
6854,0.25,0.07,0.18,0.0,10:24:00,192.47,400,192.51,400,192.495,100
6879,0.57,0.21,0.36,20.470000000000002,10:24:20,192.55,300,192.6,1700,192.567,698
6883,0.43000000000000005,0.2,0.23,22.16,10:24:22,192.54,400,192.58,100,192.5866,200
6888,0.34,0.08,0.26,24.18,10:24:24,192.52,100,192.56,200,192.543,200
6892,0.63,0.23,0.4,26.089999999999996,10:24:26,192.51,500,192.56,200,192.5433,200
6905,0.5,0.18,0.32,32.00999999999999,10:24:32,192.51,500,192.56,200,192.5363,100
6914,0.43000000000000005,0.2,0.23,36.039999999999985,10:24:36,192.51,400,192.56,200,192.5164,2000
6965,0.91,0.27,0.64,0.0,10:25:00,192.48,500,192.52,300,192.519,2000
6971,1.1099999999999999,0.84,0.27,3.55,10:25:03,192.48,500,192.52,200,192.5011,200
6987,0.74,0.27,0.47,17.929999999999996,10:25:17,192.5,100,192.53,200,192.525,400
7017,0.48000000000000004,0.2,0.28,31.889999999999997,10:25:31,192.51,200,192.54,100,192.52200000000002,200
7020,0.44,0.18,0.26,33.53999999999999,10:25:33,192.5,700,192.53,800,192.515,200
7043,0.46,0.19,0.27,43.509999999999984,10:25:43,192.56,100,192.59,900,192.5771,1257
7071,0.41000000000000003,0.2,0.21,55.81999999999995,10:25:55,192.51,900,192.58,500,192.5469,100
7127,0.48,0.21,0.27,25.780000000000012,10:26:25,192.52,400,192.58,100,192.52599999999998,100
7146,0.44,0.07,0.37,33.730000000000004,10:26:33,192.53,100,192.58,400,192.555,300
7171,0.44,0.13,0.31,46.11,10:26:46,192.5,200,192.54,1200,192.5008,128
7185,37.42,37.15,0.27,0.0,10:27:00,192.68,400,192.75,300,192.75099999999998,620
7222,0.4,0.2,0.2,12.930000000000003,10:27:12,192.68,500,192.75,400,192.7087,520
7237,0.47000000000000003,0.2,0.27,19.17,10:27:19,192.7,200,192.77,500,192.7024,107
7252,0.4,0.18,0.22,24.950000000000003,10:27:24,192.79,100,192.83,400,192.8048,100
7264,0.33,0.11,0.22,3.7,10:28:03,192.82,300,192.87,100,192.8416,400
7285,0.99,0.75,0.24,14.76,10:28:14,192.78,300,192.83,300,192.8043,750
7293,0.25,0.08,0.17,19.83,10:28:19,192.77,200,192.81,200,192.8099,200
7318,0.31,0.12,0.19,27.779999999999998,10:28:27,192.75,200,192.8,300,192.7637,500
7324,0.43000000000000005,0.2,0.23,29.939999999999998,10:28:29,192.75,500,192.8,300,192.771,330
7347,0.36,0.07,0.29,37.85,10:28:37,192.76,100,192.8,400,192.7993,300
7358,0.28,0.08,0.2,41.730000000000004,10:28:41,192.77,800,192.8,300,192.7874,100
7359,0.44,0.24,0.2,42.17,10:28:42,192.78,600,192.81,600,192.791,300
7370,0.27,0.08,0.19,45.74000000000001,10:28:45,192.76,400,192.81,400,192.7792,500
7381,0.38,0.17,0.21,50.10000000000001,10:28:50,192.76,100,192.81,100,192.7814,300
7406,0.4,0.18,0.22,58.22,10:28:58,192.84,200,192.88,400,192.8401,150
7422,0.42000000000000004,0.2,0.22,4.04,10:29:04,192.89,400,192.94,500,192.9013,700
7427,0.41000000000000003,0.21,0.2,6.180000000000001,10:29:06,192.91,100,192.94,200,192.9174,103
7429,0.44999999999999996,0.24,0.21,8.22,10:29:08,192.9,100,192.93,200,192.918,1000
7434,0.39,0.21,0.18,9.930000000000001,10:29:09,192.89,100,192.93,200,192.8919,300
7448,0.27,0.08,0.19,17.840000000000003,10:29:17,192.96,100,192.99,500,192.9764,300
7458,1.08,0.89,0.19,21.950000000000003,10:29:21,192.96,600,192.99,300,192.9755,700
7459,0.25,0.08,0.17,22.200000000000003,10:29:22,192.99,100,193.0,10200,192.9854,100
7472,0.34,0.07,0.27,26.070000000000007,10:29:26,192.95,200,192.98,100,192.9799,100
7516,0.28,0.08,0.2,41.88000000000002,10:29:41,192.93,500,192.98,100,192.9494,200
7549,0.4,0.22,0.18,51.92000000000003,10:29:51,192.95,500,192.99,400,192.9712,448
7552,0.5,0.27,0.23,53.14000000000003,10:29:53,192.95,100,192.99,900,192.9767,200
7600,1.82,1.57,0.25,18.229999999999997,10:30:18,193.0,500,193.06,300,193.0089,2000
7602,1.69,1.39,0.3,20.209999999999997,10:30:20,193.03,300,193.09,400,193.02700000000002,600
7620,0.43,0.21,0.22,27.599999999999998,10:30:27,193.06,600,193.1,1100,193.0968,100
7625,0.39,0.21,0.18,29.27,10:30:29,193.01,400,193.09,200,193.0466,100
7636,0.37,0.17,0.2,33.169999999999995,10:30:33,193.0,200,193.04,100,193.0194,250
7654,0.33999999999999997,0.09,0.25,39.239999999999995,10:30:39,193.02,400,193.06,400,193.0358,200
7670,0.46,0.2,0.26,45.62,10:30:45,192.98,700,193.02,100,192.985,500
7674,0.34,0.08,0.26,47.330000000000005,10:30:47,193.0,200,193.02,100,192.99599999999998,500
7680,0.49,0.19,0.3,49.61,10:30:49,193.0,200,193.02,100,193.0097,100
7698,0.35,0.12,0.23,57.36,10:30:57,193.0,200,193.02,100,193.0073,500
7704,0.29000000000000004,0.07,0.22,0.0,10:31:00,192.95,100,192.98,200,192.9999,224
7725,2.15,1.77,0.38,15.870000000000001,10:31:15,192.9,200,192.93,100,192.9097,400
7730,0.8200000000000001,0.48,0.34,18.32,10:31:18,192.87,500,192.92,100,192.8982,100
7835,0.4,0.19,0.21,12.660000000000005,10:33:12,192.9,100,192.94,500,192.9008,100
7868,0.25,0.08,0.17,24.760000000000012,10:33:24,192.87,200,192.93,400,192.9043,343
7880,0.26,0.07,0.19,28.700000000000017,10:33:28,192.89,200,192.93,500,192.9129,100
7913,0.34,0.17,0.17,38.85000000000002,10:33:38,192.9,300,192.96,400,192.9398,350
7924,0.44,0.19,0.25,42.920000000000016,10:33:42,192.94,100,192.97,200,192.905,100
7985,0.27,0.08,0.19,21.880000000000003,10:34:21,192.91,1000,192.98,100,192.9401,700
8009,0.52,0.24,0.28,30.340000000000007,10:34:30,192.91,200,192.96,100,192.9166,1443
8042,0.48,0.23,0.25,44.260000000000005,10:34:44,193.02,100,193.06,200,193.0344,388
8047,0.42000000000000004,0.19,0.23,46.20000000000001,10:34:46,193.02,200,193.06,300,193.0556,2000
8063,0.6000000000000001,0.07,0.53,54.13000000000001,10:34:54,192.96,500,193.01,500,192.9663,2000
8086,0.61,0.09,0.52,5.95,10:35:05,192.99,800,193.02,100,193.0048,100
8089,0.5599999999999999,0.08,0.48,7.93,10:35:07,193.0,200,193.02,100,193.0074,1200
8124,0.98,0.22,0.76,30.849999999999998,10:35:30,192.97,200,193.01,100,192.9836,615
8128,0.98,0.18,0.8,34.21999999999999,10:35:34,192.98,100,193.01,100,192.9909,1000
8131,1.4,0.21,1.19,37.21999999999999,10:35:37,192.99,1000,193.02,100,192.9959,500
8132,1.57,0.07,1.5,38.78999999999999,10:35:38,192.98,300,193.02,200,193.00799999999998,1000
8153,0.45,0.07,0.38,5.03,10:36:05,193.05,200,193.08,700,193.0739,200
8171,0.59,0.08,0.51,20.189999999999998,10:36:20,193.2,800,193.25,400,193.2138,3500
8180,0.63,0.08,0.55,26.41,10:36:26,193.2,900,193.24,200,193.2256,1000
8190,0.62,0.15,0.47,32.26,10:36:32,193.23,200,193.25,100,193.24400000000003,200
8198,0.61,0.24,0.37,37.04999999999999,10:36:37,193.21,100,193.24,100,193.225,250
8203,0.58,0.09,0.49,39.829999999999984,10:36:39,193.14,200,193.17,100,193.1568,125
8207,0.62,0.09,0.53,42.07999999999998,10:36:42,193.14,300,193.18,400,193.1612,100
8215,0.73,0.25,0.48,48.229999999999976,10:36:48,193.14,300,193.18,400,193.1619,250
8218,0.63,0.23,0.4,50.299999999999976,10:36:50,193.14,300,193.18,400,193.1628,662
8224,0.5800000000000001,0.07,0.51,54.049999999999976,10:36:54,193.15,400,193.18,300,193.153,400
8230,0.64,0.2,0.44,0.0,10:37:00,193.11,100,193.16,900,193.1413,255
8233,0.8,0.31,0.49,2.21,10:37:02,193.11,100,193.14,200,193.1168,987
8237,1.78,1.26,0.52,5.75,10:37:05,193.11,100,193.14,600,193.125,100
8247,3.59,3.07,0.52,14.360000000000001,10:37:14,193.14,100,193.17,100,193.1467,1000
8248,0.59,0.09,0.5,14.950000000000001,10:37:14,193.11,100,193.16,100,193.1175,275
8253,0.6000000000000001,0.14,0.46,17.940000000000005,10:37:17,193.12,100,193.17,100,193.1465,100
8256,0.6000000000000001,0.28,0.32,19.74000000000001,10:37:19,193.11,100,193.15,300,193.1154,200
8263,0.59,0.16,0.43,23.890000000000008,10:37:23,193.17,400,193.22,100,193.1725,100
8270,0.62,0.26,0.36,27.90000000000001,10:37:27,193.17,500,193.22,400,193.1994,100
8295,0.61,0.18,0.43,43.49000000000002,10:37:43,193.12,100,193.15,200,193.1348,100
8306,0.5700000000000001,0.07,0.5,49.88000000000003,10:37:49,193.11,100,193.13,400,193.1161,1700
8313,0.63,0.19,0.44,53.73000000000003,10:37:53,193.08,100,193.11,100,193.0941,586
8344,0.62,0.19,0.43,17.98,10:38:17,193.12,100,193.15,100,193.135,200
8373,0.6,0.18,0.42,35.589999999999996,10:38:35,193.1,1000,193.12,400,193.1128,1000
8391,0.43,0.07,0.36,45.41,10:38:45,193.04,100,193.07,100,193.0559,200
8398,0.8,0.15,0.65,50.199999999999996,10:38:50,193.01,100,193.07,100,193.0248,500
8404,0.7899999999999999,0.08,0.71,54.169999999999995,10:38:54,193.01,200,193.08,400,193.0365,700
8406,0.66,0.16,0.5,55.81999999999999,10:38:55,193.01,100,193.07,500,193.0492,170
8413,0.9299999999999999,0.07,0.86,1.73,10:39:01,193.01,100,193.05,100,193.0104,120
8416,0.83,0.13,0.7,4.2,10:39:04,193.01,100,193.05,200,193.0319,100
8419,1.44,0.86,0.58,8.37,10:39:08,193.05,1000,193.09,500,193.0699,1000
8421,0.5800000000000001,0.25,0.33,9.559999999999999,10:39:09,193.04,500,193.09,500,193.0817,2000
8427,0.77,0.18,0.59,15.489999999999998,10:39:15,193.01,400,193.05,400,193.045,100
8428,2.44,1.92,0.52,17.93,10:39:17,192.96,100,192.99,200,192.972,100
8431,0.79,0.18,0.61,20.099999999999998,10:39:20,192.96,100,192.99,600,192.9732,400
8433,0.79,0.25,0.54,21.509999999999998,10:39:21,192.93,1000,192.98,100,192.921,623
8446,0.95,0.22,0.73,31.889999999999997,10:39:31,193.0,100,193.04,200,193.0212,100
8451,0.61,0.08,0.53,35.32,10:39:35,193.01,200,193.05,100,193.0302,1200
8458,0.76,0.14,0.62,39.89,10:39:39,193.03,200,193.08,300,193.0511,300
8464,0.6300000000000001,0.07,0.56,43.92000000000001,10:39:43,193.03,200,193.07,100,193.0733,200
8497,4.56,3.8,0.76,13.749999999999996,10:40:13,193.02,100,193.07,300,193.06900000000002,102
8508,0.85,0.28,0.57,23.97,10:40:23,193.02,100,193.06,500,193.03799999999998,1000
8513,0.61,0.21,0.4,27.74,10:40:27,193.06,600,193.1,200,193.075,150
8517,0.76,0.21,0.55,30.32,10:40:30,193.09,200,193.12,400,193.1159,200
8533,0.96,0.33,0.63,40.51000000000001,10:40:40,193.07,200,193.11,100,193.105,157
8558,0.5800000000000001,0.2,0.38,55.88000000000003,10:40:55,193.0,500,193.03,200,193.0126,200
8562,0.59,0.08,0.51,58.070000000000036,10:40:58,193.0,500,193.03,200,193.0167,359
8568,0.58,0.08,0.5,0.0,10:41:00,193.0,500,193.06,900,193.015,300
8580,2.0,1.43,0.57,9.209999999999999,10:41:09,193.03,200,193.07,300,193.046,100
8591,0.61,0.18,0.43,20.22,10:41:20,192.97,400,193.02,200,192.995,300
8601,0.5700000000000001,0.07,0.5,25.979999999999997,10:41:25,192.96,100,192.99,100,192.981,200
8618,0.5700000000000001,0.07,0.5,36.37,10:41:36,192.89,100,192.93,100,192.9044,520
8621,0.5900000000000001,0.07,0.52,37.99,10:41:37,192.91,400,192.96,100,192.935,100
8635,0.5900000000000001,0.14,0.45,46.0,10:41:46,192.99,100,193.02,100,193.00599999999997,150
8657,0.62,0.23,0.39,0.0,10:42:00,193.05,200,193.1,400,193.0764,200
8682,3.02,2.54,0.48,16.88,10:42:16,193.08,100,193.12,200,193.1024,300
8687,0.5900000000000001,0.28,0.31,21.7,10:42:21,193.06,100,193.09,100,193.0368,150
8693,0.6,0.09,0.51,25.87,10:42:25,193.05,400,193.09,200,193.0698,200
8696,0.7899999999999999,0.21,0.58,27.85,10:42:27,193.04,500,193.08,300,193.0514,1000
8712,0.46,0.08,0.38,37.910000000000004,10:42:37,192.9,100,192.93,500,192.9186,300
8718,0.5700000000000001,0.07,0.5,41.460000000000015,10:42:41,192.91,100,192.96,400,192.9396,500
8722,0.5700000000000001,0.07,0.5,43.48000000000001,10:42:43,192.93,100,192.97,400,192.9383,300
8737,0.63,0.2,0.43,52.08000000000001,10:42:52,192.95,200,193.0,900,192.9698,198
8758,0.76,0.22,0.54,1.99,10:43:01,192.98,200,193.03,100,192.9851,200
8780,0.61,0.08,0.53,19.62,10:43:19,193.05,200,193.09,500,193.0379,100
8794,0.6000000000000001,0.07,0.53,30.01,10:43:30,193.0,1000,193.03,600,193.018,100
8797,0.59,0.09,0.5,32.010000000000005,10:43:32,193.0,1000,193.04,400,193.0232,200
8826,0.6,0.22,0.38,51.640000000000015,10:43:51,192.91,1000,192.96,100,192.9553,170
8841,0.56,0.07,0.49,5.630000000000001,10:44:05,192.91,200,192.94,400,192.929,300
8845,0.59,0.21,0.38,7.84,10:44:07,192.91,200,192.94,1100,192.925,200
8885,0.59,0.08,0.51,36.19000000000001,10:44:36,192.85,500,192.89,100,192.8602,400
8898,0.61,0.25,0.36,43.62000000000002,10:44:43,192.77,200,192.8,800,192.7845,107
8902,0.45,0.14,0.31,45.82000000000002,10:44:45,192.77,100,192.8,900,192.7805,1000
8909,0.58,0.17,0.41,49.980000000000025,10:44:49,192.79,300,192.83,500,192.7901,189
8916,0.5800000000000001,0.18,0.4,54.00000000000002,10:44:54,192.8,1000,192.84,100,192.8001,500
8919,0.44,0.07,0.37,55.62000000000002,10:44:55,192.81,100,192.84,100,192.832,100
8930,0.61,0.24,0.37,1.7799999999999998,10:45:01,192.81,100,192.84,100,192.8382,230
8937,0.5900000000000001,0.07,0.52,9.36,10:45:09,192.83,100,192.88,600,192.8647,2000
8941,0.5700000000000001,0.07,0.5,11.559999999999999,10:45:11,192.83,100,192.88,100,192.845,999
8945,0.44,0.08,0.36,15.199999999999998,10:45:15,192.86,100,192.91,300,192.888,1000
8956,0.65,0.23,0.42,23.819999999999997,10:45:23,192.84,200,192.89,300,192.826,100
8959,0.61,0.21,0.4,25.829999999999995,10:45:25,192.84,200,192.89,300,192.865,453
8962,0.5900000000000001,0.07,0.52,27.609999999999996,10:45:27,192.84,200,192.89,300,192.8694,500
8972,0.58,0.08,0.5,33.75,10:45:33,192.84,200,192.89,400,192.868,100
8987,0.79,0.41,0.38,43.599999999999994,10:45:43,192.87,100,192.91,100,192.8839,100
9041,0.43000000000000005,0.09,0.34,19.820000000000004,10:46:19,192.8,1200,192.82,100,192.804,500
9076,0.6200000000000001,0.07,0.55,43.199999999999996,10:46:43,192.68,100,192.71,400,192.6887,1000
9080,0.8,0.07,0.73,46.39,10:46:46,192.65,500,192.69,300,192.6719,1500
9083,0.7799999999999999,0.09,0.69,48.410000000000004,10:46:48,192.66,100,192.71,200,192.7076,900
9113,4.0,3.48,0.52,11.77,10:47:11,192.8,100,192.85,100,192.7828,800
9115,2.97,2.47,0.5,15.18,10:47:15,192.8,200,192.83,100,192.8111,1000
9119,0.63,0.19,0.44,18.389999999999997,10:47:18,192.84,100,192.88,400,192.8527,740
9139,0.58,0.08,0.5,30.029999999999994,10:47:30,192.8,100,192.85,100,192.825,500
9157,0.65,0.17,0.48,40.04999999999998,10:47:40,192.85,500,192.9,300,192.8719,261
9166,0.5900000000000001,0.07,0.52,46.20999999999999,10:47:46,192.85,400,192.9,200,192.8748,400
9169,0.6,0.12,0.48,48.02999999999999,10:47:48,192.85,400,192.89,200,192.8899,100
9175,0.6,0.22,0.38,52.02999999999999,10:47:52,192.84,500,192.89,100,192.8665,100
9203,4.82,4.37,0.45,14.629999999999999,10:48:14,192.85,300,192.89,100,192.862,1000
9250,0.79,0.37,0.42,43.83,10:48:43,192.75,300,192.79,100,192.7639,200
9256,0.57,0.08,0.49,47.39,10:48:47,192.75,300,192.79,100,192.7501,100
9267,0.44,0.07,0.37,53.24999999999999,10:48:53,192.72,100,192.78,500,192.7351,500
9297,0.5800000000000001,0.07,0.51,14.03,10:49:14,192.74,300,192.79,100,192.7584,500
9301,0.5800000000000001,0.07,0.51,16.229999999999997,10:49:16,192.71,500,192.76,400,192.7523,500
9314,0.5800000000000001,0.07,0.51,23.430000000000007,10:49:23,192.73,400,192.78,100,192.7565,122
9319,0.5700000000000001,0.07,0.5,26.43000000000001,10:49:26,192.73,300,192.78,100,192.755,100
9322,0.56,0.19,0.37,28.03000000000001,10:49:28,192.73,300,192.78,100,192.7582,100
9339,0.77,0.15,0.62,39.430000000000014,10:49:39,192.77,600,192.82,800,192.7983,190
9363,0.98,0.18,0.8,56.430000000000014,10:49:56,192.79,100,192.84,200,192.81900000000002,150
9371,0.83,0.21,0.62,2.44,10:50:02,192.79,500,192.85,200,192.7905,100
9406,0.59,0.16,0.43,30.36000000000001,10:50:30,192.7,100,192.73,600,192.705,500
9430,0.5800000000000001,0.26,0.32,43.750000000000014,10:50:43,192.65,200,192.68,100,192.6653,100
9438,0.6,0.17,0.43,48.33000000000001,10:50:48,192.66,400,192.72,100,192.6928,250
9452,0.62,0.21,0.41,55.93,10:50:55,192.6,400,192.64,100,192.61599999999999,1500
9463,0.61,0.24,0.37,2.22,10:51:02,192.58,100,192.63,100,192.6065,500
9467,0.63,0.17,0.46,6.449999999999999,10:51:06,192.56,100,192.62,400,192.59799999999998,1000
9474,0.6100000000000001,0.07,0.54,16.23,10:51:16,192.52,100,192.54,100,192.528,135
9480,1.78,1.32,0.46,21.410000000000004,10:51:21,192.55,400,192.6,200,192.5791,2000
9510,0.61,0.21,0.4,40.380000000000024,10:51:40,192.62,100,192.67,300,192.6394,150
9516,0.63,0.18,0.45,44.15000000000003,10:51:44,192.61,100,192.65,800,192.6365,552
9519,0.6,0.19,0.41,45.970000000000034,10:51:45,192.62,100,192.66,400,192.6499,100
9529,0.6000000000000001,0.07,0.53,52.36000000000003,10:51:52,192.59,600,192.65,400,192.6125,1000
9532,0.6,0.18,0.42,54.17000000000003,10:51:54,192.6,100,192.65,600,192.6319,587
9545,0.45,0.07,0.38,2.39,10:52:02,192.54,100,192.59,100,192.58900000000003,100
9548,0.6100000000000001,0.07,0.54,4.55,10:52:04,192.55,300,192.59,1000,192.5766,120
9555,0.76,0.12,0.64,15.76,10:52:15,192.5,2200,192.55,100,192.5222,139
9564,0.6100000000000001,0.27,0.34,22.600000000000005,10:52:22,192.51,700,192.56,100,192.52900000000002,100
9573,0.62,0.21,0.41,28.40000000000001,10:52:28,192.45,200,192.55,300,192.46599999999998,100
9582,0.75,0.26,0.49,34.350000000000016,10:52:34,192.46,100,192.52,100,192.4995,205
9588,0.64,0.17,0.47,38.610000000000014,10:52:38,192.43,1000,192.5,100,192.4817,400
9602,0.64,0.19,0.45,48.20000000000002,10:52:48,192.44,100,192.48,200,192.465,400
9625,0.58,0.21,0.37,2.2199999999999998,10:53:02,192.45,800,192.49,100,192.4955,1000
9638,1.1400000000000001,0.54,0.6,10.37,10:53:10,192.46,200,192.51,200,192.4892,500
9640,0.61,0.08,0.53,12.829999999999998,10:53:12,192.46,200,192.51,200,192.4866,500
9644,2.5799999999999996,2.01,0.57,17.219999999999995,10:53:17,192.46,400,192.51,100,192.4601,1150
9646,0.5900000000000001,0.07,0.52,20.019999999999996,10:53:20,192.41,500,192.46,400,192.4455,500
9653,0.44999999999999996,0.15,0.3,23.849999999999994,10:53:23,192.41,200,192.46,500,192.4326,200
9657,0.5800000000000001,0.07,0.51,26.00999999999999,10:53:26,192.41,100,192.45,100,192.455,100
9756,118.97,118.36,0.61,0.0,10:56:00,192.8,300,192.84,300,192.8266,100
9758,0.67,0.17,0.5,1.2600000000000002,10:56:01,192.8,300,192.84,300,192.8047,100
9763,0.79,0.2,0.59,4.67,10:56:04,192.8,200,192.84,300,192.808,1000
9770,0.6100000000000001,0.07,0.54,9.469999999999999,10:56:09,192.85,200,192.89,600,192.851,500
9789,0.6300000000000001,0.07,0.56,22.270000000000003,10:56:22,192.85,200,192.89,500,192.8626,150
9830,0.61,0.19,0.42,18.590000000000003,10:57:18,192.92,100,192.95,100,192.9331,300
9913,0.62,0.18,0.44,10.399999999999999,10:58:10,192.85,400,192.88,100,192.8737,255
9927,0.59,0.16,0.43,22.359999999999996,10:58:22,192.82,100,192.85,100,192.8397,128
9963,0.5700000000000001,0.17,0.4,42.190000000000005,10:58:42,192.81,100,192.87,100,192.86900000000003,100
10018,2.77,2.34,0.43,19.8,10:59:19,192.83,100,192.87,300,192.852,1000
10024,0.59,0.22,0.37,24.390000000000004,10:59:24,192.82,400,192.85,200,192.8699,100
10027,0.5800000000000001,0.07,0.51,25.970000000000006,10:59:25,192.8,700,192.85,200,192.84900000000002,200
10042,0.57,0.21,0.36,34.180000000000014,10:59:34,192.77,100,192.8,100,192.7775,100
10089,0.62,0.16,0.46,0.0,11:00:00,192.75,100,192.8,800,192.799,500
10113,0.44,0.12,0.32,25.599999999999994,11:00:25,192.84,100,192.88,500,192.8575,248
10121,0.57,0.08,0.49,29.979999999999993,11:00:29,192.84,800,192.88,500,192.8555,150
10141,0.59,0.09,0.5,42.16000000000001,11:00:42,192.85,200,192.88,400,192.8516,202
10159,0.5800000000000001,0.18,0.4,51.99000000000001,11:00:51,192.86,100,192.88,100,192.8784,2000
10162,0.6100000000000001,0.07,0.54,54.01000000000001,11:00:54,192.86,100,192.89,100,192.87400000000002,375
10175,0.58,0.08,0.5,0.0,11:01:00,192.86,100,192.89,200,192.8601,100
10178,2.75,2.13,0.62,3.79,11:01:03,192.86,100,192.89,100,192.8775,400
10186,4.41,3.86,0.55,18.580000000000002,11:01:18,192.89,100,192.93,800,192.9077,200
10250,0.44,0.08,0.36,53.82,11:01:53,192.9,400,192.92,100,192.9025,1384
10256,135.06,134.46,0.6,0.0,11:04:00,192.69,400,192.73,600,192.7119,100
10259,1.23,0.7,0.53,2.78,11:04:02,192.75,500,192.78,200,192.765,100
10267,0.6000000000000001,0.07,0.53,8.15,11:04:08,192.74,100,192.78,500,192.7664,327
10270,0.63,0.17,0.46,10.15,11:04:10,192.74,100,192.78,500,192.7675,300
10279,0.7799999999999999,0.08,0.7,16.12,11:04:16,192.71,100,192.74,600,192.7128,100
10282,0.7999999999999999,0.08,0.72,18.53,11:04:18,192.71,100,192.75,600,192.7446,550
10287,0.75,0.22,0.53,22.11,11:04:22,192.68,4300,192.7,500,192.6913,100
10306,0.59,0.09,0.5,34.330000000000005,11:04:34,192.7,100,192.75,600,192.739,300
10323,0.6200000000000001,0.07,0.55,0.0,11:05:00,192.68,3600,192.71,200,192.68099999999998,933
10329,0.7999999999999999,0.08,0.72,4.39,11:05:04,192.63,700,192.66,100,192.645,100
10332,0.6200000000000001,0.28,0.34,6.59,11:05:06,192.61,1000,192.65,200,192.6414,250
10340,1.56,0.89,0.67,15.149999999999999,11:05:15,192.54,600,192.58,100,192.5632,100
10349,0.6,0.08,0.52,24.35000000000001,11:05:24,192.58,100,192.62,200,192.581,165
10370,0.77,0.36,0.41,35.96000000000002,11:05:35,192.58,200,192.62,100,192.6199,100
10417,0.5700000000000001,0.14,0.43,0.0,11:06:00,192.59,300,192.63,100,192.5801,200
10420,3.67,3.37,0.3,4.85,11:06:04,192.58,1000,192.62,400,192.5943,203
10437,0.5700000000000001,0.12,0.45,20.0,11:06:20,192.58,300,192.61,600,192.609,1000
10499,0.56,0.07,0.49,53.98,11:06:53,192.57,200,192.6,700,192.59900000000002,100
10525,2.18,1.6,0.58,9.58,11:07:09,192.64,100,192.68,500,192.6799,1000
10557,0.43000000000000005,0.09,0.34,30.03,11:07:30,192.67,100,192.7,100,192.699,100
10571,0.5700000000000001,0.07,0.5,37.620000000000005,11:07:37,192.67,100,192.71,1000,192.6932,150
10608,0.43,0.07,0.36,0.0,11:08:00,192.64,500,192.69,600,192.66099999999997,653
10612,0.61,0.18,0.43,3.15,11:08:03,192.64,300,192.69,600,192.665,100
10632,0.59,0.08,0.51,20.38,11:08:20,192.64,100,192.68,200,192.66400000000002,2500
10656,0.64,0.18,0.46,38.43,11:08:38,192.57,300,192.62,1000,192.5849,200
10666,0.59,0.21,0.38,44.42000000000001,11:08:44,192.59,1000,192.66,200,192.6216,230
10678,0.6,0.12,0.48,52.23000000000001,11:08:52,192.62,100,192.66,100,192.6262,102
10699,4.99,4.47,0.52,8.15,11:09:08,192.63,200,192.66,200,192.648,225
10717,0.59,0.17,0.42,17.999999999999996,11:09:17,192.63,400,192.68,200,192.6526,250
10728,0.61,0.21,0.4,24.390000000000004,11:09:24,192.65,100,192.69,500,192.6632,270
10744,1.18,0.74,0.44,33.970000000000006,11:09:33,192.67,500,192.7,100,192.685,100
10770,0.57,0.08,0.49,47.93000000000001,11:09:47,192.77,1000,192.82,200,192.8157,750
10778,0.43,0.07,0.36,52.190000000000005,11:09:52,192.78,100,192.83,200,192.795,100
10781,0.62,0.24,0.38,53.99,11:09:53,192.74,600,192.77,100,192.745,600
10797,0.5800000000000001,0.07,0.51,7.62,11:10:07,192.72,400,192.76,300,192.7367,200
10829,0.58,0.08,0.5,31.009999999999998,11:10:31,192.66,100,192.71,600,192.6725,500
10843,0.64,0.2,0.44,40.23000000000001,11:10:40,192.72,100,192.77,200,192.7497,491
10859,0.59,0.17,0.42,49.99000000000003,11:10:49,192.72,700,192.76,100,192.7499,110
10895,0.6,0.22,0.38,15.579999999999998,11:11:15,192.73,100,192.78,500,192.7758,300
10926,0.44,0.08,0.36,35.65000000000001,11:11:35,192.78,500,192.82,600,192.7968,200
10953,0.59,0.08,0.51,52.02000000000003,11:11:52,192.81,800,192.85,2100,192.824,100
10971,0.44,0.07,0.37,6.23,11:12:06,192.89,1000,192.94,300,192.9133,594
10982,3.4,2.78,0.62,18.57,11:12:18,192.87,500,192.92,900,192.895,200
10994,0.62,0.14,0.48,27.4,11:12:27,192.93,300,192.96,200,192.94299999999998,100
11002,0.7699999999999999,0.08,0.69,32.58,11:12:32,192.93,600,192.98,500,192.9518,568
11017,0.61,0.08,0.53,42.440000000000005,11:12:42,192.93,500,192.97,400,192.9551,1000
11035,0.62,0.13,0.49,56.010000000000005,11:12:56,192.94,600,192.99,300,192.9642,100
11065,0.78,0.14,0.64,20.01,11:13:20,192.92,300,192.94,100,192.93900000000002,100
11068,0.8300000000000001,0.18,0.65,22.260000000000005,11:13:22,192.92,400,192.94,100,192.9295,200
11073,0.78,0.17,0.61,26.04000000000001,11:13:26,192.93,400,192.97,500,192.9599,887
11076,0.81,0.2,0.61,28.41000000000001,11:13:28,192.92,500,192.96,500,192.945,100
11102,0.6000000000000001,0.07,0.53,45.64000000000001,11:13:45,192.93,600,192.98,700,192.9464,400
11112,0.58,0.09,0.49,51.78000000000001,11:13:51,192.92,100,192.95,900,192.9374,700
11119,0.6,0.24,0.36,55.80000000000002,11:13:55,192.9,300,192.94,100,192.9197,100
11129,0.43,0.07,0.36,1.6199999999999999,11:14:01,192.92,100,192.96,200,192.9233,500
11136,3.83,3.39,0.44,11.030000000000001,11:14:11,192.93,900,192.98,300,192.9662,500
11139,1.21,0.6,0.61,13.790000000000003,11:14:13,192.93,200,192.96,400,192.9583,100
11155,0.5800000000000001,0.07,0.51,23.810000000000002,11:14:23,192.95,100,192.98,300,192.9528,1700
11162,0.5900000000000001,0.27,0.32,27.799999999999997,11:14:27,192.93,100,192.96,100,192.9474,1000
11168,0.57,0.09,0.48,31.58,11:14:31,192.93,100,192.97,500,192.955,100
11175,0.43,0.07,0.36,35.62999999999999,11:14:35,193.09,400,193.15,41400,193.141,155
11179,0.5700000000000001,0.24,0.33,37.79999999999999,11:14:37,193.09,600,193.14,500,193.115,200
11200,0.5700000000000001,0.07,0.5,49.58999999999998,11:14:49,193.15,100,193.19,900,193.175,1600
11201,108.41,107.97,0.44,0.0,11:16:00,193.33,800,193.35,1100,193.34,375
11204,0.44,0.08,0.36,1.47,11:16:01,193.29,300,193.32,200,193.31,100
11214,0.79,0.17,0.62,7.830000000000001,11:16:07,193.29,100,193.33,200,193.32,100
11220,0.6200000000000001,0.07,0.55,12.080000000000002,11:16:12,193.32,1100,193.35,1200,193.3374,100
11223,0.62,0.24,0.38,14.08,11:16:14,193.31,400,193.35,1200,193.31400000000002,600
11234,0.6,0.08,0.52,0.0,11:17:00,193.36,500,193.38,300,193.37,603
11235,0.6300000000000001,0.07,0.56,0.6300000000000001,11:17:00,193.36,600,193.38,100,193.38,300
11240,0.63,0.26,0.37,4.050000000000001,11:17:04,193.37,500,193.39,1000,193.3832,100
11243,0.6000000000000001,0.07,0.53,6.210000000000001,11:17:06,193.37,400,193.39,1000,193.3702,100
11247,0.62,0.08,0.54,10.82,11:17:10,193.33,300,193.35,600,193.3625,150
11248,2.77,2.15,0.62,13.59,11:17:13,193.33,200,193.34,200,193.334,168
11249,3.2199999999999998,2.69,0.53,16.81,11:17:16,193.33,200,193.34,200,193.33900000000003,100
11258,0.61,0.2,0.41,22.229999999999997,11:17:22,193.29,100,193.32,100,193.31900000000002,700
11261,0.59,0.08,0.51,24.009999999999998,11:17:24,193.29,200,193.32,300,193.305,150
11268,0.63,0.17,0.46,28.03,11:17:28,193.28,500,193.31,100,193.2991,100
11282,0.43,0.07,0.36,35.85,11:17:35,193.29,400,193.34,200,193.2996,822
11297,0.5599999999999999,0.09,0.47,44.190000000000005,11:17:44,193.31,100,193.34,100,193.3211,700
11304,0.42,0.07,0.35,48.04000000000001,11:17:48,193.29,300,193.32,200,193.3125,100
11308,0.43,0.08,0.35,50.210000000000015,11:17:50,193.31,200,193.34,200,193.3255,500
11315,0.6,0.22,0.38,54.02000000000001,11:17:54,193.32,100,193.35,1100,193.35,100
11319,0.62,0.19,0.43,56.21000000000001,11:17:56,193.34,500,193.38,100,193.3459,1000
11334,0.5700000000000001,0.07,0.5,4.36,11:18:04,193.35,400,193.38,1000,193.3593,500
11338,0.44,0.08,0.36,6.400000000000001,11:18:06,193.36,300,193.38,1000,193.34599999999998,1000
11339,1.77,1.34,0.43,8.170000000000002,11:18:08,193.37,500,193.4,100,193.4,100
11340,2.6199999999999997,2.32,0.3,10.790000000000001,11:18:10,193.35,800,193.4,100,193.398,1500
11343,1.26,0.8,0.46,13.020000000000001,11:18:13,193.37,200,193.4,1000,193.3885,500
11345,0.46,0.07,0.39,14.230000000000002,11:18:14,193.32,100,193.36,100,193.345,100
11352,0.6000000000000001,0.07,0.53,22.400000000000006,11:18:22,193.29,1000,193.32,700,193.3005,1000
11370,0.6100000000000001,0.07,0.54,34.38000000000001,11:18:34,193.34,100,193.36,100,193.3401,988
11373,0.76,0.12,0.64,36.36000000000001,11:18:36,193.34,100,193.37,200,193.36,100
11376,0.78,0.17,0.61,38.370000000000005,11:18:38,193.36,400,193.38,100,193.3534,200
11385,0.6,0.11,0.49,44.75000000000001,11:18:44,193.33,100,193.36,200,193.325,200
11391,0.62,0.08,0.54,48.55000000000001,11:18:48,193.3,500,193.34,100,193.324,100
11400,0.63,0.14,0.49,54.360000000000014,11:18:54,193.3,100,193.34,200,193.3199,105
11410,0.74,0.07,0.67,0.0,11:19:00,193.3,100,193.33,200,193.3186,100
11419,0.63,0.08,0.55,6.05,11:19:06,193.27,400,193.3,100,193.295,100
11420,1.38,0.88,0.5,7.43,11:19:07,193.27,400,193.3,100,193.285,100
11424,0.77,0.26,0.51,10.450000000000001,11:19:10,193.31,100,193.33,100,193.3216,100
11429,0.61,0.23,0.38,16.880000000000003,11:19:16,193.29,100,193.33,300,193.2954,400
11433,0.77,0.07,0.7,20.010000000000005,11:19:20,193.27,400,193.31,300,193.274,317
11436,0.79,0.27,0.52,22.450000000000003,11:19:22,193.28,100,193.31,100,193.30200000000002,112
11455,0.62,0.09,0.53,35.66,11:19:35,193.27,500,193.32,400,193.3073,653
11458,0.58,0.22,0.36,37.459999999999994,11:19:37,193.27,500,193.32,400,193.2883,1000
11469,0.44,0.08,0.36,43.48,11:19:43,193.24,400,193.27,400,193.2575,500
11473,0.6100000000000001,0.07,0.54,45.65,11:19:45,193.24,600,193.28,900,193.2587,110
11478,0.62,0.08,0.54,49.459999999999994,11:19:49,193.25,300,193.28,200,193.267,100
11487,0.6100000000000001,0.07,0.54,55.63,11:19:55,193.25,400,193.29,100,193.2764,2000
11496,0.76,0.08,0.68,2.17,11:20:02,193.25,10300,193.29,400,193.2666,700
11521,0.6000000000000001,0.14,0.46,25.549999999999997,11:20:25,193.32,100,193.34,100,193.3326,445
11533,0.76,0.23,0.53,34.15,11:20:34,193.37,400,193.4,1400,193.385,300
11539,0.63,0.14,0.49,37.96,11:20:37,193.34,100,193.37,1100,193.3677,100
11551,0.63,0.1,0.53,45.94000000000001,11:20:45,193.34,100,193.37,300,193.3583,100
11557,0.77,0.17,0.6,50.09000000000001,11:20:50,193.32,500,193.37,300,193.3466,105
11563,0.61,0.08,0.53,54.11000000000001,11:20:54,193.32,1400,193.35,3600,193.335,100
11580,1.59,1.05,0.54,6.79,11:21:06,193.31,200,193.35,3600,193.3452,500
11581,0.61,0.09,0.52,7.4,11:21:07,193.31,100,193.35,3500,193.3286,207
11583,0.6399999999999999,0.07,0.57,9.38,11:21:09,193.31,300,193.35,3500,193.3314,250
11591,0.5900000000000001,0.25,0.34,19.8,11:21:19,193.29,100,193.32,100,193.3099,100
11603,0.6100000000000001,0.07,0.54,27.60000000000001,11:21:27,193.27,600,193.32,200,193.2728,400
11608,0.6300000000000001,0.07,0.56,31.380000000000006,11:21:31,193.28,100,193.32,100,193.2899,500
11628,0.6000000000000001,0.07,0.53,46.61000000000001,11:21:46,193.29,100,193.34,500,193.3399,100
11633,0.45,0.12,0.33,49.600000000000016,11:21:49,193.32,100,193.35,600,193.3061,1000
11642,0.64,0.19,0.45,55.59000000000001,11:21:55,193.33,100,193.38,200,193.3426,400
11657,0.78,0.18,0.6,6.35,11:22:06,193.36,100,193.38,400,193.3635,100
11667,2.98,2.53,0.45,17.169999999999998,11:22:17,193.32,800,193.37,300,193.3433,205
11669,0.64,0.25,0.39,18.419999999999998,11:22:18,193.33,200,193.36,100,193.322,800
11680,0.61,0.08,0.53,25.769999999999996,11:22:25,193.29,200,193.33,500,193.294,500
11693,0.6,0.21,0.39,34.01,11:22:34,193.27,600,193.31,100,193.3071,100
11704,0.44999999999999996,0.15,0.3,40.019999999999996,11:22:40,193.29,200,193.33,200,193.3159,400
11721,0.6200000000000001,0.07,0.55,50.19999999999999,11:22:50,193.32,100,193.36,400,193.3414,500
11744,0.62,0.17,0.45,5.83,11:23:05,193.35,100,193.39,100,193.3899,100
11747,0.79,0.29,0.5,7.83,11:23:07,193.35,100,193.39,100,193.389,500
11750,0.63,0.17,0.46,10.23,11:23:10,193.34,300,193.38,400,193.3666,1000
11756,0.82,0.23,0.59,16.43,11:23:16,193.33,200,193.36,200,193.3501,2000
11772,0.75,0.2,0.55,30.36,11:23:30,193.33,100,193.35,200,193.34900000000002,100
11781,0.44999999999999996,0.15,0.3,35.81,11:23:35,193.26,100,193.3,500,193.2869,100
11791,0.6000000000000001,0.28,0.32,42.210000000000015,11:23:42,193.18,500,193.21,400,193.183,200
11801,0.57,0.08,0.49,48.18000000000002,11:23:48,193.17,100,193.21,200,193.1601,200
11810,0.45,0.13,0.32,54.210000000000015,11:23:54,193.18,400,193.21,200,193.1801,100
11837,0.8,0.39,0.41,16.2,11:24:16,193.22,200,193.26,200,193.2333,520
11907,0.75,0.2,0.55,1.98,11:25:01,193.31,300,193.34,200,193.3269,300
11923,0.63,0.08,0.55,15.849999999999998,11:25:15,193.32,500,193.34,100,193.3264,325
11949,0.7999999999999999,0.09,0.71,36.25,11:25:36,193.4,200,193.43,700,193.42,100
11950,0.78,0.19,0.59,37.03,11:25:37,193.4,200,193.43,700,193.4189,500
11956,0.76,0.09,0.67,41.010000000000005,11:25:41,193.37,400,193.41,200,193.3927,100
11961,0.61,0.14,0.47,44.42,11:25:44,193.35,200,193.37,100,193.36900000000003,100
11969,0.8,0.28,0.52,50.269999999999996,11:25:50,193.3,100,193.34,300,193.3134,500
11992,2.45,1.84,0.61,10.61,11:26:10,193.3,100,193.34,100,193.3218,100
12025,0.9400000000000001,0.4,0.54,35.58,11:26:35,193.28,100,193.31,300,193.2961,300
12026,0.64,0.18,0.46,36.22,11:26:36,193.28,200,193.31,100,193.2975,300
12027,0.5800000000000001,0.07,0.51,36.8,11:26:36,193.28,200,193.31,100,193.2931,500
12029,0.59,0.1,0.49,37.980000000000004,11:26:37,193.29,100,193.33,600,193.3167,1800
12035,30.98,30.48,0.5,0.0,11:27:00,193.26,9000,193.3,400,193.275,109
12036,0.5599999999999999,0.21,0.35,0.5599999999999999,11:27:00,193.23,200,193.28,100,193.28900000000002,100
12038,0.77,0.34,0.43,1.76,11:27:01,193.23,300,193.29,200,193.2647,400
12058,0.6100000000000001,0.07,0.54,0.6100000000000001,11:28:00,193.33,300,193.37,5900,193.365,250
12059,0.73,0.08,0.65,1.34,11:28:01,193.3,1900,193.34,100,193.3278,1000
12063,0.74,0.07,0.67,0.0,11:29:00,193.3,1900,193.34,300,193.3028,100
12074,0.61,0.3,0.31,8.06,11:29:08,193.3,100,193.32,200,193.3136,100
12081,0.5900000000000001,0.07,0.52,14.049999999999999,11:29:14,193.29,100,193.32,100,193.3069,1000
12141,0.95,0.22,0.73,1.77,11:30:01,193.3,200,193.35,700,193.317,580
12165,0.8200000000000001,0.18,0.64,39.44999999999999,11:30:39,193.3,200,193.33,400,193.315,500
12203,0.96,0.39,0.57,14.61,11:31:14,193.29,200,193.32,1300,193.299,100
12241,0.5900000000000001,0.07,0.52,40.41,11:31:40,193.3,400,193.34,300,193.3227,160
12263,0.43,0.07,0.36,53.960000000000015,11:31:53,193.34,4600,193.36,100,193.34799999999998,1000
12278,0.5700000000000001,0.07,0.5,2.02,11:32:02,193.39,200,193.43,400,193.41,100
12281,0.5700000000000001,0.07,0.5,3.79,11:32:03,193.42,300,193.45,1000,193.43,100
12284,0.43,0.07,0.36,5.42,11:32:05,193.42,200,193.45,1000,193.45,100
12285,0.57,0.08,0.49,5.99,11:32:05,193.4,500,193.45,500,193.44,100
12288,3.4000000000000004,2.87,0.53,10.39,11:32:10,193.44,400,193.47,800,193.44099999999997,500
12289,0.44,0.07,0.37,10.83,11:32:10,193.44,500,193.47,800,193.4696,800
12293,0.58,0.08,0.5,13.2,11:32:13,193.45,100,193.47,800,193.46,100
12300,0.5800000000000001,0.07,0.51,20.009999999999998,11:32:20,193.47,100,193.49,700,193.48,100
12303,0.44,0.08,0.36,21.659999999999997,11:32:21,193.47,200,193.5,9200,193.49,446
12307,0.43,0.12,0.31,23.849999999999994,11:32:23,193.47,200,193.5,8500,193.5,155
12309,0.58,0.08,0.5,25.039999999999992,11:32:25,193.47,200,193.5,8500,193.47299999999998,1000
12317,0.7699999999999999,0.08,0.69,30.419999999999995,11:32:30,193.45,200,193.49,400,193.4583,350
12320,0.5800000000000001,0.07,0.51,32.239999999999995,11:32:32,193.45,200,193.48,800,193.47,157
12337,0.61,0.22,0.39,41.839999999999996,11:32:41,193.49,400,193.51,1400,193.51,150
12348,0.44,0.08,0.36,47.66999999999999,11:32:47,193.47,300,193.51,400,193.4992,200
12352,0.59,0.15,0.44,50.02999999999999,11:32:50,193.48,100,193.5,200,193.4932,1700
12356,0.6000000000000001,0.2,0.4,52.23999999999999,11:32:52,193.47,100,193.5,200,193.49900000000002,422
12359,0.6,0.18,0.42,54.04999999999999,11:32:54,193.45,300,193.49,100,193.4638,800
12369,0.6000000000000001,0.07,0.53,0.0,11:33:00,193.45,300,193.47,200,193.4698,200
12371,0.65,0.21,0.44,1.4100000000000001,11:33:01,193.45,300,193.47,200,193.4602,300
12383,0.76,0.07,0.69,10.58,11:33:10,193.46,200,193.5,200,193.4851,100
12405,0.5900000000000001,0.07,0.52,26.43,11:33:26,193.47,500,193.5,200,193.4808,1000
12408,0.61,0.08,0.53,28.240000000000002,11:33:28,193.5,100,193.52,100,193.52,100
12411,0.43,0.07,0.36,30.040000000000003,11:33:30,193.51,100,193.54,400,193.537,1090
12415,0.62,0.18,0.44,32.410000000000004,11:33:32,193.54,200,193.56,200,193.55,100
12418,0.62,0.22,0.4,34.22,11:33:34,193.54,200,193.56,100,193.5546,400
12422,0.43999999999999995,0.09,0.35,36.25,11:33:36,193.52,100,193.56,500,193.54,100
12444,0.5700000000000001,0.14,0.43,48.18,11:33:48,193.52,200,193.54,100,193.5399,400
12465,0.5900000000000001,0.07,0.52,0.0,11:34:00,193.44,100,193.47,300,193.4401,100
12477,2.15,1.64,0.51,9.17,11:34:09,193.42,100,193.47,200,193.4414,500
12485,0.56,0.07,0.49,19.540000000000003,11:34:19,193.44,200,193.47,100,193.4489,400
12502,0.74,0.2,0.54,30.13000000000001,11:34:30,193.38,100,193.42,900,193.4156,100
12519,0.79,0.35,0.44,41.000000000000014,11:34:41,193.42,200,193.45,500,193.4211,300
12544,0.61,0.19,0.42,57.96000000000001,11:34:57,193.49,400,193.51,2000,193.50799999999998,343
12550,0.77,0.32,0.45,1.98,11:35:01,193.46,800,193.5,600,193.4819,100
12553,0.75,0.17,0.58,4.55,11:35:04,193.45,200,193.48,200,193.468,500
12561,2.58,1.97,0.61,11.59,11:35:11,193.47,500,193.51,300,193.4999,900
12566,79.02,78.7,0.32,0.0,11:36:00,193.63,6700,193.65,200,193.63099999999997,500
12568,0.56,0.07,0.49,1.1300000000000001,11:36:01,193.63,6700,193.65,200,193.65,984
12571,0.44,0.14,0.3,2.79,11:36:02,193.63,6700,193.65,100,193.6445,100
12582,0.5800000000000001,0.18,0.4,8.96,11:36:08,193.63,6700,193.66,300,193.66,100
12590,0.58,0.08,0.5,13.33,11:36:13,193.63,6700,193.65,300,193.6393,100
12593,0.44,0.07,0.37,15.0,11:36:15,193.66,300,193.68,700,193.655,100
12601,0.44,0.08,0.36,19.18,11:36:19,193.66,100,193.68,100,193.67,100
12611,0.6,0.08,0.52,0.0,11:37:00,193.69,300,193.72,900,193.7026,100
12614,3.59,3.07,0.52,4.98,11:37:04,193.7,1000,193.73,400,193.71200000000002,100
12615,0.62,0.14,0.48,5.6000000000000005,11:37:05,193.71,900,193.73,800,193.71,100
12618,0.6100000000000001,0.07,0.54,7.600000000000001,11:37:07,193.69,200,193.71,800,193.69,900
12625,0.98,0.41,0.57,12.170000000000002,11:37:12,193.72,200,193.75,1700,193.735,110
12626,1.8199999999999998,1.2,0.62,13.990000000000002,11:37:13,193.72,100,193.73,300,193.7221,200
12629,0.5800000000000001,0.07,0.51,15.790000000000001,11:37:15,193.7,100,193.72,400,193.7,100
12637,0.6000000000000001,0.07,0.53,20.610000000000007,11:37:20,193.71,100,193.72,100,193.72,100
12662,0.57,0.21,0.36,35.56,11:37:35,193.71,500,193.74,300,193.7245,100
12669,0.6000000000000001,0.28,0.32,39.57,11:37:39,193.71,500,193.73,1000,193.73,100
12684,0.43999999999999995,0.09,0.35,47.78999999999999,11:37:47,193.67,100,193.7,700,193.6904,200
12698,0.44,0.08,0.36,55.829999999999984,11:37:55,193.67,100,193.7,100,193.68,200
12705,0.5700000000000001,0.12,0.45,0.0,11:38:00,193.65,200,193.68,200,193.6556,200
12712,0.61,0.2,0.41,4.0200000000000005,11:38:04,193.64,500,193.65,100,193.6464,100
12716,0.61,0.19,0.42,6.230000000000001,11:38:06,193.62,200,193.63,500,193.62900000000002,100
12718,3.19,2.61,0.58,9.850000000000001,11:38:09,193.59,100,193.61,500,193.6,674
12719,1.99,1.45,0.54,11.840000000000002,11:38:11,193.6,500,193.63,500,193.62,500
12720,2.18,1.72,0.46,14.020000000000001,11:38:14,193.64,300,193.68,100,193.64,200
12741,0.6000000000000001,0.14,0.46,32.2,11:38:32,193.67,100,193.7,1000,193.6853,600
12747,0.6,0.21,0.39,36.050000000000004,11:38:36,193.67,100,193.7,100,193.6999,100
12750,0.64,0.18,0.46,38.050000000000004,11:38:38,193.71,100,193.72,200,193.7124,1000
12758,0.62,0.17,0.45,43.25000000000001,11:38:43,193.71,500,193.72,100,193.7199,500
12766,0.45,0.07,0.38,48.04000000000001,11:38:48,193.73,400,193.74,200,193.7399,150
12780,118.2,117.59,0.61,0.0,11:40:00,193.8,100,193.83,100,193.8001,2583
12782,0.62,0.14,0.48,1.62,11:40:01,193.82,200,193.84,100,193.82,1240
12785,0.62,0.12,0.5,3.64,11:40:03,193.82,1000,193.85,500,193.8311,3500
12788,0.6000000000000001,0.07,0.53,0.0,11:41:00,193.85,100,193.87,200,193.8459,100
12791,0.75,0.24,0.51,2.0,11:41:02,193.85,300,193.87,200,193.8628,200
12794,0.76,0.2,0.56,4.2,11:41:04,193.86,200,193.88,200,193.88,100
12797,0.76,0.21,0.55,6.2,11:41:06,193.88,200,193.9,1100,193.89,466
12799,3.9899999999999998,3.4,0.59,10.82,11:41:10,193.88,200,193.9,1100,193.8866,300
12801,0.5900000000000001,0.07,0.52,12.040000000000001,11:41:12,193.92,200,193.94,200,193.94,100
12807,0.6,0.08,0.52,15.799999999999999,11:41:15,193.92,100,193.94,500,193.9299,300
12809,0.77,0.23,0.54,18.59,11:41:18,193.9,300,193.92,500,193.9,100
12811,0.6,0.08,0.52,19.810000000000002,11:41:19,193.9,200,193.93,200,193.924,1500
12813,1.57,1.07,0.5,21.990000000000002,11:41:21,193.91,400,193.93,200,193.93,100
12816,0.46,0.08,0.38,23.830000000000002,11:41:23,193.92,200,193.93,200,193.925,310
12822,0.6200000000000001,0.07,0.55,28.03,11:41:28,193.9,300,193.93,500,193.92,250
12828,0.62,0.12,0.5,32.02,11:41:32,193.9,200,193.93,300,193.9271,2500
12834,0.6100000000000001,0.07,0.54,36.37,11:41:36,193.89,200,193.91,200,193.9099,200
12840,0.6000000000000001,0.07,0.53,40.00000000000001,11:41:40,193.87,100,193.91,300,193.8914,200
12846,0.6,0.17,0.43,43.820000000000014,11:41:43,193.85,100,193.88,300,193.8581,300
12849,0.61,0.18,0.43,45.83000000000001,11:41:45,193.85,200,193.88,200,193.86,100
12852,0.59,0.16,0.43,47.81000000000002,11:41:47,193.85,200,193.88,200,193.8626,100
12856,0.5800000000000001,0.07,0.51,50.20000000000002,11:41:50,193.85,500,193.88,100,193.8517,100
12862,0.61,0.19,0.42,53.83000000000003,11:41:53,193.88,100,193.91,400,193.895,200
12884,0.26,0.07,0.19,1.6700000000000002,11:42:01,193.91,500,193.93,200,193.9197,200
12894,0.26,0.07,0.19,6.83,11:42:06,193.92,200,193.94,400,193.9125,1000
12905,1.42,1.16,0.26,12.929999999999998,11:42:12,193.97,600,193.98,200,193.98,209
12908,0.24000000000000002,0.07,0.17,13.649999999999999,11:42:13,193.97,300,193.98,100,193.9723,1000
12917,0.37,0.2,0.17,19.919999999999998,11:42:19,193.98,200,193.99,600,193.9816,1555
12923,0.24000000000000002,0.07,0.17,21.799999999999994,11:42:21,193.98,400,193.99,400,193.9801,100
12940,0.3,0.09,0.21,28.089999999999993,11:42:28,193.96,100,193.98,200,193.97,100
12944,0.45999999999999996,0.21,0.25,29.819999999999997,11:42:29,193.96,100,193.98,100,193.9796,500
12955,0.29000000000000004,0.07,0.22,33.859999999999985,11:42:33,194.03,200,194.05,400,194.05,200
12962,0.28,0.08,0.2,35.859999999999985,11:42:35,193.96,200,193.99,100,193.975,455
12968,0.31,0.11,0.2,37.73999999999999,11:42:37,193.98,1100,194.0,300,193.9998,800
12975,0.33999999999999997,0.15,0.19,39.79999999999999,11:42:39,194.01,100,194.05,400,194.03,100
12981,0.41000000000000003,0.22,0.19,41.929999999999986,11:42:41,194.01,100,194.03,200,194.01,2000
12986,0.23,0.07,0.16,43.61999999999998,11:42:43,194.01,100,194.03,100,194.0213,200
12987,0.27,0.07,0.2,43.889999999999986,11:42:43,193.98,1000,193.99,100,194.0,100
12993,0.37,0.18,0.19,45.669999999999995,11:42:45,193.98,100,194.01,400,193.99,100
12999,0.34,0.14,0.2,47.82,11:42:47,194.02,200,194.04,200,194.02900000000002,500
13004,0.39,0.19,0.2,49.800000000000004,11:42:49,194.04,100,194.05,200,194.02,100
13010,0.36,0.17,0.19,51.9,11:42:51,194.04,100,194.05,100,194.0499,100
13016,0.38,0.17,0.21,54.019999999999996,11:42:54,194.04,100,194.07,100,194.0441,400
13027,0.39,0.2,0.19,0.0,11:43:00,193.95,500,193.99,600,193.9629,1683
13032,0.41000000000000003,0.22,0.19,1.8800000000000003,11:43:01,193.95,500,193.99,900,193.95,400
13037,0.75,0.55,0.2,4.07,11:43:04,193.91,100,193.96,400,193.91,100
13040,0.25,0.08,0.17,6.720000000000001,11:43:06,193.92,600,193.96,300,193.96,100
13057,0.44999999999999996,0.21,0.24,18.06,11:43:18,193.91,500,193.94,100,193.9264,200
13066,0.28,0.07,0.21,23.89,11:43:23,193.91,400,193.95,500,193.9295,185
13077,0.39,0.17,0.22,28.030000000000005,11:43:28,193.91,700,193.95,400,193.9348,100
13118,0.4,0.18,0.22,44.03000000000002,11:43:44,193.87,200,193.9,2100,193.885,300
13121,0.44999999999999996,0.24,0.21,45.29000000000003,11:43:45,193.87,200,193.9,2100,193.8808,500
13123,0.33,0.13,0.2,46.010000000000026,11:43:46,193.86,900,193.88,300,193.87,100
13128,0.28,0.07,0.21,47.860000000000035,11:43:47,193.83,800,193.85,100,193.83,250
13141,0.41000000000000003,0.22,0.19,52.31000000000003,11:43:52,193.81,1300,193.84,300,193.79,100
13150,0.24000000000000002,0.07,0.17,2.82,11:45:02,193.84,800,193.88,200,193.85,300
13157,0.24000000000000002,0.07,0.17,4.840000000000001,11:45:04,193.84,1000,193.87,100,193.8604,2400
13163,0.39,0.21,0.18,6.870000000000001,11:45:06,193.83,100,193.85,300,193.84,100
13183,0.25,0.08,0.17,12.950000000000003,11:45:12,193.86,200,193.88,100,193.8693,203
13189,0.35,0.17,0.18,14.800000000000002,11:45:14,193.86,200,193.88,100,193.872,500
13219,0.24000000000000002,0.07,0.17,23.909999999999993,11:45:23,193.92,100,193.96,1000,193.935,100
13229,0.39,0.22,0.17,26.969999999999995,11:45:26,193.92,200,193.95,300,193.9403,500
13235,0.54,0.21,0.33,28.949999999999996,11:45:28,193.92,200,193.96,300,193.9364,400
13238,1.7,1.49,0.21,31.139999999999993,11:45:31,193.93,300,193.97,400,193.9597,100
13244,0.25,0.08,0.17,32.81999999999999,11:45:32,193.94,200,193.98,400,193.955,100
13252,0.24000000000000002,0.07,0.17,34.91,11:45:34,193.95,300,193.98,100,193.9755,205
13258,0.26,0.08,0.18,36.63999999999999,11:45:36,193.98,200,194.0,2300,193.9701,451
13259,0.32,0.14,0.18,36.959999999999994,11:45:36,194.0,100,194.03,100,194.015,300
13265,0.29000000000000004,0.12,0.17,38.919999999999995,11:45:38,194.0,200,194.04,400,194.0028,100
13268,0.24000000000000002,0.07,0.17,39.72,11:45:39,194.0,200,194.04,400,194.0291,3500
13278,0.24000000000000002,0.07,0.17,0.0,11:46:00,194.0,100,194.04,600,194.00400000000002,200
13291,0.25,0.08,0.17,4.02,11:46:04,194.01,100,194.04,100,194.04,100
13293,0.28,0.12,0.16,6.89,11:46:06,194.01,500,194.05,100,194.0104,100
13295,4.75,4.48,0.27,12.0,11:46:12,194.04,200,194.07,300,194.06900000000002,100
13296,0.25,0.09,0.16,12.25,11:46:12,194.08,200,194.12,400,194.12,1247
13303,0.24,0.08,0.16,14.08,11:46:14,194.07,100,194.1,100,194.0869,1250
13305,0.24000000000000002,0.07,0.17,16.23,11:46:16,194.07,100,194.1,400,194.08,100
13308,2.19,1.99,0.2,21.19,11:46:21,194.07,200,194.11,100,194.085,1500
13311,0.54,0.29,0.25,22.39,11:46:22,194.1,200,194.14,200,194.14,100
13316,0.38,0.21,0.17,24.220000000000002,11:46:24,194.13,100,194.16,100,194.16,100
13321,0.28,0.07,0.21,25.91,11:46:25,194.13,100,194.16,100,194.145,844
13322,0.29000000000000004,0.07,0.22,26.2,11:46:26,194.1,600,194.15,200,194.11,100
13327,0.30000000000000004,0.07,0.23,28.099999999999998,11:46:28,194.1,100,194.15,200,194.1,100
13334,0.35,0.16,0.19,30.169999999999998,11:46:30,194.1,100,194.13,300,194.13,100
13339,0.25,0.07,0.18,31.89,11:46:31,194.1,100,194.13,200,194.1149,300
13346,0.27,0.09,0.18,34.02000000000001,11:46:34,194.1,100,194.13,300,194.1017,1500
13353,0.33999999999999997,0.15,0.19,36.15000000000001,11:46:36,194.1,600,194.13,200,194.115,100
13360,0.28,0.07,0.21,38.100000000000016,11:46:38,194.12,400,194.15,400,194.1461,100
13365,0.38,0.21,0.17,39.930000000000014,11:46:39,194.12,200,194.15,300,194.1201,2604
13371,0.44,0.23,0.21,41.98000000000001,11:46:41,194.12,600,194.15,300,194.138,100
13377,0.29000000000000004,0.07,0.22,44.11000000000002,11:46:44,194.16,100,194.18,100,194.15,100
13379,0.43,0.19,0.24,44.99000000000002,11:46:44,194.16,100,194.18,100,194.1664,3500
13382,0.58,0.23,0.35,46.41000000000002,11:46:46,194.16,300,194.18,200,194.1722,100
13399,0.47000000000000003,0.27,0.2,52.45000000000001,11:46:52,194.08,700,194.12,100,194.081,500
13425,0.39,0.18,0.21,0.0,11:47:00,194.03,100,194.07,200,194.095,100
13444,0.42000000000000004,0.23,0.19,6.129999999999999,11:47:06,193.97,100,194.0,100,193.9958,400
13451,0.35,0.12,0.23,11.909999999999998,11:47:11,194.02,100,194.09,1000,194.06,100
13452,0.28,0.07,0.21,12.189999999999998,11:47:12,194.08,100,194.13,1000,194.105,100
13457,0.4,0.19,0.21,13.979999999999997,11:47:13,194.08,200,194.12,300,194.0907,500
13461,2.77,2.55,0.22,17.779999999999998,11:47:17,194.04,500,194.09,400,194.041,210
13462,0.32,0.12,0.2,18.099999999999998,11:47:18,194.03,400,194.08,200,194.07,100
13468,0.26,0.08,0.18,19.899999999999995,11:47:19,194.05,400,194.08,100,194.0692,1000
13478,0.27,0.09,0.18,23.239999999999995,11:47:23,194.07,1100,194.1,100,194.0874,500
13480,0.29000000000000004,0.07,0.22,23.909999999999993,11:47:23,194.09,100,194.12,100,194.09799999999998,500
13487,0.4,0.18,0.22,26.049999999999997,11:47:26,194.09,100,194.12,100,194.1035,700
13506,0.27,0.08,0.19,31.990000000000002,11:47:31,194.14,100,194.18,200,194.1601,1216
13516,0.45,0.23,0.22,35.300000000000004,11:47:35,194.14,200,194.16,100,194.15900000000002,100
13518,0.29000000000000004,0.07,0.22,35.88,11:47:35,194.11,100,194.16,100,194.1353,200
13524,0.34,0.08,0.26,37.93,11:47:37,194.11,100,194.16,100,194.1599,100
13530,0.43,0.21,0.22,40.07999999999999,11:47:40,194.11,100,194.16,100,194.1101,1000
13536,0.29000000000000004,0.09,0.2,41.92,11:47:41,194.12,300,194.16,100,194.1234,100
13541,0.4,0.18,0.22,43.85,11:47:43,194.12,900,194.16,100,194.1481,250
13547,0.38,0.17,0.21,46.10000000000001,11:47:46,194.12,300,194.16,100,194.1576,400
13559,0.33,0.13,0.2,49.95000000000001,11:47:49,194.12,300,194.16,100,194.1396,300
13571,0.39,0.2,0.19,54.15,11:47:54,194.13,400,194.16,100,194.1474,500
13577,0.25,0.08,0.17,55.81,11:47:55,194.12,300,194.15,100,194.1374,1000
13584,0.39,0.22,0.17,0.0,11:48:00,194.17,200,194.21,100,194.1865,459
13590,0.47000000000000003,0.27,0.2,2.14,11:48:02,194.17,200,194.21,100,194.2,100
13596,2.39,2.17,0.22,6.6,11:48:06,194.21,400,194.24,100,194.24,100
13597,1.23,1.03,0.2,7.83,11:48:07,194.21,200,194.25,3500,194.2249,100
13598,3.7800000000000002,3.6,0.18,11.61,11:48:11,194.19,100,194.21,100,194.21,100
13603,1.68,1.45,0.23,14.59,11:48:14,194.19,100,194.21,300,194.1924,100
13606,2.17,1.92,0.25,17.41,11:48:17,194.16,200,194.19,100,194.17,100
