,Total Delay,Request Delay,Saving Delay,Arrival Time,Time,Bid,Bid Size,Ask,Ask Size,Last Price,Last Size
0,0.6499999999999999,0.3,0.35,0.6499999999999999,09:30:00,207.02,100,208.43,200,207.72,100
338,0.3,0.08,0.22,0.0,09:33:00,207.24,200,208.32,100,208.18,104
551,0.47,0.25,0.22,0.0,09:34:00,207.4,100,208.18,100,208.0,100
614,0.38,0.08,0.3,0.0,09:35:00,206.89,100,207.57,200,207.02,100
617,3.8,3.55,0.25,4.83,09:35:04,206.57,200,207.55,200,206.89,100
662,0.56,0.29,0.27,30.749999999999996,09:35:30,206.59,200,207.51,600,207.47,100
668,0.26,0.07,0.19,32.669999999999995,09:35:32,207.29,100,207.81,200,207.49,100
674,0.44999999999999996,0.21,0.24,34.75,09:35:34,207.29,100,208.01,200,207.81,100
810,0.4,0.12,0.28,0.0,09:36:00,207.36,100,207.99,100,207.97,100
959,0.48,0.21,0.27,11.420000000000005,09:37:11,207.56,400,208.32,100,207.9,100
965,0.42,0.18,0.24,13.490000000000006,09:37:13,207.56,400,208.34,100,208.32,100
989,0.36,0.07,0.29,23.67000000000001,09:37:23,207.56,400,208.33,100,207.945,100
1051,0.47,0.17,0.3,29.99,09:38:29,207.56,200,208.32,100,207.94,100
1084,0.41000000000000003,0.17,0.24,43.72999999999998,09:38:43,207.56,200,208.31,100,207.99,100
1181,0.43,0.18,0.25,0.0,09:39:00,208.2,200,208.74,100,208.31,100
1193,0.44999999999999996,0.15,0.3,4.3500000000000005,09:39:04,208.2,300,208.8,100,208.44,100
1211,0.45,0.2,0.25,12.36,09:39:12,208.21,700,208.85,100,208.505,100
1283,2.42,2.13,0.29,0.0,09:40:00,208.23,600,208.79,100,208.5,100
1314,0.45999999999999996,0.21,0.25,14.77,09:40:14,208.25,700,208.79,100,208.78,100
1319,0.49,0.28,0.21,16.58,09:40:16,208.25,800,208.79,100,208.69,100
1346,0.45,0.19,0.26,26.409999999999993,09:40:26,208.25,100,208.78,100,208.52,100
1440,0.31,0.08,0.23,0.0,09:41:00,208.29,1300,208.79,100,208.54,100
1469,0.56,0.23,0.33,9.870000000000001,09:41:09,208.3,100,208.78,200,208.535,100
1487,0.31,0.12,0.19,15.719999999999999,09:41:15,208.31,1200,208.78,200,208.545,100
1519,0.38,0.08,0.3,28.140000000000008,09:41:28,208.56,100,208.95,300,208.755,100
1523,0.47,0.09,0.38,29.97000000000001,09:41:29,208.58,100,208.99,100,208.95,100
1528,0.33,0.07,0.26,32.00000000000001,09:41:32,208.58,100,208.99,100,208.785,100
1568,0.38,0.07,0.31,0.0,09:42:00,208.78,200,208.98,100,208.97,100
1572,0.38,0.07,0.31,1.85,09:42:01,208.78,200,208.99,100,208.88,100
1577,0.48,0.17,0.31,3.97,09:42:03,208.78,200,208.98,100,208.89,100
1627,0.44,0.24,0.2,25.940000000000005,09:42:25,208.78,200,208.97,100,208.875,100
1632,0.33,0.07,0.26,27.71,09:42:27,208.27,100,208.78,100,208.28,123
1686,0.31,0.07,0.24,0.0,09:43:00,208.24,100,208.71,100,208.27,100
1692,1.6300000000000001,1.29,0.34,4.8500000000000005,09:43:04,208.23,100,208.53,100,208.24,100
1721,0.32,0.08,0.24,18.070000000000004,09:43:18,208.27,100,208.64,100,208.455,100
1956,0.43000000000000005,0.09,0.34,0.0,09:45:00,208.39,100,208.75,100,208.565,100
2005,0.43,0.07,0.36,28.09000000000001,09:45:28,208.38,100,208.75,100,208.465,100
2025,0.35000000000000003,0.08,0.27,36.00000000000001,09:45:36,208.48,100,208.75,100,208.68,100
2030,0.38,0.2,0.18,37.80000000000001,09:45:37,208.48,100,208.75,100,208.615,100
2046,0.41000000000000003,0.15,0.26,43.85000000000001,09:45:43,208.48,100,208.78,100,208.625,100
2052,0.39,0.15,0.24,46.16000000000001,09:45:46,208.48,100,208.78,200,208.63,150
2093,0.32,0.07,0.25,0.0,09:46:00,208.49,100,208.77,100,208.77,100
2096,0.8099999999999999,0.58,0.23,1.52,09:46:01,208.5,100,208.77,100,208.74,104
2115,0.34,0.08,0.26,12.08,09:46:12,208.69,100,209.15,100,208.685,100
2118,2.44,2.1,0.34,17.57,09:46:17,207.94,100,208.54,100,208.49,100
2120,0.46,0.14,0.32,18.470000000000002,09:46:18,208.0,100,208.53,100,208.41,100
2124,0.31,0.09,0.22,20.060000000000002,09:46:20,207.97,100,208.54,200,208.36,100
2233,0.25,0.07,0.18,0.0,09:47:00,208.07,100,208.52,100,208.29,100
2594,0.37,0.07,0.3,0.0,09:49:00,207.99,100,208.33,200,208.0988,100
2751,5.26,5.09,0.17,0.0,09:50:00,207.72,200,208.1,200,207.93,100
2779,0.44999999999999996,0.21,0.24,0.0,09:51:00,207.73,500,208.09,300,207.91,100
2817,0.38,0.08,0.3,20.04,09:51:20,207.78,100,208.07,200,207.87,100
2880,0.34,0.07,0.27,43.90999999999998,09:51:43,208.05,100,208.4,100,208.09,100
2886,0.44,0.21,0.23,46.05999999999998,09:51:46,208.2,100,208.64,100,208.42,100
2907,0.25,0.07,0.18,53.77999999999997,09:51:53,208.2,100,208.59,100,208.2631,200
3172,0.31,0.13,0.18,0.0,09:53:00,208.34,200,208.57,100,208.46,100
3227,0.39,0.22,0.17,0.0,09:54:00,208.35,100,208.57,100,208.35,100
3274,0.24000000000000002,0.07,0.17,27.850000000000005,09:54:27,208.18,100,208.4,100,208.17,100
3329,0.24000000000000002,0.07,0.17,45.69000000000001,09:54:45,208.2,100,208.4,100,208.385,100
3384,0.4,0.1,0.3,0.0,09:55:00,208.28,100,208.45,100,208.345,200
3518,0.91,0.63,0.28,0.0,09:56:00,208.35,200,208.55,100,208.45,100
3519,0.47,0.22,0.25,0.47,09:56:00,208.37,100,208.56,100,208.55,100
3522,0.33,0.07,0.26,1.62,09:56:01,208.36,100,208.84,100,208.525,185
3568,0.55,0.21,0.34,26.029999999999998,09:56:26,208.52,400,208.73,100,208.71,100
3572,0.4,0.07,0.33,27.859999999999996,09:56:27,208.53,100,208.8,100,208.73,100
3616,0.4,0.22,0.18,43.7,09:56:43,208.66,100,208.8,100,208.72,200
3679,3.34,3.09,0.25,0.0,09:57:00,208.3,100,208.56,100,208.64,100
3807,0.37,0.18,0.19,0.0,09:58:00,208.31,200,208.55,100,208.43,100
3941,2.56,2.22,0.34,0.0,09:59:00,208.31,200,208.52,100,208.415,100
4014,0.34,0.17,0.17,28.51000000000001,09:59:28,208.53,200,208.78,100,208.595,100
4021,0.25,0.08,0.17,30.49000000000001,09:59:30,208.53,200,208.79,100,208.498,100
4077,0.25,0.07,0.18,50.550000000000004,09:59:50,208.59,100,208.82,100,208.705,100
4094,0.32,0.07,0.25,0.0,10:00:00,208.61,100,208.82,100,208.7,100
4141,0.54,0.18,0.36,28.120000000000005,10:00:28,208.66,300,208.8,100,208.66,100
4155,0.48,0.17,0.31,34.44,10:00:34,208.66,300,208.79,100,208.725,200
4159,0.5,0.24,0.26,36.15999999999999,10:00:36,208.3,100,208.67,100,208.59,100
4190,0.54,0.08,0.46,50.549999999999976,10:00:50,208.46,100,208.72,100,208.585,100
4202,1.21,0.77,0.44,0.0,10:01:00,208.45,100,208.69,100,208.575,200
4324,0.28,0.08,0.2,49.49000000000004,10:01:49,208.12,100,208.39,100,208.13,100
4330,0.28,0.08,0.2,51.47000000000004,10:01:51,208.12,100,208.39,100,208.305,400
4373,5.0600000000000005,4.79,0.27,0.0,10:02:00,208.15,100,208.39,200,208.2,100
4520,0.36000000000000004,0.08,0.28,8.110000000000001,10:03:08,208.39,100,208.6,100,208.495,200
4595,0.27,0.1,0.17,37.900000000000006,10:03:37,208.12,100,208.34,100,208.14,100
4602,0.4,0.23,0.17,40.02,10:03:40,208.09,100,208.34,200,208.12,100
4621,0.36,0.15,0.21,45.78,10:03:45,208.09,100,208.24,200,208.165,100
4769,0.5,0.28,0.22,40.63000000000001,10:04:40,208.53,100,208.75,100,208.56,100
4806,0.38,0.19,0.19,1.9899999999999998,10:05:01,208.65,300,208.8,100,208.65,100
4823,0.3,0.09,0.21,13.81,10:05:13,208.51,100,208.77,100,208.635,100
4881,0.43,0.19,0.24,33.8,10:05:33,207.98,100,208.47,100,208.22,1100
4907,0.42000000000000004,0.22,0.2,44.049999999999976,10:05:44,208.0,100,208.45,200,208.3595,100
4916,0.26,0.07,0.19,47.71999999999996,10:05:47,208.27,100,208.6,100,208.39,100
4928,0.37,0.19,0.18,0.0,10:06:00,208.27,100,208.6,100,208.435,100
4946,0.30000000000000004,0.13,0.17,9.820000000000002,10:06:09,208.35,100,208.7,100,208.53,100
4994,0.45999999999999996,0.22,0.24,34.25999999999999,10:06:34,208.41,200,208.63,100,208.5125,100
4999,0.37,0.17,0.2,36.12999999999999,10:06:36,208.41,200,208.63,100,208.5405,100
5015,0.38,0.14,0.24,42.06000000000001,10:06:42,208.41,200,208.56,100,208.48,100
5044,0.24000000000000002,0.07,0.17,52.000000000000014,10:06:52,208.41,400,208.56,100,208.47,100
5099,0.33999999999999997,0.18,0.16,12.780000000000001,10:07:12,208.31,500,208.5,300,208.34,100
5113,0.28,0.08,0.2,17.090000000000007,10:07:17,208.26,200,208.46,100,208.375,100
5147,0.28,0.07,0.21,29.300000000000008,10:07:29,208.36,100,208.71,200,208.51,100
5168,0.37,0.18,0.19,37.1,10:07:37,208.37,100,208.6,100,208.485,100
5220,0.28,0.07,0.21,0.0,10:08:00,208.42,100,208.59,200,208.4375,232
5439,0.46,0.27,0.19,0.0,10:09:00,208.37,100,208.56,100,208.4,100
5463,0.26,0.1,0.16,0.26,10:12:00,208.34,200,208.64,100,208.57,100
5580,0.38,0.18,0.2,18.11,10:13:18,208.47,100,208.75,100,208.61,100
6150,0.39,0.14,0.25,0.0,10:17:00,208.24,200,208.54,200,208.3,100
6275,0.35000000000000003,0.07,0.28,0.0,10:18:00,208.01,100,208.19,300,208.21,100
6291,4.31,3.94,0.37,11.419999999999998,10:18:11,208.01,100,208.19,300,208.1,100
6307,0.41000000000000003,0.2,0.21,21.679999999999993,10:18:21,208.05,200,208.43,100,208.25,100
6318,52.14,51.78,0.36,0.0,10:19:00,208.18,100,208.41,100,208.19,100
6547,0.34,0.07,0.27,4.069999999999999,10:21:04,208.54,100,208.68,400,208.6,100
6566,0.43,0.07,0.36,14.299999999999999,10:21:14,208.54,100,208.67,100,208.6002,100
6577,0.56,0.28,0.28,20.389999999999993,10:21:20,208.55,200,208.67,100,208.62,100
6679,0.53,0.21,0.32,37.01,10:22:37,208.42,100,208.61,300,208.515,100
6861,0.39,0.16,0.23,8.1,10:24:08,208.0,100,208.21,200,208.015,100
6896,0.52,0.22,0.3,28.059999999999995,10:24:28,207.87,100,208.21,300,208.04,100
6996,0.37,0.08,0.29,21.479999999999997,10:25:21,207.9,100,208.21,400,208.055,100
7005,0.43,0.08,0.35,25.829999999999995,10:25:25,207.92,100,208.21,300,207.95,100
7062,0.69,0.27,0.42,51.79999999999996,10:25:51,207.92,100,208.21,400,208.065,100
7093,0.55,0.23,0.32,0.0,10:26:00,208.16,100,208.45,200,208.23,100
7185,37.42,37.15,0.27,0.0,10:27:00,208.22,200,208.45,100,208.335,100
7348,0.35000000000000003,0.07,0.28,10.419999999999998,10:28:10,208.16,100,208.37,100,208.26,200
7381,0.38,0.17,0.21,22.319999999999993,10:28:22,208.18,100,208.43,100,208.295,100
7685,0.49,0.24,0.25,25.879999999999992,10:30:25,208.33,100,208.5,100,208.33,100
7804,0.4,0.23,0.17,0.0,10:33:00,208.69,200,208.93,200,208.805,100
8072,0.7799999999999999,0.08,0.7,0.0,10:35:00,208.54,100,208.72,400,208.645,200
8089,0.5599999999999999,0.08,0.48,11.96,10:35:11,208.45,100,208.88,100,208.665,100
8145,0.6100000000000001,0.07,0.54,0.0,10:36:00,208.5,100,208.85,100,208.675,100
8247,3.59,3.07,0.52,0.0,10:37:00,208.55,100,208.81,100,208.6631,155
8289,0.5900000000000001,0.07,0.52,25.150000000000002,10:37:25,208.55,100,208.71,200,208.5975,100
8299,0.6,0.21,0.39,31.340000000000007,10:37:31,208.51,100,208.7,200,208.605,100
8313,0.63,0.19,0.44,39.37000000000001,10:37:39,208.21,100,208.6,300,208.5622,1000
8335,0.6,0.21,0.39,4.220000000000001,10:38:04,208.25,100,208.6,200,208.425,100
8411,0.8500000000000001,0.18,0.67,0.0,10:39:00,208.57,100,208.77,100,208.67,100
8425,0.79,0.18,0.61,14.099999999999998,10:39:14,208.58,100,208.76,300,208.58,100
8823,0.59,0.08,0.51,44.15000000000002,10:43:44,208.19,200,208.51,100,208.37,100
8829,0.75,0.18,0.57,48.13000000000002,10:43:48,208.2,400,208.51,100,208.355,100
9108,0.62,0.19,0.43,0.0,10:47:00,208.62,200,208.8,100,208.8,100
9122,0.6000000000000001,0.07,0.53,14.8,10:47:14,208.62,200,208.79,300,208.7334,100
9175,0.6,0.22,0.38,46.63999999999999,10:47:46,208.63,200,208.76,100,208.695,100
9188,0.59,0.08,0.51,0.0,10:48:00,208.68,200,208.75,100,208.75,100
9477,0.64,0.18,0.46,5.989999999999999,10:51:05,208.26,100,208.42,100,208.325,200
9757,0.5900000000000001,0.07,0.52,0.5900000000000001,10:56:00,208.74,100,208.98,100,208.76,100
9777,0.75,0.21,0.54,14.42,10:56:14,208.76,100,208.87,200,208.815,100
9795,0.46,0.07,0.39,26.100000000000005,10:56:26,208.84,100,209.0,1000,208.96,100
9799,0.6100000000000001,0.07,0.54,28.860000000000007,10:56:28,208.84,200,209.0,1000,208.92,100
9819,0.53,0.21,0.32,2.17,10:57:02,208.91,100,209.0,1000,208.99,100
9822,0.43,0.07,0.36,10.16,10:57:10,208.67,100,208.88,100,208.775,100
9830,0.61,0.19,0.42,14.559999999999999,10:57:14,208.61,100,208.88,200,208.745,100
9850,0.61,0.21,0.4,27.94,10:57:27,208.75,200,208.83,100,208.81,100
9854,0.5700000000000001,0.23,0.34,29.91,10:57:29,208.75,200,208.88,100,208.83,100
9910,0.62,0.23,0.39,0.0,10:58:00,208.82,200,208.95,200,208.85,100
9919,1.4,0.93,0.47,8.360000000000001,10:58:08,208.77,100,208.88,200,208.82,200
9989,0.6,0.22,0.38,51.42000000000001,10:58:51,208.75,200,208.88,200,208.7825,1000
10064,0.56,0.07,0.49,43.74000000000002,10:59:43,208.62,100,208.88,100,208.7495,100
10256,135.06,134.46,0.6,0.0,11:03:00,208.94,100,209.2,200,209.13,100
10309,0.76,0.08,0.68,0.0,11:04:00,208.95,100,209.15,200,209.05,100
10323,0.6200000000000001,0.07,0.55,0.0,11:05:00,208.99,100,209.3,100,209.15,100
10324,0.59,0.08,0.51,0.59,11:05:00,209.0,100,209.34,100,209.14,100
10370,0.77,0.36,0.41,35.96000000000002,11:05:35,209.12,100,209.39,400,209.31,100
10381,0.59,0.29,0.3,42.00000000000002,11:05:42,209.24,100,209.39,400,209.38,100
10403,0.5700000000000001,0.07,0.5,54.220000000000006,11:05:54,209.25,100,209.47,100,209.39,100
10459,0.74,0.31,0.43,0.0,11:06:00,209.26,100,209.45,100,209.41,100
10510,0.44,0.13,0.31,0.0,11:07:00,209.26,100,209.45,100,209.4,100
10535,0.56,0.12,0.44,22.169999999999998,11:07:22,209.31,100,209.44,100,209.43,100
10549,0.6,0.22,0.38,29.810000000000002,11:07:29,209.31,100,209.5,3000,209.45,100
10561,0.61,0.18,0.43,36.19,11:07:36,209.5,100,209.66,200,209.5,100
10564,0.62,0.17,0.45,38.01,11:07:38,209.46,200,209.55,100,209.46,100
10566,0.43,0.07,0.36,39.01,11:07:39,209.47,100,209.67,100,209.55,100
10612,0.61,0.18,0.43,0.0,11:08:00,209.56,300,209.75,100,209.57,100
10632,0.59,0.08,0.51,17.23,11:08:17,209.58,300,209.76,100,209.67,100
10653,0.8,0.18,0.62,33.25,11:08:33,209.58,300,209.75,100,209.66,100
10682,0.6,0.09,0.51,51.490000000000016,11:08:51,209.6,200,209.74,300,209.73,100
10685,0.58,0.08,0.5,0.0,11:09:00,209.6,200,209.74,200,209.74,100
10728,0.61,0.21,0.4,28.22000000000001,11:09:28,209.75,200,210.0,200,209.75,100
10738,0.5700000000000001,0.07,0.5,34.00000000000001,11:09:34,209.75,300,209.92,100,209.835,100
10767,0.43,0.07,0.36,50.02000000000001,11:09:50,209.84,300,209.99,100,209.915,200
10770,0.57,0.08,0.49,51.76000000000001,11:09:51,209.79,600,209.94,100,209.89,100
10774,0.44,0.07,0.37,53.820000000000014,11:09:53,209.79,300,209.94,100,209.865,200
10778,0.43,0.07,0.36,56.02000000000001,11:09:56,209.74,400,209.86,100,209.76,100
10795,1.58,1.07,0.51,4.800000000000001,11:10:04,209.75,100,209.86,100,209.8,200
10800,0.61,0.17,0.44,12.22,11:10:12,209.66,100,209.77,200,209.7,100
10898,0.5700000000000001,0.12,0.45,20.38,11:11:20,209.7,400,209.88,300,209.79,200
10933,0.58,0.08,0.5,39.590000000000025,11:11:39,209.55,100,209.71,200,209.62,200
10966,0.5700000000000001,0.07,0.5,0.0,11:12:00,209.56,100,209.69,200,209.625,100
10971,0.44,0.07,0.37,6.23,11:12:06,209.68,100,209.72,100,209.69,100
10974,0.6,0.23,0.37,8.01,11:12:08,209.65,100,209.72,100,209.65,100
10981,0.5900000000000001,0.07,0.52,15.17,11:12:15,209.65,100,209.72,100,209.72,105
10984,2.54,2.04,0.5,21.56,11:12:21,209.65,100,209.71,200,209.68,100
10992,0.42,0.07,0.35,26.009999999999998,11:12:26,209.65,100,209.72,200,209.71,100
11131,2.7800000000000002,2.35,0.43,3.37,11:14:03,209.63,100,209.73,100,209.63,100
11193,0.57,0.08,0.49,44.179999999999986,11:14:44,209.5,200,209.68,100,209.52,100
11199,0.61,0.17,0.44,47.399999999999984,11:14:47,209.5,200,209.68,100,209.51,100
11293,0.5700000000000001,0.19,0.38,1.58,11:17:01,209.38,100,209.53,100,209.42,100
11420,1.38,0.88,0.5,0.0,11:19:00,209.36,200,209.49,100,209.425,100
11490,0.64,0.11,0.53,50.410000000000004,11:19:50,209.19,300,209.4,400,209.295,100
11493,0.61,0.13,0.48,0.0,11:20:00,209.12,100,209.28,400,209.19,100
11611,0.7799999999999999,0.09,0.69,0.0,11:21:00,208.98,100,209.09,200,209.09,100
11621,0.79,0.15,0.64,8.23,11:21:08,208.94,100,209.09,300,209.0675,410
11626,0.64,0.21,0.43,11.629999999999999,11:21:11,208.94,100,209.09,300,209.015,100
11853,0.66,0.21,0.45,0.0,11:24:00,209.11,200,209.41,100,209.29,100
11862,0.6,0.18,0.42,5.6,11:24:05,209.12,100,209.4,100,209.26,100
11869,0.61,0.08,0.53,9.819999999999999,11:24:09,209.13,100,209.4,100,209.265,100
11929,0.85,0.21,0.64,0.0,11:25:00,209.4,200,209.49,100,209.445,100
11932,0.79,0.2,0.59,2.37,11:25:02,209.44,400,209.68,100,209.56,100
11969,0.8,0.28,0.52,28.220000000000002,11:25:28,209.45,200,209.66,200,209.6,100
11983,0.75,0.08,0.67,0.0,11:26:00,209.46,100,209.63,100,209.545,100
12029,0.59,0.1,0.49,35.82000000000001,11:26:35,209.49,200,209.62,100,209.5775,100
12034,0.58,0.17,0.41,38.85000000000001,11:26:38,209.49,200,209.62,100,209.555,100
12057,0.5700000000000001,0.13,0.44,0.0,11:28:00,209.33,100,209.51,100,209.34,100
12093,0.61,0.18,0.43,0.0,11:29:00,209.35,200,209.51,200,209.36599999999999,100
12182,0.77,0.21,0.56,0.0,11:30:00,209.54,100,209.67,100,209.605,100
12263,0.43,0.07,0.36,53.960000000000015,11:31:53,209.46,100,209.55,100,209.53,150
12330,0.5800000000000001,0.07,0.51,38.19,11:32:38,209.48,100,209.62,100,209.575,320
12489,0.62,0.18,0.44,21.790000000000006,11:34:21,209.47,100,209.55,200,209.54,100
12509,0.6,0.08,0.52,34.570000000000014,11:34:34,209.42,500,209.48,200,209.47,100
12714,0.44,0.07,0.37,2.8400000000000003,11:38:02,209.31,100,209.45,500,209.455,100
12804,0.62,0.21,0.41,0.0,11:41:00,209.26,100,209.38,100,209.28,100
12852,0.59,0.16,0.43,33.97000000000001,11:41:33,209.26,300,209.41,100,209.37,100
12923,0.24000000000000002,0.07,0.17,21.799999999999994,11:42:21,209.29,200,209.58,200,209.395,100
13037,0.75,0.55,0.2,1.79,11:43:01,209.28,100,209.42,100,209.515,100
13088,0.45,0.19,0.26,29.720000000000002,11:43:29,209.28,100,209.42,200,209.35,100
13142,84.78,84.59,0.19,0.0,11:45:00,209.24,200,209.34,300,209.3,100
13196,0.23,0.07,0.16,16.71,11:45:16,209.26,100,209.33,100,209.33,100
13684,0.36,0.17,0.19,0.0,11:48:00,209.25,100,209.33,100,209.25,100
13715,0.42000000000000004,0.22,0.2,9.879999999999999,11:48:09,209.23,100,209.33,200,209.23,100
13768,0.38,0.21,0.17,0.0,11:49:00,209.23,200,209.31,100,209.27,100
13845,0.25,0.08,0.17,24.15,11:49:24,209.15,300,209.25,400,209.18,100
13964,0.30000000000000004,0.13,0.17,16.1,11:50:16,208.96,100,209.14,200,209.02,100
14001,0.33999999999999997,0.18,0.16,27.969999999999985,11:50:27,208.96,100,209.12,200,209.04,100
14146,0.27,0.08,0.19,0.0,11:51:00,208.99,100,209.11,100,209.085,100
14207,0.23,0.07,0.16,0.0,11:52:00,209.06,100,209.19,100,209.12,100
14349,0.41000000000000003,0.19,0.22,0.0,11:53:00,209.11,200,209.19,200,209.17,100
14516,1.04,0.77,0.27,3.0300000000000002,11:54:03,209.22,100,209.31,100,209.24,100
14806,4.1499999999999995,3.84,0.31,0.0,11:56:00,209.14,100,209.19,100,209.1,100
14822,1.77,1.53,0.24,8.77,11:56:08,209.19,100,209.25,200,209.21,100
14826,0.26,0.07,0.19,10.11,11:56:10,209.19,100,209.25,200,209.22,100
15124,0.45000000000000007,0.28,0.17,1.15,11:58:01,209.16,200,209.32,100,209.255,100
15239,0.31,0.08,0.23,38.99,11:58:38,209.29,200,209.42,100,209.355,100
15428,0.45,0.26,0.19,0.0,12:00:00,209.28,100,209.35,200,209.32,100
15443,0.8400000000000001,0.52,0.32,7.869999999999999,12:00:07,209.32,300,209.43,100,209.36,100
15584,3.4099999999999997,3.09,0.32,0.0,12:01:00,209.25,200,209.33,200,209.245,150
15981,0.28,0.07,0.21,0.0,12:03:00,209.33,400,209.4,300,209.3825,100
16095,0.29000000000000004,0.07,0.22,18.4,12:04:18,209.25,100,209.4,100,209.325,100
16362,3.7199999999999998,3.4,0.32,0.0,12:06:00,209.34,100,209.4,100,209.3775,100
16420,0.26,0.07,0.19,20.700000000000003,12:06:20,209.32,100,209.38,100,209.3475,100
16454,0.36,0.18,0.18,32.79000000000001,12:06:32,209.33,200,209.4,100,209.365,100
16556,0.4,0.21,0.19,16.299999999999997,12:07:16,209.34,100,209.47,100,209.405,100
16597,0.37,0.18,0.19,30.150000000000006,12:07:30,209.34,100,209.46,200,209.3808,1040
16964,0.44,0.18,0.26,0.0,12:10:00,209.23,400,209.32,200,209.275,100
17463,2.44,2.15,0.29,10.909999999999998,12:13:10,209.14,200,209.26,100,209.2,100
17466,2.19,2.0,0.19,19.07,12:13:19,209.15,100,209.23,100,209.195,100
17512,0.31000000000000005,0.14,0.17,33.790000000000006,12:13:33,209.22,100,209.28,100,209.2025,100
17573,0.39,0.23,0.16,52.080000000000005,12:13:52,209.12,100,209.25,100,209.225,100
17763,1.74,1.51,0.23,0.0,12:15:00,209.03,100,209.13,200,209.08,100
18064,0.23,0.07,0.16,0.0,12:17:00,209.02,300,209.2,200,209.0201,100
18570,3.2100000000000004,2.99,0.22,0.0,12:20:00,208.98,400,209.13,200,208.98,100
18707,0.24,0.08,0.16,0.0,12:21:00,209.09,200,209.21,100,209.01,100
18872,0.28,0.08,0.2,3.66,12:22:03,209.13,100,209.23,100,209.196,100
19242,0.41000000000000003,0.21,0.2,38.219999999999985,12:24:38,209.35,300,209.49,100,209.48,100
19273,0.30000000000000004,0.07,0.23,49.97999999999997,12:24:49,209.43,100,209.52,100,209.475,100
19318,3.4200000000000004,2.97,0.45,0.0,12:25:00,209.43,300,209.57,100,209.535,100
19442,0.28,0.09,0.19,8.13,12:26:08,209.46,100,209.56,100,209.58,100
19451,0.27,0.07,0.2,15.2,12:26:15,209.46,100,209.56,200,209.5098,100
19464,0.45999999999999996,0.21,0.25,22.03,12:26:22,209.54,100,209.75,100,209.635,200
19572,0.29000000000000004,0.09,0.2,0.0,12:27:00,209.56,100,209.73,300,209.6575,100
19680,0.23,0.07,0.16,45.83999999999998,12:27:45,209.68,100,209.77,100,209.725,100
19838,0.35,0.14,0.21,28.010000000000012,12:28:28,209.49,200,209.6,100,209.49,100
20556,0.37,0.18,0.19,30.28000000000001,12:33:30,209.4,100,209.54,100,209.44,100
21637,0.33,0.1,0.23,0.0,12:41:00,209.45,200,209.55,300,209.525,100
22477,0.41000000000000003,0.2,0.21,57.240000000000016,12:48:57,209.42,100,209.6,100,209.4433,150
22503,0.37,0.14,0.23,0.0,12:49:00,209.41,400,209.6,100,209.505,100
22635,0.42000000000000004,0.26,0.16,0.0,12:50:00,209.41,300,209.59,400,209.585,100
22825,0.23,0.07,0.16,7.960000000000002,12:51:07,209.51,100,209.59,100,209.59,100
22878,0.34,0.17,0.17,23.93,12:51:23,209.53,100,209.61,100,209.61,100
22901,0.24000000000000002,0.07,0.17,31.929999999999996,12:51:31,209.55,100,209.72,100,209.64,100
22960,0.25,0.08,0.17,7.960000000000001,12:52:07,209.57,300,209.66,100,209.615,100
24616,0.32,0.15,0.17,0.0,13:04:00,209.55,200,209.67,100,209.665,100
24937,0.37,0.14,0.23,0.0,13:09:00,209.61,300,209.82,100,209.78,100
25115,0.29,0.08,0.21,25.910000000000004,13:10:25,209.61,400,209.78,200,209.695,124
25596,0.42,0.07,0.35,0.0,13:14:00,209.69,300,209.8,200,209.745,100
25683,0.62,0.14,0.48,31.61,13:15:31,209.74,200,209.85,200,209.785,100
25714,0.64,0.18,0.46,50.230000000000004,13:15:50,209.7,200,209.77,200,209.735,100
25741,3.98,3.44,0.54,0.0,13:16:00,209.7,200,209.77,200,209.7455,188
26007,2.67,2.03,0.64,0.0,13:19:00,209.57,300,209.66,200,209.6275,200
26106,0.64,0.19,0.45,0.0,13:20:00,209.57,300,209.64,300,209.6225,100
26172,1.22,0.73,0.49,0.0,13:21:00,209.58,400,209.71,100,209.6775,200
26425,0.6000000000000001,0.07,0.53,0.0,13:23:00,209.8,100,209.98,100,209.98,100
26533,1.18,0.23,0.95,0.0,13:25:00,209.9,100,210.0,200,209.92,100
26535,1.19,0.39,0.8,2.2,13:25:02,209.96,300,210.13,200,210.0,100
26608,2.81,1.85,0.96,0.0,13:27:00,210.0,300,210.1,100,210.1,100
26633,1.21,0.24,0.97,30.570000000000004,13:27:30,210.0,300,210.1,100,210.05,100
26743,1.21,0.19,1.02,0.0,13:30:00,209.92,100,210.03,200,209.975,100
26747,1.4000000000000001,0.08,1.32,5.17,13:30:05,210.05,100,210.23,100,210.11,100
26748,1.41,0.18,1.23,6.58,13:30:06,210.06,100,210.23,200,210.21,100
26773,1.2000000000000002,0.13,1.07,38.769999999999996,13:30:38,210.07,300,210.21,100,210.13,100
26799,1.2,0.07,1.13,0.0,13:31:00,210.02,400,210.14,300,210.07,100
26812,1.2,0.17,1.03,16.39,13:31:16,210.02,200,210.14,100,210.06,100
26829,1.4,0.18,1.22,0.0,13:32:00,210.03,100,210.21,100,210.14,100
26848,1.2000000000000002,0.08,1.12,27.569999999999997,13:32:27,210.04,400,210.21,200,210.125,300
26906,1.5999999999999999,0.41,1.19,0.0,13:33:00,210.04,300,210.17,100,210.105,100
26929,1.2100000000000002,0.09,1.12,0.0,13:34:00,210.04,200,210.13,100,210.1075,100
26948,1.38,0.43,0.95,21.4,13:34:21,210.04,400,210.13,200,210.0444,117
27056,0.81,0.07,0.74,0.0,13:37:00,210.06,200,210.21,100,210.175,100
27090,1.41,0.21,1.2,41.59000000000001,13:37:41,210.06,200,210.19,300,210.08,100
27091,1.21,0.07,1.14,42.80000000000001,13:37:42,209.97,200,210.02,100,209.99,100
27094,1.18,0.22,0.96,46.390000000000015,13:37:46,209.96,300,210.06,100,210.02,151
27099,1.22,0.07,1.15,52.41000000000002,13:37:52,209.96,400,210.06,300,210.01,100
27106,1.19,0.17,1.02,0.0,13:38:00,209.94,100,210.05,300,209.96,274
27211,54.8,53.89,0.91,0.0,13:40:00,209.77,500,209.9,300,209.87,100
27222,1.2,0.16,1.04,1.2,13:41:01,209.77,500,209.9,300,209.855,100
27240,1.2,0.07,1.13,21.569999999999997,13:41:21,209.81,200,209.9,100,209.9,100
27264,1.4,0.23,1.17,0.0,13:42:00,209.82,100,209.95,300,209.84,100
27279,1.21,0.07,1.14,19.39,13:42:19,209.81,100,209.95,200,209.81,100
27287,1.4,0.19,1.21,29.780000000000005,13:42:29,209.79,100,209.87,100,209.85,100
27290,1.23,0.17,1.06,33.8,13:42:33,209.79,100,209.87,100,209.7901,100
27320,1.1800000000000002,0.07,1.11,0.0,13:43:00,209.72,300,209.84,100,209.77,100
27406,1.22,0.08,1.14,7.04,13:45:07,209.74,100,209.89,200,209.815,200
27468,1.1700000000000002,0.07,1.1,0.0,13:46:00,209.73,200,209.89,300,209.8336,150
27541,1.1600000000000001,0.07,1.09,33.980000000000004,13:47:33,209.72,100,209.81,200,209.765,100
27762,0.98,0.15,0.83,0.0,13:52:00,209.77,100,209.84,100,209.805,100
27948,1.2,0.18,1.02,23.599999999999998,13:55:23,209.62,300,209.67,200,209.645,100
28385,1.21,0.19,1.02,19.0,14:04:19,209.38,300,209.51,100,209.4661,125
28395,0.99,0.24,0.75,29.970000000000002,14:04:29,209.43,200,209.51,200,209.4249,892
28474,1.2000000000000002,0.08,1.12,0.0,14:06:00,209.43,200,209.51,200,209.4652,175
28901,3.58,2.89,0.69,0.0,14:14:00,209.3,200,209.41,400,209.3836,2012
29101,1.1800000000000002,0.08,1.1,0.0,14:18:00,209.4,100,209.51,100,209.435,200
29564,0.43999999999999995,0.09,0.35,21.67,14:23:21,209.32,300,209.41,400,209.3244,361
29978,0.5900000000000001,0.07,0.52,21.0,14:28:21,209.31,500,209.42,400,209.3925,100
30100,0.6000000000000001,0.07,0.53,0.0,14:30:00,209.26,300,209.37,400,209.315,100
30147,0.75,0.31,0.44,32.19000000000001,14:30:32,209.32,100,209.5,300,209.4525,100
30157,0.6000000000000001,0.14,0.46,38.19000000000001,14:30:38,209.32,400,209.49,100,209.485,100
30247,0.5900000000000001,0.07,0.52,30.08,14:31:30,209.32,400,209.45,200,209.385,100
30462,0.62,0.08,0.54,14.389999999999997,14:34:14,209.37,100,209.45,100,209.415,100
30620,0.81,0.18,0.63,1.57,14:38:01,209.38,100,209.5,100,209.38099999999997,100
30624,0.62,0.19,0.43,4.99,14:38:04,209.34,100,209.41,100,209.4099,100
30755,0.5900000000000001,0.07,0.52,39.92000000000001,14:39:39,209.46,100,209.55,200,209.5275,100
31015,0.6,0.08,0.52,0.0,14:43:00,209.5,500,209.53,200,209.5225,400
31493,0.43,0.07,0.36,28.220000000000002,14:48:28,209.45,400,209.6,100,209.565,100
31536,2.4299999999999997,1.93,0.5,8.04,14:49:08,209.47,100,209.59,100,209.5725,100
31619,1.02,0.44,0.58,12.97,14:50:12,209.57,200,209.61,100,209.5975,100
31871,0.43999999999999995,0.09,0.35,7.809999999999999,14:53:07,209.4,100,209.53,100,209.465,100
33013,0.81,0.07,0.74,17.86,15:08:17,209.74,500,209.86,100,209.86,100
33079,2.56,1.98,0.58,0.0,15:09:00,209.75,300,209.89,300,209.88,100
33084,0.44,0.07,0.37,2.4499999999999997,15:09:02,209.85,200,210.05,200,209.94,100
33117,0.5900000000000001,0.27,0.32,28.419999999999995,15:09:28,209.88,100,210.05,600,210.03,100
33127,0.6000000000000001,0.07,0.53,34.2,15:09:34,209.89,200,210.05,500,209.95,100
33492,0.6000000000000001,0.26,0.34,52.05999999999998,15:13:52,209.93,200,210.01,100,209.97,100
33495,0.46,0.14,0.32,53.88999999999998,15:13:53,209.93,300,210.02,100,210.005,100
33786,1.78,1.28,0.5,2.39,15:17:02,209.87,200,209.94,200,209.91,100
33873,0.58,0.08,0.5,13.819999999999999,15:18:13,209.75,100,209.9,100,209.82,100
33900,0.59,0.08,0.51,29.810000000000006,15:18:29,209.79,100,209.86,200,209.8325,100
33931,0.5900000000000001,0.07,0.52,50.030000000000015,15:18:50,209.79,100,209.84,200,209.8025,100
33979,0.6200000000000001,0.07,0.55,27.630000000000006,15:19:27,209.66,100,209.76,100,209.715,100
34025,0.56,0.07,0.49,0.0,15:20:00,209.66,100,209.75,500,209.72799999999998,175
34402,0.64,0.18,0.46,27.63,15:24:27,209.89,200,210.02,100,209.895,100
34643,2.37,1.82,0.55,7.37,15:27:07,210.04,200,210.15,100,210.095,100
34722,0.58,0.08,0.5,7.99,15:28:07,210.1,400,210.17,100,210.15,100
34728,0.62,0.23,0.39,11.83,15:28:11,210.1,400,210.17,100,210.1699,100
34759,0.62,0.08,0.54,33.79000000000001,15:28:33,210.1,500,210.22,100,210.17,100
34778,0.6000000000000001,0.07,0.53,45.95000000000002,15:28:45,210.1,600,210.2,200,210.16,100
34805,0.8,0.18,0.62,0.0,15:29:00,210.1,500,210.21,200,210.2,100
34868,0.97,0.14,0.83,0.0,15:30:00,210.1,800,210.18,100,210.18,100
35005,0.59,0.08,0.51,45.96000000000001,15:31:45,210.17,100,210.24,200,210.23,250
35012,0.63,0.25,0.38,49.99,15:31:49,210.17,100,210.25,300,210.24,100
35022,0.5700000000000001,0.07,0.5,2.24,15:32:02,210.2,400,210.25,300,210.205,100
35026,0.6,0.18,0.42,4.42,15:32:04,210.2,400,210.25,300,210.22,200
35262,0.44,0.07,0.37,41.59000000000001,15:34:41,209.88,200,209.97,200,209.9304,100
35399,2.3499999999999996,1.88,0.47,9.0,15:36:09,209.93,200,209.97,100,209.93099999999998,500
35445,0.63,0.24,0.39,34.390000000000015,15:36:34,209.91,200,209.96,200,209.93,100
35648,0.44,0.08,0.36,0.0,15:39:00,209.93,200,210.05,500,209.9903,385
35688,0.61,0.19,0.42,28.99,15:39:28,210.04,500,210.18,200,210.0495,154
35733,2.2,1.68,0.52,0.0,15:40:00,210.11,500,210.25,200,210.25,100
35751,0.7899999999999999,0.09,0.7,16.970000000000002,15:40:16,210.12,200,210.17,100,210.145,100
35820,0.43999999999999995,0.09,0.35,0.0,15:41:00,210.09,400,210.19,200,210.09,100
35899,0.7899999999999999,0.22,0.57,3.04,15:42:03,210.05,100,210.09,200,210.065,100
35973,0.6100000000000001,0.28,0.33,8.02,15:43:08,210.04,300,210.07,200,210.055,100
36009,0.61,0.17,0.44,30.17000000000001,15:43:30,210.04,400,210.07,100,210.04,100
36295,0.7699999999999999,0.08,0.69,38.01,15:46:38,210.02,300,210.1,100,210.075,100
36525,0.5700000000000001,0.14,0.43,25.590000000000003,15:49:25,210.06,100,210.11,300,210.085,100
36529,0.5700000000000001,0.07,0.5,27.8,15:49:27,210.07,100,210.14,100,210.12,100
36624,0.61,0.23,0.38,30.00000000000001,15:50:30,210.01,200,210.03,100,210.025,100
36684,0.6300000000000001,0.07,0.56,21.779999999999994,15:51:21,210.01,200,210.08,100,210.045,100
36811,0.6,0.08,0.52,0.0,15:53:00,210.05,300,210.11,200,210.0501,110
36984,3.04,2.57,0.47,8.02,15:55:08,210.17,100,210.2,100,210.1601,102
36991,0.6,0.08,0.52,14.619999999999997,15:55:14,210.17,100,210.21,100,210.19,100
36997,0.78,0.17,0.61,20.95,15:55:20,210.16,200,210.21,100,210.185,100
37038,0.76,0.07,0.69,49.16,15:55:49,210.16,300,210.2,300,210.16400000000002,150
37069,0.6,0.17,0.43,20.400000000000006,15:56:20,210.14,200,210.17,300,210.155,100
37186,0.61,0.2,0.41,10.41,15:59:10,209.56,1700,209.63,300,209.595,100
