,Total Delay,Request Delay,Saving Delay,Arrival Time,Time,Bid,Bid Size,Ask,Ask Size,Last Price,Last Size
0,0.6499999999999999,0.3,0.35,0.6499999999999999,09:30:00,1924.74,100,1932.77,200,1932.9658,125
12,0.35,0.16,0.19,4.76,09:30:04,1924.74,100,1932.48,100,1928.61,100
45,0.32,0.09,0.23,0.0,09:31:00,1924.74,100,1930.44,100,1925.13,100
64,2.08,1.88,0.2,10.02,09:31:10,1924.73,100,1930.35,100,1924.73,100
80,1.4100000000000001,1.07,0.34,21.98,09:31:21,1924.68,100,1930.32,100,1927.525,100
81,0.43000000000000005,0.17,0.26,22.41,09:31:22,1920.0,200,1930.32,100,1924.47,100
87,0.25,0.08,0.17,24.230000000000004,09:31:24,1920.01,100,1930.32,100,1926.82,100
241,0.26,0.09,0.17,0.0,09:32:00,1923.01,100,1931.0,700,1926.78,100
362,2.69,2.48,0.21,0.0,09:33:00,1920.0,200,1925.6,500,1922.37,100
417,0.39,0.2,0.19,18.870000000000005,09:33:18,1920.0,200,1931.0,800,1923.39,150
701,0.26,0.08,0.18,0.0,09:35:00,1920.01,300,1929.99,100,1929.99,100
785,0.42,0.21,0.21,0.0,09:36:00,1921.98,100,1925.24,200,1924.21,100
805,0.65,0.28,0.37,8.010000000000002,09:36:08,1920.61,200,1929.0,100,1925.24,100
949,0.4,0.09,0.31,0.0,09:37:00,1921.18,100,1926.06,100,1924.84,100
954,0.47,0.21,0.26,1.87,09:37:01,1921.18,100,1926.41,500,1923.795,220
1035,0.55,0.19,0.36,0.0,09:38:00,1924.01,100,1926.08,100,1925.58,200
1216,0.49,0.22,0.27,0.0,09:39:00,1921.39,100,1926.0,100,1923.88,100
1220,0.29000000000000004,0.07,0.22,1.4,09:39:01,1921.39,100,1926.0,100,1925.539,900
1256,0.5800000000000001,0.3,0.28,13.759999999999998,09:39:13,1921.55,100,1926.0,300,1922.48,100
1277,0.46,0.2,0.26,0.0,09:40:00,1923.77,100,1925.97,100,1923.77,100
1357,0.29,0.08,0.21,35.88999999999998,09:40:35,1920.01,100,1925.84,200,1922.7,100
1427,0.33,0.13,0.2,0.0,09:41:00,1920.62,200,1926.0,200,1921.96,100
1720,0.54,0.23,0.31,0.0,09:43:00,1921.82,200,1924.05,100,1923.22,100
1773,0.29000000000000004,0.07,0.22,20.18,09:43:20,1921.83,100,1924.02,100,1921.84,100
1799,0.6,0.24,0.36,30.30999999999999,09:43:30,1921.85,100,1924.02,100,1921.86,100
1837,1.29,1.03,0.26,0.0,09:44:00,1921.84,100,1924.02,200,1921.85,100
1847,0.46,0.18,0.28,5.1499999999999995,09:44:05,1920.04,100,1924.01,200,1921.01,200
1863,0.37,0.07,0.3,11.29,09:44:11,1920.04,100,1922.25,100,1920.52,100
1886,0.35,0.17,0.18,21.06,09:44:21,1920.02,100,1922.25,100,1920.02,100
1897,0.27,0.08,0.19,24.97,09:44:24,1920.58,100,1923.99,100,1921.14,110
1904,0.4,0.2,0.2,27.23,09:44:27,1920.6,100,1924.02,100,1922.305,100
1909,0.31,0.11,0.2,28.93,09:44:28,1920.6,100,1924.02,100,1920.61,100
1945,0.43,0.18,0.25,41.07000000000001,09:44:41,1920.62,200,1923.92,100,1921.3501,100
1956,0.43000000000000005,0.09,0.34,0.0,09:45:00,1920.7,100,1925.82,200,1921.53,105
1962,0.38,0.08,0.3,2.25,09:45:02,1920.01,200,1925.83,100,1920.7,100
2158,0.32999999999999996,0.09,0.24,0.0,09:46:00,1920.71,100,1923.46,100,1922.08,145
2164,0.44999999999999996,0.21,0.24,2.18,09:46:02,1920.7,100,1921.94,100,1921.93,100
2185,0.39,0.18,0.21,9.860000000000001,09:46:09,1920.04,100,1921.95,200,1920.43,196
2209,0.53,0.27,0.26,17.86,09:46:17,1920.04,100,1926.0,100,1921.95,100
2309,0.32999999999999996,0.09,0.24,0.0,09:47:00,1920.06,200,1926.0,100,1924.9,100
2328,0.3,0.09,0.21,5.659999999999999,09:47:05,1922.03,200,1926.0,100,1923.03,100
2373,0.39,0.2,0.19,0.0,09:48:00,1922.03,200,1925.0,100,1924.89,100
3075,0.6,0.23,0.37,0.0,09:53:00,1922.03,100,1924.9,200,1923.465,100
3085,0.29000000000000004,0.09,0.2,3.8600000000000003,09:53:03,1922.03,100,1923.47,200,1922.7476,100
3233,0.35,0.09,0.26,0.0,09:54:00,1923.47,100,1924.73,200,1924.095,100
3261,0.45,0.27,0.18,22.250000000000004,09:54:22,1924.15,300,1924.73,200,1924.15,100
3266,0.43000000000000005,0.26,0.17,23.950000000000006,09:54:23,1923.27,200,1925.99,100,1924.0,200
3410,0.32,0.08,0.24,0.0,09:55:00,1923.52,300,1925.0,100,1924.26,100
3634,0.4,0.21,0.19,0.0,09:56:00,1923.56,200,1925.0,200,1924.1,100
3652,0.27,0.07,0.2,0.0,09:57:00,1922.81,100,1925.0,100,1922.92,100
3657,0.38,0.09,0.29,1.9299999999999997,09:57:01,1922.81,100,1923.91,100,1922.815,100
3677,1.35,1.06,0.29,17.03,09:57:17,1922.81,200,1923.91,100,1923.36,100
3679,3.34,3.09,0.25,20.67,09:57:20,1923.17,400,1925.63,300,1924.41,100
3683,0.33999999999999997,0.09,0.25,22.07,09:57:22,1923.17,400,1925.63,300,1923.94,100
3817,0.25,0.09,0.16,3.87,09:58:03,1924.21,300,1925.31,100,1924.19,100
3819,2.66,2.47,0.19,6.79,09:58:06,1923.9,300,1925.61,100,1924.07,100
3875,0.35,0.12,0.23,28.040000000000017,09:58:28,1923.9,200,1925.6,100,1924.75,300
3924,0.36,0.19,0.17,45.92000000000002,09:58:45,1923.9,200,1925.37,200,1923.92,100
3936,0.27,0.08,0.19,0.0,09:59:00,1922.81,100,1924.09,100,1923.9,100
3955,0.39,0.22,0.17,10.85,09:59:10,1922.81,100,1924.09,200,1922.81,100
4039,0.32,0.09,0.23,40.280000000000015,09:59:40,1922.84,300,1925.47,100,1923.68,100
4050,0.43000000000000005,0.2,0.23,44.460000000000015,09:59:44,1923.81,200,1925.63,300,1925.0,100
4071,0.41000000000000003,0.18,0.23,52.410000000000004,09:59:52,1923.81,100,1925.57,100,1924.69,100
4125,0.73,0.27,0.46,0.0,10:00:00,1923.81,300,1925.57,200,1924.695,100
4133,0.46,0.18,0.28,3.54,10:00:03,1923.81,300,1925.57,200,1924.62,100
4138,0.41000000000000003,0.09,0.32,5.790000000000001,10:00:05,1923.81,300,1925.57,200,1924.7,100
4145,0.45000000000000007,0.17,0.28,9.49,10:00:09,1923.81,300,1925.57,200,1923.98,100
4159,0.5,0.24,0.26,15.479999999999997,10:00:15,1923.8101,300,1925.5601,100,1924.9668,100
4256,0.29000000000000004,0.09,0.2,0.0,10:01:00,1924.16,100,1925.57,200,1925.345,100
4306,0.29000000000000004,0.1,0.19,16.04,10:01:16,1924.2,100,1926.99,200,1926.24,100
4381,0.76,0.5,0.26,0.0,10:02:00,1924.41,100,1926.94,100,1926.2,100
4385,0.24000000000000002,0.07,0.17,0.97,10:02:00,1925.31,100,1926.99,200,1926.94,100
4410,0.38,0.09,0.29,9.310000000000004,10:02:09,1927.06,200,1928.0,200,1926.99,200
4438,0.32,0.08,0.24,19.100000000000005,10:02:19,1927.06,200,1929.0,100,1928.0,150
4520,0.36000000000000004,0.08,0.28,0.0,10:03:00,1927.07,400,1929.0,100,1928.135,100
4538,2.86,2.63,0.23,11.700000000000001,10:03:11,1928.07,200,1929.45,300,1928.91,100
4569,0.28,0.07,0.21,21.81000000000001,10:03:21,1928.0699,400,1929.74,100,1929.0254,300
4602,0.4,0.23,0.17,31.910000000000004,10:03:31,1928.08,100,1929.62,100,1928.92,100
4639,0.4,0.2,0.2,43.86999999999999,10:03:43,1928.1,100,1929.59,100,1929.4,100
4652,0.24000000000000002,0.07,0.17,47.85,10:03:47,1928.09,400,1931.36,100,1930.0,100
4673,0.38,0.14,0.24,0.0,10:04:00,1929.44,100,1931.04,100,1930.77,100
4678,0.45,0.25,0.2,3.36,10:04:03,1928.11,100,1931.88,100,1929.27,100
4680,0.36,0.14,0.22,4.08,10:04:04,1928.09,300,1931.88,100,1929.64,100
4748,0.44,0.21,0.23,32.11000000000001,10:04:32,1928.11,200,1930.98,100,1930.0067,100
4778,0.47,0.21,0.26,44.370000000000005,10:04:44,1928.89,200,1930.99,100,1929.695,100
4793,0.42000000000000004,0.09,0.33,0.0,10:05:00,1928.89,400,1930.61,100,1929.85,100
4817,0.31,0.08,0.23,11.600000000000001,10:05:11,1928.89,300,1930.3199,100,1929.6005,100
4819,2.35,1.95,0.4,14.32,10:05:14,1928.11,200,1930.52,100,1929.44,100
4833,0.29,0.08,0.21,21.699999999999996,10:05:21,1928.12,100,1930.46,100,1929.375,100
4934,0.28,0.08,0.2,0.0,10:06:00,1929.68,300,1931.08,100,1931.24,602
4939,1.7,1.53,0.17,5.970000000000001,10:06:05,1929.68,300,1931.08,100,1931.0,500
4952,2.39,2.14,0.25,16.930000000000003,10:06:16,1929.69,100,1931.17,100,1931.08,100
5010,0.35,0.09,0.26,38.230000000000004,10:06:38,1930.0,100,1931.81,100,1931.79,100
5063,0.27,0.08,0.19,55.98000000000003,10:06:55,1930.51,100,1931.88,100,1931.8799,176
5084,1.94,1.74,0.2,0.0,10:07:00,1930.53,100,1932.79,100,1931.87,100
5085,0.23,0.07,0.16,0.23,10:07:00,1930.53,200,1932.71,100,1931.52,100
5239,0.37,0.21,0.16,0.0,10:08:00,1930.5,100,1932.53,100,1931.17,100
5245,3.9699999999999998,3.65,0.32,5.56,10:08:05,1930.5,200,1932.53,100,1930.505,100
5462,168.17,168.0,0.17,0.0,10:11:00,1930.31,500,1932.11,100,1931.16,100
5557,0.35000000000000003,0.07,0.28,0.0,10:13:00,1931.16,300,1932.03,100,1932.0,100
5560,2.4,2.01,0.39,4.890000000000001,10:13:04,1931.16,300,1932.54,100,1931.845,100
5772,0.23,0.07,0.16,5.74,10:14:05,1931.2,400,1932.54,100,1931.865,100
5861,3.37,3.02,0.35,5.37,10:15:05,1931.2,600,1932.54,100,1932.46,100
5907,0.37,0.18,0.19,28.469999999999995,10:15:28,1932.01,100,1933.88,100,1932.945,100
5983,0.25,0.07,0.18,50.30000000000004,10:15:50,1932.95,100,1934.96,100,1933.195,100
6082,0.43,0.24,0.19,0.0,10:16:00,1933.14,300,1934.93,100,1933.98,100
6128,0.25,0.07,0.18,15.899999999999999,10:16:15,1933.3,500,1934.8,100,1934.08,300
6181,0.38,0.08,0.3,0.0,10:17:00,1933.32,500,1934.57,200,1933.905,100
6225,0.28,0.08,0.2,16.099999999999994,10:17:16,1933.32,600,1934.57,200,1934.0,100
6292,1.16,0.95,0.21,0.0,10:18:00,1933.32,600,1934.5,100,1933.925,100
6318,52.14,51.78,0.36,0.0,10:19:00,1931.98,100,1934.4,200,1933.26,100
6437,0.43,0.21,0.22,0.0,10:20:00,1932.3,100,1934.19,100,1933.71,100
6547,0.34,0.07,0.27,4.069999999999999,10:21:04,1933.73,100,1934.38,200,1934.17,100
6559,0.6000000000000001,0.07,0.53,10.14,10:21:10,1933.73,100,1934.8,100,1934.6,100
6563,0.71,0.23,0.48,12.68,10:21:12,1933.73,100,1935.22,200,1934.24,100
6566,0.43,0.07,0.36,14.299999999999999,10:21:14,1933.73,100,1935.22,100,1934.475,200
6637,2.21,1.94,0.27,0.0,10:22:00,1933.73,500,1935.21,100,1934.47,100
6673,0.61,0.23,0.38,18.28,10:22:18,1933.73,400,1935.11,100,1934.2725,100
6734,2.37,1.92,0.45,0.0,10:23:00,1932.55,200,1934.5,400,1933.0,900
6735,0.52,0.17,0.35,0.52,10:23:00,1932.09,100,1933.96,200,1932.57,100
6751,0.44999999999999996,0.24,0.21,12.080000000000002,10:23:12,1932.09,100,1933.94,100,1933.015,100
6757,0.43,0.21,0.22,14.160000000000002,10:23:14,1932.09,100,1933.94,100,1932.27,100
6768,0.42,0.13,0.29,18.090000000000003,10:23:18,1932.27,100,1933.93,100,1933.1,100
6798,0.42000000000000004,0.19,0.23,30.38000000000001,10:23:30,1932.27,200,1935.19,100,1933.94,100
6872,0.39,0.07,0.32,0.0,10:24:00,1932.81,200,1935.22,100,1935.19,100
6905,0.5,0.18,0.32,16.270000000000003,10:24:16,1933.95,100,1935.99,100,1935.125,200
6930,0.44999999999999996,0.21,0.24,26.37,10:24:26,1934.49,100,1935.59,100,1935.0,300
6952,0.38,0.08,0.3,36.28000000000001,10:24:36,1934.49,100,1935.59,100,1935.0066,300
7039,0.41000000000000003,0.14,0.27,44.01999999999999,10:25:44,1934.51,300,1935.58,100,1935.035,100
7142,0.32,0.07,0.25,35.790000000000006,10:26:35,1933.28,100,1934.45,100,1934.41,100
7166,0.5700000000000001,0.13,0.44,48.099999999999994,10:26:48,1933.29,100,1935.57,100,1934.155,100
7185,37.42,37.15,0.27,0.0,10:27:00,1933.3,100,1935.32,100,1934.91,122
7571,0.55,0.24,0.31,0.0,10:30:00,1934.16,100,1935.58,100,1935.09,100
7725,2.15,1.77,0.38,0.0,10:31:00,1934.2,400,1935.57,200,1934.2,100
7730,0.8200000000000001,0.48,0.34,2.45,10:31:02,1934.2,300,1935.57,100,1935.45,100
7804,0.4,0.23,0.17,0.0,10:33:00,1934.2,400,1935.57,100,1934.85,100
7835,0.4,0.19,0.21,12.660000000000005,10:33:12,1934.2,400,1935.58,100,1935.0967,100
7906,0.48,0.22,0.26,36.95000000000002,10:33:36,1934.21,100,1935.49,100,1934.845,100
7913,0.34,0.17,0.17,38.85000000000002,10:33:38,1934.21,100,1935.49,100,1934.33,100
7941,0.36,0.12,0.24,0.0,10:34:00,1934.21,100,1935.58,100,1935.38,100
7974,1.83,1.57,0.26,19.79,10:34:19,1934.23,200,1935.86,100,1935.53,100
8009,0.52,0.24,0.28,32.18000000000001,10:34:32,1934.36,1000,1935.99,100,1936.0,200
8013,0.75,0.27,0.48,34.43000000000001,10:34:34,1934.36,1000,1936.99,100,1934.715,100
8057,0.34,0.08,0.26,51.95,10:34:51,1934.36,1000,1936.0,100,1934.8591,100
8078,0.64,0.21,0.43,0.0,10:35:00,1934.36,1000,1937.24,100,1935.3774,260
8081,0.75,0.19,0.56,1.96,10:35:01,1934.36,1000,1937.24,100,1935.8,100
8095,0.5900000000000001,0.28,0.31,11.78,10:35:11,1934.36,1000,1935.82,100,1935.64,100
8108,0.62,0.18,0.44,20.0,10:35:20,1934.36,1000,1935.83,100,1935.075,100
8190,0.62,0.15,0.47,24.450000000000003,10:36:24,1934.44,1000,1937.24,100,1935.73,100
8259,0.5900000000000001,0.07,0.52,0.0,10:37:00,1934.74,100,1936.99,100,1936.96,100
8280,0.75,0.19,0.56,12.160000000000002,10:37:12,1935.81,300,1937.24,100,1936.63,100
8340,2.96,2.43,0.53,0.0,10:38:00,1935.83,800,1937.24,100,1936.535,100
8406,0.66,0.16,0.5,42.660000000000004,10:38:42,1935.84,200,1937.24,200,1936.54,200
8411,0.8500000000000001,0.18,0.67,0.0,10:39:00,1935.84,200,1937.0,100,1936.05,100
8417,1.98,1.28,0.7,6.18,10:39:06,1935.84,200,1936.92,100,1936.53,100
8427,0.77,0.18,0.59,15.489999999999998,10:39:15,1935.84,200,1936.84,100,1936.84,100
8455,0.8,0.3,0.5,37.94,10:39:37,1936.01,300,1937.24,100,1937.0,100
8461,0.7799999999999999,0.08,0.7,41.900000000000006,10:39:41,1936.01,600,1937.45,100,1937.24,100
8464,0.6300000000000001,0.07,0.56,43.92000000000001,10:39:43,1936.01,600,1937.45,100,1936.64,100
8587,0.78,0.17,0.61,0.0,10:41:00,1936.65,300,1937.45,100,1937.05,100
8598,0.59,0.21,0.38,6.43,10:41:06,1935.84,100,1936.99,200,1936.9325,100
8601,0.5700000000000001,0.07,0.5,8.19,10:41:08,1935.84,100,1936.93,100,1936.93,100
8650,0.62,0.21,0.41,36.65000000000001,10:41:36,1935.85,200,1936.64,100,1936.0475,100
8699,0.79,0.19,0.6,0.0,10:42:00,1935.86,200,1937.26,100,1936.555,100
8726,0.45,0.08,0.37,15.649999999999999,10:42:15,1936.01,100,1937.25,100,1936.01,100
8777,0.65,0.13,0.52,5.6499999999999995,10:43:05,1936.01,500,1937.08,100,1936.39,100
8826,0.6,0.22,0.38,39.63000000000001,10:43:39,1936.02,200,1936.98,100,1936.04,100
8835,0.46,0.12,0.34,0.0,10:44:00,1936.01,300,1936.94,100,1936.495,100
8874,0.6100000000000001,0.07,0.54,27.770000000000003,10:44:27,1935.0,1000,1936.49,100,1936.48,100
8888,0.6000000000000001,0.07,0.53,36.170000000000016,10:44:36,1935.11,100,1936.98,100,1936.28,100
9029,3.6,2.99,0.61,0.0,10:46:00,1935.99,100,1937.5,100,1937.43,100
9037,0.62,0.24,0.38,4.6000000000000005,10:46:04,1936.07,100,1937.95,100,1937.5,100
9041,0.43000000000000005,0.09,0.34,6.64,10:46:06,1936.08,100,1937.95,100,1937.18,100
9228,0.58,0.08,0.5,0.0,10:48:00,1937.18,1000,1938.2,200,1937.92,100
9235,0.62,0.24,0.38,3.79,10:48:03,1937.18,1000,1938.2,200,1937.6,100
9326,0.6,0.19,0.41,0.0,10:49:00,1937.2,300,1938.19,100,1938.07,100
9335,0.7699999999999999,0.08,0.69,6.18,10:49:06,1937.2,300,1938.2,200,1937.475,100
9355,0.76,0.07,0.69,20.590000000000003,10:49:20,1937.2,300,1938.2,200,1937.7,100
9467,0.63,0.17,0.46,0.0,10:51:00,1936.24,100,1937.7,200,1937.34,100
9469,1.4100000000000001,0.74,0.67,2.21,10:51:02,1935.1,100,1937.35,200,1936.34,100
9471,2.39,1.81,0.58,5.78,10:51:05,1935.02,100,1937.34,100,1935.1,100
9481,0.6,0.21,0.39,15.559999999999999,10:51:15,1935.03,100,1937.33,100,1936.97,100
9484,0.76,0.22,0.54,17.52,10:51:17,1935.03,100,1937.33,100,1936.18,100
9510,0.61,0.21,0.4,33.93000000000001,10:51:33,1935.15,100,1937.45,100,1936.3,100
9526,0.79,0.17,0.62,44.080000000000005,10:51:44,1935.37,100,1937.4301,200,1936.5625,100
9532,0.6,0.18,0.42,47.72000000000001,10:51:47,1935.38,100,1937.42,100,1936.405,100
9552,0.75,0.28,0.47,7.15,10:52:07,1935.38,100,1937.39,100,1936.67,100
9573,0.62,0.21,0.41,28.40000000000001,10:52:28,1935.38,400,1937.37,100,1936.375,100
9614,0.59,0.08,0.51,56.36000000000004,10:52:56,1935.41,300,1937.37,100,1936.0007,100
9772,0.7799999999999999,0.09,0.69,0.0,10:56:00,1935.69,100,1937.46,100,1935.7,100
9784,0.64,0.18,0.46,7.839999999999999,10:56:07,1936.48,100,1937.47,100,1937.25,100
9808,0.5800000000000001,0.07,0.51,0.0,10:57:00,1936.49,100,1937.47,100,1937.1038,205
9819,0.53,0.21,0.32,6.200000000000001,10:57:06,1936.5,200,1937.47,100,1937.47,100
9858,0.42,0.07,0.35,35.97000000000001,10:57:35,1936.52,200,1938.15,100,1936.66,100
9975,0.5800000000000001,0.07,0.51,0.0,10:58:00,1936.67,100,1937.9,100,1937.285,100
10002,0.61,0.17,0.44,0.0,10:59:00,1936.63,200,1937.98,100,1937.64,100
10031,0.5800000000000001,0.18,0.4,21.790000000000006,10:59:21,1936.69,100,1938.99,100,1937.98,100
10113,0.44,0.12,0.32,0.0,11:00:00,1936.96,100,1938.23,100,1937.94,100
10171,0.59,0.12,0.47,0.0,11:01:00,1937.06,100,1938.93,100,1938.38,100
10186,4.41,3.86,0.55,20.97,11:01:20,1937.52,100,1938.47,100,1937.9395,100
10261,0.7699999999999999,0.08,0.69,4.329999999999999,11:04:04,1936.39,100,1937.93,100,1936.395,100
10321,0.63,0.24,0.39,44.520000000000024,11:04:44,1936.52,100,1937.85,100,1937.185,100
10377,0.45,0.08,0.37,0.0,11:05:00,1936.51,200,1937.84,100,1937.165,100
10381,0.59,0.29,0.3,2.1999999999999997,11:05:02,1936.6,100,1937.84,100,1937.16,100
10481,0.43,0.07,0.36,18.009999999999998,11:06:18,1935.02,100,1936.35,100,1936.22,100
10510,0.44,0.13,0.31,0.0,11:07:00,1935.02,300,1936.36,200,1935.69,100
10520,0.59,0.17,0.42,5.97,11:07:05,1935.02,400,1936.35,100,1935.685,100
10526,0.6599999999999999,0.36,0.3,14.209999999999999,11:07:14,1935.04,200,1937.88,200,1935.91,100
10601,0.5700000000000001,0.07,0.5,0.0,11:08:00,1935.04,200,1936.81,100,1935.925,100
10612,0.61,0.18,0.43,7.000000000000001,11:08:07,1935.04,200,1936.77,100,1935.905,100
10613,4.41,3.9,0.51,11.41,11:08:11,1935.05,200,1936.75,100,1935.825,100
10694,0.58,0.08,0.5,0.0,11:09:00,1934.54,600,1935.47,100,1935.005,300
10752,0.5599999999999999,0.21,0.35,36.830000000000005,11:09:36,1934.55,100,1935.75,200,1934.72,100
10756,0.63,0.21,0.42,39.02000000000001,11:09:39,1934.54,300,1935.75,200,1934.55,100
10798,2.79,2.25,0.54,0.0,11:10:00,1934.54,100,1935.75,300,1934.54,100
10800,0.61,0.17,0.44,3.6199999999999997,11:10:03,1934.55,100,1935.75,300,1935.15,200
10852,0.75,0.09,0.66,35.56,11:10:35,1934.56,300,1935.17,100,1935.18,100
10873,0.5900000000000001,0.19,0.4,47.17000000000001,11:10:47,1934.56,300,1935.16,100,1935.16,200
10897,3.63,3.26,0.37,7.449999999999999,11:11:07,1934.54,100,1935.61,100,1934.78,100
10914,0.44,0.07,0.37,16.499999999999996,11:11:16,1934.55,100,1935.56,100,1935.46,100
10967,0.44,0.14,0.3,0.0,11:12:00,1934.55,100,1935.43,100,1934.995,200
10992,0.42,0.07,0.35,25.57,11:12:25,1934.55,100,1935.69,300,1935.12,100
11137,0.5700000000000001,0.2,0.37,0.0,11:14:00,1934.48,100,1935.31,100,1934.895,300
11139,1.21,0.6,0.61,2.19,11:14:02,1934.48,100,1935.28,100,1935.03,300
11155,0.5800000000000001,0.07,0.51,12.209999999999999,11:14:12,1934.49,100,1935.68,100,1934.875,200
11172,0.62,0.19,0.43,22.410000000000004,11:14:22,1934.48,100,1935.68,100,1934.49,100
11193,0.57,0.08,0.49,34.20000000000002,11:14:34,1934.51,100,1935.69,100,1935.015,100
11220,0.6200000000000001,0.07,0.55,12.080000000000002,11:16:12,1934.56,100,1935.48,100,1935.105,100
11293,0.5700000000000001,0.19,0.38,35.809999999999995,11:17:35,1934.75,100,1935.68,100,1935.215,100
11301,0.5900000000000001,0.19,0.4,40.2,11:17:40,1934.75,100,1935.68,100,1934.75,100
11323,0.44,0.08,0.36,52.029999999999994,11:17:52,1934.75,100,1935.45,100,1935.17,100
11350,0.6200000000000001,0.07,0.55,0.0,11:18:00,1934.55,200,1935.69,100,1934.56,100
11367,0.61,0.14,0.47,11.55,11:18:11,1934.56,100,1935.69,100,1935.11,100
11443,0.79,0.17,0.62,3.6100000000000003,11:19:03,1934.55,200,1935.15,100,1934.8120000000001,100
11473,0.6100000000000001,0.07,0.54,21.430000000000003,11:19:21,1933.15,100,1934.81,100,1933.29,100
11476,0.95,0.35,0.6,23.800000000000004,11:19:23,1932.88,100,1934.81,100,1933.07,100
11481,0.6300000000000001,0.07,0.56,27.210000000000004,11:19:27,1931.35,100,1933.53,100,1932.69,100
11545,0.74,0.21,0.53,0.0,11:20:00,1932.0,100,1933.4,100,1932.71,100
11548,0.5900000000000001,0.07,0.52,1.8500000000000003,11:20:01,1932.05,100,1933.34,100,1932.695,100
11551,0.63,0.1,0.53,4.03,11:20:04,1932.05,100,1933.3,100,1932.685,100
11557,0.77,0.17,0.6,8.180000000000001,11:20:08,1931.35,100,1933.29,100,1932.38,100
11577,0.8099999999999999,0.22,0.59,0.0,11:21:00,1931.65,100,1934.82,100,1933.53,100
11580,1.59,1.05,0.54,3.01,11:21:03,1931.66,100,1934.81,100,1933.32,100
11672,1.4,1.0,0.4,0.0,11:22:00,1932.35,100,1933.81,100,1933.08,100
11859,0.59,0.08,0.51,0.0,11:24:00,1932.61,100,1933.63,100,1933.385,100
11918,1.03,0.44,0.59,1.6300000000000001,11:25:01,1932.67,100,1935.17,100,1933.915,100
11920,0.6100000000000001,0.07,0.54,3.0,11:25:03,1932.68,100,1934.82,100,1934.81,100
11934,0.96,0.18,0.78,15.39,11:25:15,1932.71,100,1934.82,100,1933.75,100
12032,0.59,0.24,0.35,9.57,11:26:09,1933.83,100,1936.19,100,1934.59,100
12036,0.5599999999999999,0.21,0.35,0.0,11:27:00,1933.83,100,1935.17,200,1934.505,100
12055,0.6000000000000001,0.07,0.53,11.61,11:27:11,1933.83,100,1934.84,100,1934.37,100
12057,0.5700000000000001,0.13,0.44,0.0,11:28:00,1933.27,100,1934.18,100,1933.37,100
12059,0.73,0.08,0.65,1.34,11:28:01,1933.27,100,1934.18,100,1933.28,100
12105,0.62,0.08,0.54,0.0,11:29:00,1932.01,200,1933.69,100,1933.345,100
12108,0.77,0.07,0.7,2.34,11:29:02,1932.02,100,1933.69,100,1933.11,100
12110,0.6000000000000001,0.07,0.53,3.59,11:29:03,1932.01,200,1933.25,100,1933.0525,200
12168,0.94,0.31,0.63,0.0,11:30:00,1932.14,100,1933.47,200,1932.96,100
12244,0.62,0.15,0.47,0.0,11:31:00,1932.1,200,1935.1,100,1933.46,100
12270,0.56,0.07,0.49,15.56,11:31:15,1932.11,100,1935.1,100,1932.225,100
12586,0.43,0.14,0.29,10.98,11:36:10,1932.7,200,1934.37,100,1933.61,100
12645,0.75,0.23,0.52,0.0,11:37:00,1933.19,200,1934.48,100,1933.835,100
12691,0.59,0.17,0.42,26.04,11:37:26,1933.2,100,1934.49,100,1933.84,100
12701,0.59,0.15,0.44,31.85,11:37:31,1933.2,100,1934.49,100,1933.845,100
12780,118.2,117.59,0.61,0.0,11:40:00,1933.7,200,1935.5699,100,1934.4115,100
12804,0.62,0.21,0.41,0.0,11:41:00,1933.71,100,1935.14,100,1934.09,100
12813,1.57,1.07,0.5,8.15,11:41:08,1933.7,200,1935.15,100,1934.435,100
12831,0.65,0.14,0.51,20.37,11:41:20,1933.71,100,1935.12,100,1934.42,100
13094,0.51,0.24,0.27,0.0,11:43:00,1933.74,300,1935.1,100,1935.01,100
13098,0.52,0.24,0.28,1.8,11:43:01,1933.75,200,1935.11,100,1935.065,100
13142,84.78,84.59,0.19,0.0,11:44:00,1933.76,300,1935.11,100,1934.44,100
13559,0.33,0.13,0.2,0.0,11:47:00,1933.83,300,1934.8101,100,1934.5475,100
13658,0.41000000000000003,0.21,0.2,0.0,11:48:00,1933.83,200,1934.84,100,1933.93,100
13665,0.27,0.07,0.2,2.02,11:48:02,1933.83,200,1934.84,100,1934.335,100
13684,0.36,0.17,0.19,8.21,11:48:08,1933.83,100,1935.11,200,1934.83,100
13755,3.58,3.4,0.18,0.0,11:49:00,1931.96,200,1934.0,200,1933.82,100
13976,0.25,0.08,0.17,0.0,11:50:00,1932.04,100,1932.99,100,1932.515,100
14122,0.37,0.2,0.17,0.0,11:51:00,1932.71,100,1934.71,100,1933.01,100
14134,0.26,0.07,0.19,3.91,11:51:03,1932.43,200,1935.0,100,1934.36,100
14606,0.4,0.23,0.17,0.0,11:54:00,1932.44,100,1934.79,100,1934.105,100
14776,0.38,0.18,0.2,0.0,11:55:00,1932.47,200,1934.78,100,1933.625,100
14962,0.36,0.19,0.17,0.0,11:57:00,1932.47,100,1934.83,100,1932.98,100
15295,0.39,0.21,0.18,0.0,11:59:00,1933.0,100,1935.0,100,1933.4,100
15414,0.27,0.08,0.19,0.0,12:00:00,1933.75,400,1935.0,200,1934.38,100
15605,0.26,0.07,0.19,4.51,12:01:04,1932.74,100,1934.23,100,1933.83,100
17427,0.27,0.07,0.2,0.0,12:12:00,1932.71,100,1933.81,100,1933.74,100
17664,0.27,0.08,0.19,0.0,12:14:00,1932.95,100,1933.81,100,1932.95,100
17875,0.44,0.21,0.23,0.0,12:15:00,1932.71,100,1933.72,100,1932.91,100
17892,0.45,0.25,0.2,5.71,12:15:05,1932.01,100,1933.71,200,1932.18,100
17893,0.25,0.07,0.18,0.0,12:16:00,1932.01,100,1933.7,100,1932.17,100
18117,0.24,0.08,0.16,0.0,12:17:00,1932.18,100,1933.01,100,1932.59,100
18150,0.30000000000000004,0.13,0.17,10.1,12:17:10,1932.65,100,1933.66,100,1933.66,100
18285,0.23,0.07,0.16,0.0,12:18:00,1932.63,200,1933.8,100,1933.14,100
18726,0.39,0.23,0.16,0.0,12:21:00,1932.65,200,1933.3,200,1933.3,100
18887,0.42000000000000004,0.2,0.22,0.0,12:22:00,1932.6899,100,1933.25,300,1933.0039,250
18890,0.43000000000000005,0.2,0.23,1.19,12:22:01,1932.69,200,1933.8,100,1933.27,100
18960,0.35,0.17,0.18,25.300000000000004,12:22:25,1932.69,100,1933.51,100,1933.5,100
19158,0.32999999999999996,0.09,0.24,0.0,12:24:00,1932.7,100,1933.56,100,1933.51,100
19442,0.28,0.09,0.19,0.0,12:26:00,1933.02,100,1933.8,100,1933.55,100
19445,0.43,0.21,0.22,2.04,12:26:02,1933.03,300,1933.8,100,1933.49,100
19727,0.24000000000000002,0.07,0.17,0.0,12:28:00,1933.03,100,1934.29,100,1934.515,100
20459,0.30000000000000004,0.13,0.17,0.0,12:32:00,1933.26,100,1934.59,100,1934.29,100
21056,0.24000000000000002,0.07,0.17,0.0,12:36:00,1933.3,200,1934.22,100,1933.7543,250
21463,0.24000000000000002,0.07,0.17,0.0,12:39:00,1931.95,100,1933.2,200,1931.955,100
21885,0.48,0.27,0.21,0.0,12:45:00,1932.06,300,1934.18,100,1933.12,100
22500,1.56,1.31,0.25,0.0,12:49:00,1933.17,200,1934.18,100,1933.675,100
22515,0.39,0.2,0.19,12.99,12:49:12,1933.19,100,1934.23,100,1934.18,100
23156,0.33999999999999997,0.18,0.16,0.0,12:53:00,1933.25,200,1934.41,100,1934.19,100
23528,0.24000000000000002,0.07,0.17,0.0,12:55:00,1932.27,100,1934.03,100,1932.83,100
23571,0.38,0.21,0.17,0.0,12:56:00,1932.28,100,1934.03,100,1933.86,100
23753,0.28,0.08,0.2,0.0,12:57:00,1931.61,100,1933.88,100,1932.31,2500
24165,0.25,0.07,0.18,0.0,13:01:00,1931.61,100,1933.5,100,1933.39,100
24909,0.44,0.24,0.2,0.0,13:06:00,1932.05,100,1933.87,100,1931.69,700
24911,174.01,173.76,0.25,0.0,13:08:00,1932.1,200,1933.28,100,1933.2799,500
24943,0.32,0.12,0.2,10.0,13:09:10,1932.75,100,1933.88,200,1933.33,100
26002,0.56,0.19,0.37,0.0,13:19:00,1933.34,400,1934.19,100,1934.04,182
26009,0.6000000000000001,0.07,0.53,8.4,13:19:08,1933.35,200,1933.88,100,1933.88,100
26102,0.81,0.25,0.56,0.0,13:20:00,1933.39,100,1933.88,100,1933.79,100
26454,0.77,0.07,0.7,0.0,13:24:00,1933.68,400,1934.35,100,1933.48,100
26456,0.8200000000000001,0.18,0.64,1.6700000000000002,13:24:01,1932.84,100,1934.35,100,1933.69,100
26468,0.5800000000000001,0.07,0.51,9.82,13:24:09,1932.84,200,1934.35,100,1933.62,100
26471,0.76,0.17,0.59,11.97,13:24:11,1932.84,200,1934.35,100,1933.595,100
26517,1.19,0.17,1.02,0.0,13:25:00,1933.01,100,1934.14,100,1933.245,100
26519,1.21,0.12,1.09,2.6100000000000003,13:25:02,1933.01,100,1934.14,100,1934.14,160
26526,1.1900000000000002,0.07,1.12,10.799999999999999,13:25:10,1933.02,100,1934.13,100,1933.95,100
26527,1.02,0.07,0.95,11.819999999999999,13:25:11,1932.84,200,1934.13,100,1933.575,100
26565,1.19,0.21,0.98,0.0,13:26:00,1932.84,300,1934.11,100,1933.475,100
26574,1.01,0.07,0.94,9.41,13:26:09,1933.05,100,1934.09,100,1933.9,100
26615,1.01,0.08,0.93,0.0,13:27:00,1933.04,100,1934.07,100,1933.56,100
26705,1.4100000000000001,0.12,1.29,4.2,13:29:04,1933.65,200,1934.59,100,1934.35,100
26743,1.21,0.19,1.02,0.0,13:30:00,1933.69,200,1934.35,100,1933.855,100
26834,1.02,0.19,0.83,0.0,13:32:00,1933.22,100,1934.35,200,1934.02,100
26835,1.37,0.07,1.3,1.37,13:32:01,1933.21,100,1934.35,200,1933.78,100
26875,5.99,4.8,1.19,0.0,13:33:00,1933.21,300,1934.35,100,1933.57,100
26935,1.18,0.22,0.96,0.0,13:34:00,1933.8,400,1934.59,100,1933.9976,100
26953,1.0,0.08,0.92,20.04,13:34:20,1934.21,500,1934.59,100,1934.4,100
26979,1.02,0.07,0.95,24.999999999999996,13:35:24,1934.03,200,1934.77,200,1934.12,100
27041,0.99,0.25,0.74,3.99,13:36:03,1934.02,100,1934.69,100,1934.355,100
27075,1.1900000000000002,0.08,1.11,0.0,13:37:00,1932.88,100,1934.54,100,1933.64,100
27091,1.21,0.07,1.14,17.78,13:37:17,1932.99,100,1933.72,100,1933.42,100
27211,54.8,53.89,0.91,0.0,13:41:00,1933.01,100,1934.77,200,1933.3373,100
27231,1.0,0.14,0.86,22.200000000000003,13:41:22,1933.01,100,1934.1,100,1933.38,100
27251,1.2,0.17,1.03,45.580000000000005,13:41:45,1933.01,100,1934.1,200,1933.45,100
27364,4.77,3.8,0.97,0.0,13:44:00,1932.84,400,1933.95,100,1933.85,100
27520,1.21,0.18,1.03,25.609999999999996,13:47:25,1932.84,200,1933.58,100,1933.125,100
27621,1.02,0.17,0.85,0.0,13:49:00,1932.04,100,1933.18,100,1932.84,100
27623,1.19,0.36,0.83,2.21,13:49:02,1930.74,100,1933.06,100,1931.9,100
27630,1.19,0.14,1.05,10.209999999999997,13:49:10,1931.0,100,1932.44,100,1932.4,100
27690,0.81,0.14,0.67,0.0,13:50:00,1930.63,100,1932.45,100,1931.545,100
27872,1.2,0.2,1.0,0.0,13:54:00,1931.7,100,1932.84,100,1932.14,100
27935,1.45,0.27,1.18,20.019999999999996,13:55:20,1929.79,100,1932.17,100,1931.4,100
27986,0.99,0.07,0.92,0.0,13:56:00,1929.79,200,1931.7,200,1931.19,100
28036,0.8099999999999999,0.08,0.73,0.0,13:57:00,1929.8,100,1930.63,100,1930.2517,100
28050,0.82,0.08,0.74,15.970000000000002,13:57:15,1929.8,100,1930.5601,200,1930.0054,798
28080,0.98,0.23,0.75,0.0,13:58:00,1929.8,100,1930.93,100,1930.365,100
28084,0.99,0.13,0.86,5.79,13:58:05,1930.01,100,1930.9301,100,1930.4755,100
28088,1.01,0.17,0.84,13.209999999999999,13:58:13,1930.01,100,1930.93,100,1930.55,100
28091,3.21,2.0,1.21,19.8,13:58:19,1929.8,100,1931.7,100,1931.09,100
28098,1.3800000000000001,0.08,1.3,28.78,13:58:28,1929.8,100,1931.7,100,1929.81,100
28109,1.3900000000000001,0.08,1.31,42.17000000000001,13:58:42,1930.04,100,1930.96,100,1930.5,100
28162,1.0,0.21,0.79,14.190000000000001,13:59:14,1930.0,100,1931.7,100,1931.05,100
28252,1.2,0.17,1.03,0.0,14:01:00,1930.08,100,1931.37,100,1930.08,100
28264,1.0,0.13,0.87,13.780000000000001,14:01:13,1930.07,200,1931.24,100,1930.09,100
28270,1.01,0.07,0.94,20.78,14:01:20,1928.53,100,1931.22,100,1930.38,100
28281,2.0,0.83,1.17,0.0,14:02:00,1929.03,100,1930.57,100,1930.15,100
28528,3.4,2.51,0.89,0.0,14:07:00,1928.17,100,1930.14,100,1929.21,100
28561,1.02,0.07,0.95,43.20000000000001,14:07:43,1928.21,100,1930.13,100,1929.06,100
28637,1.01,0.13,0.88,0.0,14:09:00,1928.27,100,1930.14,100,1929.0,100
28930,1.17,0.24,0.93,24.200000000000003,14:14:24,1929.18,200,1930.16,100,1929.67,100
28932,1.0,0.08,0.92,26.220000000000002,14:14:26,1929.19,300,1930.16,100,1929.675,100
28951,0.8200000000000001,0.07,0.75,5.220000000000001,14:15:05,1929.19,100,1930.16,100,1929.195,100
29269,0.76,0.17,0.59,0.0,14:20:00,1929.23,100,1930.16,100,1929.69,100
29359,0.77,0.24,0.53,18.599999999999994,14:21:18,1928.06,100,1929.22,100,1928.24,100
29399,0.58,0.08,0.5,1.6,14:22:01,1928.31,200,1930.16,100,1929.39,100
29425,0.5900000000000001,0.27,0.32,15.86,14:22:15,1928.06,100,1930.16,100,1928.78,100
29662,0.6000000000000001,0.07,0.53,0.0,14:24:00,1928.86,100,1929.65,100,1929.65,100
29793,0.44,0.07,0.37,0.0,14:26:00,1928.96,100,1930.16,100,1930.1,100
29797,0.6,0.18,0.42,2.18,14:26:02,1929.12,100,1930.6,100,1930.59,100
29801,0.43,0.07,0.36,4.2,14:26:04,1929.12,100,1931.07,100,1930.6,100
29894,0.57,0.09,0.48,0.0,14:27:00,1929.31,100,1930.71,100,1930.57,280
29967,0.66,0.2,0.46,0.0,14:28:00,1929.32,100,1931.66,100,1929.33,100
30127,0.45,0.07,0.38,0.0,14:30:00,1929.31,100,1930.99,100,1930.8220000000001,100
30288,2.41,2.0,0.41,0.0,14:32:00,1928.0,100,1930.12,200,1929.1925,100
30411,0.65,0.15,0.5,0.0,14:33:00,1928.19,100,1930.0,100,1928.85,100
30413,0.7999999999999999,0.08,0.72,1.63,14:33:01,1928.19,100,1930.0,100,1929.095,100
30471,0.94,0.42,0.52,0.0,14:34:00,1928.0,100,1930.0,100,1929.51,100
30876,1.04,0.51,0.53,0.0,14:41:00,1928.6899,100,1929.4,100,1928.7556,100
30877,1.5899999999999999,1.13,0.46,1.5899999999999999,14:41:01,1928.68,200,1930.4,100,1929.83,100
30978,0.8,0.12,0.68,26.830000000000005,14:42:26,1928.97,200,1930.38,100,1930.05,100
31601,0.44,0.07,0.37,48.40999999999999,14:49:48,1929.09,100,1929.97,100,1929.97,100
31745,0.62,0.08,0.54,0.0,14:51:00,1929.51,100,1930.03,100,1930.03,100
31771,1.6,1.08,0.52,14.99,14:52:14,1928.65,100,1929.47,100,1929.705,100
32023,0.76,0.18,0.58,0.0,14:55:00,1928.67,100,1930.0,100,1929.25,100
32249,0.6000000000000001,0.07,0.53,0.0,14:58:00,1929.27,100,1930.0,100,1929.96,100
32399,2.37,1.82,0.55,9.150000000000002,15:00:09,1929.52,100,1930.36,100,1930.13,100
32426,0.5700000000000001,0.07,0.5,25.180000000000007,15:00:25,1929.52,100,1930.38,100,1929.95,100
32687,0.65,0.14,0.51,0.0,15:04:00,1929.96,200,1930.67,100,1930.386,100
32747,0.77,0.14,0.63,44.00000000000001,15:04:44,1930.05,100,1931.47,100,1930.31,100
32752,0.8300000000000001,0.16,0.67,48.03000000000001,15:04:48,1930.05,200,1931.47,100,1930.76,100
32929,2.59,1.93,0.66,0.0,15:07:00,1930.2,200,1931.46,100,1931.32,100
32981,0.76,0.13,0.63,45.58,15:07:45,1930.2,200,1932.56,100,1931.42,100
32988,0.8,0.07,0.73,51.04,15:07:51,1930.2,300,1932.56,100,1930.29,100
33089,3.21,2.68,0.53,0.0,15:09:00,1931.13,200,1932.59,200,1931.36,100
33153,0.6499999999999999,0.18,0.47,40.050000000000004,15:09:40,1931.19,200,1932.59,200,1931.89,100
33165,0.5800000000000001,0.07,0.51,0.0,15:10:00,1931.2,100,1932.59,100,1932.45,100
33387,0.5700000000000001,0.07,0.5,0.0,15:12:00,1931.57,200,1932.59,100,1931.575,100
33473,0.75,0.13,0.62,35.25,15:13:35,1931.57,200,1932.98,100,1932.94,100
33663,0.57,0.08,0.49,0.0,15:15:00,1931.61,200,1932.79,100,1932.2,100
33832,0.42000000000000004,0.09,0.33,0.0,15:17:00,1932.21,300,1932.99,200,1932.6,100
33842,0.58,0.21,0.37,5.81,15:17:05,1932.21,200,1932.99,300,1932.22,100
33866,0.56,0.07,0.49,0.0,15:18:00,1931.59,100,1932.99,300,1932.58,100
33922,0.77,0.29,0.48,42.39000000000001,15:18:42,1931.54,200,1932.98,100,1932.26,100
33962,0.5900000000000001,0.14,0.45,0.0,15:19:00,1931.54,100,1932.97,100,1932.0333,100
34126,0.75,0.15,0.6,0.0,15:21:00,1931.69,100,1932.52,100,1932.49,100
34227,0.79,0.14,0.65,0.0,15:22:00,1932.05,100,1932.8,100,1932.425,100
34590,0.6000000000000001,0.14,0.46,0.0,15:26:00,1931.54,100,1932.55,100,1931.64,100
34627,0.6,0.16,0.44,0.0,15:27:00,1931.78,100,1932.55,100,1932.13,100
34669,0.78,0.36,0.42,32.18,15:27:32,1931.54,100,1932.31,100,1931.81,100
34690,0.8400000000000001,0.2,0.64,46.61000000000002,15:27:46,1930.92,100,1931.81,200,1931.37,100
34722,0.58,0.08,0.5,0.0,15:28:00,1930.58,100,1931.16,100,1931.25,100
34728,0.62,0.23,0.39,3.8400000000000007,15:28:03,1930.58,100,1931.21,100,1931.1,100
34732,3.39,2.77,0.62,9.010000000000002,15:28:09,1930.58,100,1931.43,100,1930.94,100
34756,0.6,0.08,0.52,23.790000000000003,15:28:23,1930.94,100,1931.74,100,1931.53,100
34784,0.6100000000000001,0.07,0.54,41.79000000000001,15:28:41,1930.94,100,1931.66,100,1931.26,100
34948,0.76,0.1,0.66,0.0,15:31:00,1930.92,100,1932.08,100,1931.9348,243
35036,2.41,1.92,0.49,0.0,15:32:00,1930.92,100,1931.73,100,1931.33,100
35099,0.5800000000000001,0.14,0.44,38.760000000000005,15:32:38,1930.57,100,1932.4,100,1932.09,100
35329,0.44,0.07,0.37,0.0,15:35:00,1931.02,100,1932.1,200,1931.13,100
35347,0.58,0.08,0.5,9.95,15:35:09,1931.16,100,1932.4,100,1932.11,100
35487,5.03,4.73,0.3,0.0,15:37:00,1931.3,100,1932.12,100,1931.29,100
35653,0.63,0.24,0.39,0.0,15:39:00,1931.78,100,1932.39,100,1932.08,100
35754,0.79,0.07,0.72,0.0,15:40:00,1930.98,100,1931.93,100,1931.8,100
35759,0.5700000000000001,0.26,0.31,3.5900000000000007,15:40:03,1930.98,100,1931.83,100,1930.985,100
35830,0.5700000000000001,0.07,0.5,0.0,15:41:00,1931.55,100,1932.01,100,1931.99,100
35835,0.44,0.08,0.36,3.4499999999999997,15:41:03,1931.55,100,1931.98,100,1931.77,100
35846,0.62,0.18,0.44,9.84,15:41:09,1931.55,100,1932.39,100,1932.01,100
35998,0.6100000000000001,0.27,0.34,3.4300000000000006,15:43:03,1932.65,200,1933.59,100,1933.54,100
36019,0.61,0.14,0.47,15.839999999999998,15:43:15,1932.65,300,1933.54,100,1933.47,100
36051,0.44,0.08,0.36,33.660000000000004,15:43:33,1931.11,100,1933.37,100,1932.65,100
36072,0.45,0.08,0.37,0.0,15:44:00,1931.27,100,1933.37,100,1932.24,100
36076,5.37,4.93,0.44,6.95,15:44:06,1931.34,200,1933.37,100,1932.32,100
36205,0.5900000000000001,0.07,0.52,0.0,15:45:00,1932.07,100,1932.88,100,1932.5,100
36306,0.74,0.18,0.56,0.0,15:46:00,1932.09,100,1932.88,100,1932.75,100
36365,0.65,0.22,0.43,0.0,15:47:00,1932.49,200,1932.88,100,1932.87,100
36378,0.63,0.23,0.4,8.010000000000002,15:47:08,1932.36,100,1932.87,100,1932.66,100
36402,0.5800000000000001,0.07,0.51,22.019999999999996,15:47:22,1932.07,100,1932.88,100,1932.36,163
36435,0.5800000000000001,0.07,0.51,0.0,15:48:00,1931.95,100,1933.17,100,1932.88,100
36448,0.61,0.23,0.38,7.590000000000001,15:48:07,1931.95,100,1933.17,100,1933.09,100
36452,0.56,0.19,0.37,9.790000000000001,15:48:09,1931.95,100,1933.17,100,1933.02,100
36553,0.59,0.17,0.42,20.84,15:49:20,1932.05,100,1932.95,100,1932.33,100
36591,0.6,0.18,0.42,0.0,15:50:00,1929.64,100,1931.99,200,1930.805,100
36638,0.86,0.17,0.69,38.640000000000015,15:50:38,1930.68,100,1931.25,100,1931.2,100
36640,0.85,0.13,0.72,40.420000000000016,15:50:40,1930.67,200,1931.45,100,1930.97,100
36692,0.77,0.18,0.59,0.0,15:51:00,1930.68,100,1931.61,100,1931.145,100
36764,0.7999999999999999,0.09,0.71,0.0,15:52:00,1930.04,100,1931.06,200,1930.73,100
36778,0.6,0.09,0.51,9.59,15:52:09,1930.02,100,1930.73,300,1930.12,100
36785,0.5900000000000001,0.2,0.39,13.779999999999998,15:52:13,1930.02,100,1930.73,300,1930.375,200
36825,2.2199999999999998,1.75,0.47,0.0,15:53:00,1930.02,100,1930.72,400,1930.37,100
36828,3.3499999999999996,2.65,0.7,4.97,15:53:04,1930.02,100,1930.72,400,1930.06,100
36837,0.61,0.25,0.36,11.219999999999997,15:53:11,1930.02,100,1930.72,400,1930.63,100
36850,0.78,0.25,0.53,20.2,15:53:20,1930.02,100,1930.7,100,1930.7,100
36860,0.6499999999999999,0.08,0.57,27.8,15:53:27,1929.64,100,1930.69,200,1930.355,100
36862,0.76,0.13,0.63,29.360000000000003,15:53:29,1929.64,100,1930.35,100,1929.8279,100
36966,0.78,0.24,0.54,42.63999999999999,15:54:42,1929.42,100,1930.33,200,1929.875,100
36968,0.63,0.29,0.34,44.06999999999999,15:54:44,1929.42,100,1930.33,200,1930.18,100
36980,0.7899999999999999,0.22,0.57,0.0,15:55:00,1929.47,100,1930.33,100,1930.33,100
37012,0.7899999999999999,0.08,0.71,28.15,15:55:28,1929.49,100,1930.31,100,1929.9,100
37055,0.6,0.17,0.43,0.6,15:56:00,1929.07,100,1929.8,100,1929.6,100
37069,0.6,0.17,0.43,15.209999999999999,15:56:15,1929.07,100,1929.8,100,1929.8,100
37094,0.6,0.21,0.39,28.830000000000005,15:56:28,1929.07,200,1929.75,100,1929.75,100
37126,0.61,0.18,0.43,49.060000000000024,15:56:49,1929.61,100,1929.8,200,1929.61,100
37136,0.77,0.11,0.66,0.77,15:57:00,1929.2,100,1929.78,100,1929.49,100
37151,3.2199999999999998,2.48,0.74,12.98,15:57:12,1929.07,200,1929.64,100,1929.19,100
37157,1.01,0.37,0.64,19.830000000000002,15:57:19,1929.07,200,1929.61,100,1929.42,100
37158,0.75,0.12,0.63,20.580000000000002,15:57:20,1928.68,100,1929.61,100,1929.07,100
37160,0.8,0.12,0.68,22.200000000000003,15:57:22,1928.69,100,1929.61,100,1929.145,100
37173,93.83,93.24,0.59,0.0,15:59:00,1928.87,100,1929.31,100,1929.15,100
37182,0.77,0.07,0.7,6.390000000000001,15:59:06,1928.89,100,1929.31,400,1928.94,100
37191,0.6000000000000001,0.07,0.53,13.740000000000002,15:59:13,1928.89,100,1929.31,600,1928.89,100
37205,0.77,0.17,0.6,24.76,15:59:24,1928.26,300,1929.31,800,1928.26,200
37213,0.5900000000000001,0.19,0.4,29.980000000000004,15:59:29,1928.27,200,1929.31,800,1928.79,100
37222,0.6399999999999999,0.07,0.57,36.370000000000005,15:59:36,1928.29,100,1929.31,600,1928.445,100
37225,0.6,0.09,0.51,38.35000000000001,15:59:38,1928.29,100,1929.31,600,1928.375,100
37228,0.6399999999999999,0.07,0.57,40.39000000000001,15:59:40,1928.29,100,1929.31,500,1928.67,100
37231,0.6399999999999999,0.07,0.57,42.59,15:59:42,1928.3,100,1929.31,500,1928.42,100
37233,0.6,0.12,0.48,43.970000000000006,15:59:43,1928.27,200,1929.31,500,1928.41,100
37243,0.6,0.13,0.47,50.38000000000002,15:59:50,1928.28,100,1929.31,500,1928.28,100
37256,0.59,0.08,0.51,58.55000000000003,15:59:58,1928.29,100,1929.31,100,1929.26,100
37261,0.61,0.12,0.49,61.750000000000036,16:00:01,1928.3,100,1929.64,100,1928.86,100
37264,0.65,0.23,0.42,63.970000000000034,16:00:03,1929.05,200,1930.55,100,1929.05,100
