,Total Delay,Request Delay,Saving Delay,Arrival Time,Time,Bid,Bid Size,Ask,Ask Size,Last Price,Last Size
0,0.6499999999999999,0.3,0.35,0.6499999999999999,09:30:00,69.42,200,69.45,600,69.45,100
12,0.35,0.16,0.19,4.76,09:30:04,69.4,1600,69.45,600,69.4247,200
16,0.32,0.08,0.24,6.53,09:30:06,69.39,300,69.44,4900,69.44,200
22,0.3,0.08,0.22,8.47,09:30:08,69.39,300,69.44,5000,69.4192,500
32,0.43,0.21,0.22,12.59,09:30:12,69.32,200,69.39,600,69.389,100
37,0.44,0.21,0.23,14.589999999999998,09:30:14,69.32,200,69.39,700,69.37,200
42,0.32,0.07,0.25,16.54,09:30:16,69.32,200,69.38,2200,69.38,280
56,0.30000000000000004,0.07,0.23,4.9799999999999995,09:31:04,69.32,200,69.38,2400,69.3589,150
65,0.31,0.07,0.24,9.980000000000002,09:31:09,69.32,300,69.38,1000,69.33,100
69,0.42,0.21,0.21,12.030000000000003,09:31:12,69.32,300,69.37,3900,69.32,300
80,1.4100000000000001,1.07,0.34,21.630000000000003,09:31:21,69.29,400,69.32,100,69.29,1000
88,0.39,0.2,0.19,24.270000000000007,09:31:24,69.29,900,69.32,500,69.3,100
120,0.27,0.07,0.2,35.35000000000001,09:31:35,69.33,800,69.36,100,69.31,100
122,0.32,0.12,0.2,36.10000000000001,09:31:36,69.34,100,69.38,100,69.36,100
127,0.6000000000000001,0.27,0.33,38.210000000000015,09:31:38,69.33,200,69.35,500,69.3401,449
148,0.4,0.08,0.32,46.14000000000002,09:31:46,69.3,100,69.35,600,69.34,155
181,0.34,0.17,0.17,57.93000000000002,09:31:57,69.25,300,69.29,300,69.2725,1000
199,0.27,0.07,0.2,0.0,09:32:00,69.25,300,69.27,100,69.27,100
200,2.27,2.05,0.22,2.27,09:32:02,69.26,1000,69.28,700,69.26,100
202,2.2199999999999998,2.03,0.19,9.259999999999998,09:32:09,69.32,100,69.34,500,69.3297,102
206,0.24000000000000002,0.07,0.17,10.379999999999999,09:32:10,69.26,500,69.28,100,69.28,100
209,1.96,1.75,0.21,13.059999999999999,09:32:13,69.25,300,69.27,400,69.2513,928
264,0.24000000000000002,0.07,0.17,30.769999999999996,09:32:30,69.3,200,69.32,100,69.3153,200
270,0.36,0.2,0.16,32.8,09:32:32,69.31,100,69.33,300,69.3229,250
283,0.25,0.09,0.16,36.620000000000005,09:32:36,69.3,200,69.33,400,69.3225,300
289,0.30000000000000004,0.14,0.16,38.67000000000001,09:32:38,69.3,200,69.33,200,69.3043,100
309,0.25,0.07,0.18,44.80000000000002,09:32:44,69.35,200,69.38,200,69.35,100
359,0.35,0.18,0.17,16.14,09:33:16,69.27,300,69.3,300,69.2916,200
362,2.69,2.48,0.21,19.31,09:33:19,69.27,200,69.3,300,69.2867,729
375,0.32,0.15,0.17,24.220000000000006,09:33:24,69.27,200,69.3,200,69.2833,300
405,0.5700000000000001,0.28,0.29,34.260000000000005,09:33:34,69.25,700,69.26,800,69.25,100
480,0.28,0.11,0.17,0.0,09:34:00,69.28,500,69.3,200,69.2802,300
508,1.78,1.57,0.21,11.239999999999998,09:34:11,69.29,400,69.32,500,69.3008,180
513,2.17,1.87,0.3,16.61,09:34:16,69.29,600,69.32,300,69.3112,150
546,0.45,0.2,0.25,34.08,09:34:34,69.3,400,69.32,800,69.3116,500
577,0.43,0.14,0.29,46.29999999999999,09:34:46,69.31,500,69.34,400,69.325,100
583,0.31,0.13,0.18,48.12999999999999,09:34:48,69.31,500,69.34,400,69.3267,400
588,0.29000000000000004,0.07,0.22,50.01999999999999,09:34:50,69.31,500,69.34,400,69.3247,400
594,0.38,0.14,0.24,52.279999999999994,09:34:52,69.33,500,69.35,400,69.345,100
668,0.26,0.07,0.19,32.669999999999995,09:35:32,69.28,200,69.3,600,69.2902,100
686,0.6200000000000001,0.28,0.34,39.32000000000001,09:35:39,69.31,300,69.33,100,69.3241,105
701,0.26,0.08,0.18,44.800000000000004,09:35:44,69.3,200,69.32,200,69.311,1000
707,0.25,0.07,0.18,46.68000000000001,09:35:46,69.3,300,69.32,100,69.305,450
741,0.23,0.07,0.16,56.81000000000002,09:35:56,69.22,300,69.24,200,69.22,100
751,0.4,0.23,0.17,0.0,09:36:00,69.21,400,69.22,600,69.21,100
759,0.38,0.21,0.17,2.25,09:36:02,69.21,200,69.23,900,69.23,100
769,0.36000000000000004,0.08,0.28,9.370000000000001,09:36:09,69.18,300,69.21,700,69.1889,1000
771,2.1,1.83,0.27,11.81,09:36:11,69.16,300,69.19,600,69.18,100
772,0.24000000000000002,0.07,0.17,12.05,09:36:12,69.16,200,69.18,200,69.1724,150
778,0.39,0.21,0.18,16.39,09:36:16,69.16,200,69.18,500,69.1732,500
780,0.43,0.19,0.24,20.580000000000002,09:36:20,69.15,1100,69.17,900,69.15,100
785,0.42,0.21,0.21,22.46,09:36:22,69.1,200,69.12,1100,69.12,100
790,0.38,0.09,0.29,24.490000000000002,09:36:24,69.1,100,69.11,300,69.1099,140
795,0.33,0.1,0.23,26.310000000000006,09:36:26,69.1,200,69.11,600,69.11,200
846,0.75,0.21,0.54,48.57999999999999,09:36:48,69.07,500,69.09,600,69.1,100
855,0.35000000000000003,0.07,0.28,52.44,09:36:52,69.07,600,69.08,400,69.08,100
866,0.42,0.21,0.21,56.550000000000004,09:36:56,69.06,400,69.08,800,69.07,100
870,0.35000000000000003,0.08,0.27,58.19,09:36:58,69.05,200,69.06,400,69.06,200
892,0.5,0.24,0.26,9.91,09:37:09,69.06,100,69.07,700,69.0638,180
893,0.28,0.07,0.21,10.19,09:37:10,69.02,400,69.04,400,69.0324,1161
897,1.12,0.75,0.37,12.52,09:37:12,69.02,300,69.04,1300,69.065,500
898,1.7399999999999998,1.38,0.36,14.26,09:37:14,69.02,500,69.04,700,69.04,530
901,2.69,2.4,0.29,18.56,09:37:18,69.01,300,69.03,1500,69.02,100
909,0.6000000000000001,0.26,0.34,22.15,09:37:22,69.0,9300,69.01,400,69.0,100
914,0.41000000000000003,0.21,0.2,24.31,09:37:24,68.94,100,68.96,900,68.96,100
918,0.49,0.14,0.35,26.169999999999998,09:37:26,68.93,100,68.96,700,68.93,200
926,0.53,0.1,0.43,30.270000000000003,09:37:30,68.91,100,68.93,500,68.91,400
931,0.5,0.07,0.43,32.660000000000004,09:37:32,68.9,1300,68.91,400,68.9099,248
934,0.35000000000000003,0.07,0.28,34.13000000000001,09:37:34,68.9,1500,68.91,100,68.92,100
970,0.46,0.2,0.26,48.26999999999999,09:37:48,68.93,200,68.94,700,68.94,100
979,0.35000000000000003,0.07,0.28,52.18999999999998,09:37:52,68.95,300,68.96,100,68.95,100
984,0.41,0.12,0.29,54.059999999999974,09:37:54,68.96,100,68.97,400,68.959,500
1011,0.56,0.27,0.29,6.1800000000000015,09:38:06,68.93,300,68.96,400,68.9541,300
1016,4.37,4.13,0.24,12.880000000000003,09:38:12,68.96,200,68.97,200,68.9799,145
1018,0.6000000000000001,0.27,0.33,13.870000000000003,09:38:13,68.97,100,68.98,500,68.97,100
1033,0.42000000000000004,0.14,0.28,19.959999999999997,09:38:19,68.98,500,68.99,100,68.99,100
1055,0.55,0.24,0.31,32.14,09:38:32,68.96,500,68.99,400,68.98,100
1080,0.46,0.23,0.23,42.17999999999999,09:38:42,68.92,200,68.93,300,68.9213,3627
1123,0.44999999999999996,0.21,0.24,0.44999999999999996,09:39:00,68.96,100,68.97,300,68.967,600
1142,0.37,0.18,0.19,10.05,09:39:10,69.01,100,69.02,200,69.01,100
1149,0.26,0.07,0.19,14.660000000000002,09:39:14,69.0,200,69.02,300,69.0023,500
1156,0.27,0.07,0.2,17.92,09:39:17,69.0,300,69.02,200,69.01899999999999,100
1166,0.45,0.13,0.32,24.380000000000006,09:39:24,69.02,100,69.03,100,69.03,100
1232,0.28,0.07,0.21,50.140000000000036,09:39:50,69.0,200,69.03,100,69.0109,800
1272,0.46,0.23,0.23,0.0,09:40:00,69.0,900,69.03,300,69.015,100
1283,2.42,2.13,0.29,7.33,09:40:07,69.04,200,69.07,100,69.0648,300
1285,0.43,0.19,0.24,8.05,09:40:08,69.04,100,69.07,200,69.0506,1000
1291,0.36,0.17,0.19,9.979999999999999,09:40:09,69.04,300,69.07,100,69.055,100
1295,0.29000000000000004,0.07,0.22,15.21,09:40:15,69.07,100,69.1,400,69.0802,350
1303,0.33,0.07,0.26,17.900000000000002,09:40:17,69.07,200,69.09,200,69.0797,150
1314,0.45999999999999996,0.21,0.25,22.1,09:40:22,69.07,200,69.1,400,69.09,100
1325,0.33,0.08,0.25,25.859999999999996,09:40:25,69.09,500,69.12,300,69.1032,125
1346,0.45,0.19,0.26,33.739999999999995,09:40:33,69.09,300,69.1,300,69.0958,100
1362,0.4,0.2,0.2,39.689999999999976,09:40:39,69.1,400,69.14,200,69.14,100
1410,0.4,0.2,0.2,4.0,09:41:04,69.13,100,69.14,100,69.13,100
1451,0.31,0.08,0.23,24.089999999999993,09:41:24,69.09,400,69.1,400,69.0962,100
1523,0.47,0.09,0.38,50.209999999999994,09:41:50,69.09,200,69.11,300,69.095,1000
1538,0.59,0.29,0.3,56.15,09:41:56,69.09,200,69.11,200,69.104,250
1555,0.30000000000000004,0.07,0.23,8.86,09:42:08,69.09,300,69.12,300,69.105,100
1557,1.23,0.99,0.24,10.51,09:42:10,69.06,300,69.09,300,69.0793,200
1566,0.41000000000000003,0.09,0.32,18.380000000000003,09:42:18,69.05,200,69.07,200,69.0612,100
1568,0.38,0.07,0.31,20.05,09:42:20,69.04,100,69.06,300,69.05,100
1595,0.7,0.24,0.46,31.999999999999993,09:42:31,69.06,500,69.07,200,69.075,100
1614,0.42,0.07,0.35,40.19999999999999,09:42:40,69.06,600,69.07,500,69.069,500
1632,0.33,0.07,0.26,47.75999999999999,09:42:47,69.06,900,69.07,700,69.0656,200
1658,0.76,0.29,0.47,58.21999999999998,09:42:58,69.06,300,69.07,500,69.061,150
1667,0.41000000000000003,0.13,0.28,2.25,09:43:02,69.08,100,69.09,400,69.0866,740
1672,0.46,0.08,0.38,4.36,09:43:04,69.08,200,69.09,100,69.0813,100
1676,0.54,0.25,0.29,6.07,09:43:06,69.08,200,69.09,200,69.085,100
1720,0.54,0.23,0.31,27.9,09:43:27,69.14,400,69.15,300,69.149,750
1730,0.3,0.08,0.22,31.82,09:43:31,69.14,600,69.15,700,69.145,100
1788,0.29000000000000004,0.07,0.22,54.05000000000001,09:43:54,69.04,300,69.05,500,69.053,800
1821,0.27,0.09,0.18,5.77,09:44:05,69.04,500,69.05,300,69.0444,500
1847,0.46,0.18,0.28,21.99,09:44:21,69.04,300,69.05,800,69.042,500
1852,0.33,0.07,0.26,23.799999999999997,09:44:23,69.04,500,69.05,800,69.041,183
1956,0.43000000000000005,0.09,0.34,1.9500000000000002,09:45:01,69.05,200,69.06,300,69.0564,1100
1970,1.2,0.89,0.31,12.739999999999998,09:45:12,69.05,300,69.06,600,69.0556,100
1972,1.42,1.15,0.27,14.759999999999998,09:45:14,69.05,300,69.06,700,69.0546,485
1990,0.34,0.17,0.17,23.78,09:45:23,69.04,600,69.05,300,69.04899999999999,122
2041,0.5700000000000001,0.25,0.32,44.12000000000002,09:45:44,69.04,400,69.06,400,69.0512,200
2119,0.44000000000000006,0.1,0.34,21.790000000000003,09:46:21,68.95,100,68.96,1600,68.955,100
2203,0.33,0.14,0.19,51.81000000000003,09:46:51,68.91,1200,68.93,500,68.929,200
2259,0.29,0.08,0.21,15.659999999999998,09:47:15,68.92,300,68.93,500,68.9275,250
2304,0.44,0.18,0.26,33.80999999999998,09:47:33,68.92,600,68.93,800,68.9201,1411
2328,0.3,0.09,0.21,41.62999999999999,09:47:41,68.93,500,68.94,600,68.935,100
2353,0.37,0.07,0.3,52.039999999999985,09:47:52,68.92,500,68.93,400,68.9299,100
2378,0.44,0.21,0.23,2.0500000000000003,09:48:02,68.91,1900,68.92,300,68.911,106
2383,0.44,0.26,0.18,3.8000000000000003,09:48:03,68.89,100,68.91,700,68.9,100
2384,0.42000000000000004,0.19,0.23,4.220000000000001,09:48:04,68.87,100,68.88,500,68.87,100
2409,0.31,0.08,0.23,15.780000000000003,09:48:15,68.87,800,68.88,1700,68.8754,144
2414,3.29,3.03,0.26,20.97,09:48:20,68.87,800,68.88,1600,68.88,100
2436,0.25,0.08,0.17,27.939999999999994,09:48:27,68.85,500,68.86,100,68.86,205
2439,0.6100000000000001,0.27,0.34,29.459999999999994,09:48:29,68.85,500,68.86,100,68.85,100
2447,0.42000000000000004,0.23,0.19,31.899999999999995,09:48:31,68.83,200,68.84,800,68.83,100
2464,0.47,0.22,0.25,38.12999999999999,09:48:38,68.81,100,68.82,200,68.81,100
2474,0.5900000000000001,0.25,0.34,42.129999999999995,09:48:42,68.84,200,68.85,400,68.869,8826
2485,0.34,0.07,0.27,45.93,09:48:45,68.82,200,68.83,400,68.84,100
2508,0.30000000000000004,0.07,0.23,53.71000000000001,09:48:53,68.81,200,68.82,600,68.815,100
2524,0.51,0.2,0.31,0.0,09:49:00,68.81,500,68.82,1200,68.8134,200
2544,0.45,0.18,0.27,12.21,09:49:12,68.8,400,68.82,1300,68.82,100
2547,0.38,0.18,0.2,13.720000000000002,09:49:13,68.79,400,68.81,400,68.8,100
2550,2.28,1.94,0.34,20.35,09:49:20,68.8,100,68.81,400,68.805,100
2554,0.4,0.21,0.19,21.66,09:49:21,68.79,400,68.8,1100,68.79,100
2569,0.66,0.23,0.43,28.150000000000002,09:49:28,68.8,700,68.81,500,68.8092,100
2581,0.44,0.2,0.24,33.63999999999999,09:49:33,68.8,200,68.81,1100,68.809,100
2605,0.43,0.18,0.25,43.9,09:49:43,68.79,500,68.8,800,68.795,300
2654,0.33,0.08,0.25,0.0,09:50:00,68.87,100,68.9,1100,68.89,100
2658,0.41000000000000003,0.15,0.26,1.83,09:50:01,68.87,200,68.9,1100,68.8869,1200
2684,0.37,0.17,0.2,20.02,09:50:20,68.88,300,68.89,700,68.8899,100
2794,2.9,2.59,0.31,9.469999999999999,09:51:09,68.77,100,68.78,700,68.789,100
2796,0.33,0.13,0.2,10.079999999999998,09:51:10,68.77,200,68.78,600,68.78,100
2804,0.38,0.16,0.22,16.029999999999998,09:51:16,68.75,700,68.76,600,68.76,100
2807,1.46,1.23,0.23,18.13,09:51:18,68.73,200,68.75,900,68.75,200
2817,0.38,0.08,0.3,22.139999999999997,09:51:22,68.73,200,68.75,600,68.74,200
2826,0.42000000000000004,0.16,0.26,25.900000000000002,09:51:25,68.72,100,68.74,200,68.73,140
2836,0.44,0.2,0.24,29.990000000000002,09:51:29,68.72,100,68.73,400,68.723,100
2842,0.29000000000000004,0.07,0.22,31.98,09:51:31,68.7,200,68.71,200,68.7,176
2848,0.33999999999999997,0.09,0.25,34.190000000000005,09:51:34,68.68,500,68.7,400,68.69,100
2853,0.48,0.22,0.26,36.11,09:51:36,68.66,200,68.68,400,68.67,100
2864,0.34,0.08,0.26,39.849999999999994,09:51:39,68.65,400,68.67,400,68.66,100
2870,0.29000000000000004,0.07,0.22,41.98999999999999,09:51:41,68.66,300,68.68,500,68.68,100
2911,0.32,0.08,0.24,58.019999999999975,09:51:58,68.69,300,68.71,100,68.71,100
2922,0.41000000000000003,0.18,0.23,2.12,09:52:02,68.72,200,68.75,400,68.7325,300
2939,2.09,1.8,0.29,10.97,09:52:10,68.72,400,68.75,400,68.7367,100
2941,3.5,3.25,0.25,14.770000000000001,09:52:14,68.71,300,68.72,200,68.72,100
2992,0.39,0.19,0.2,32.07,09:52:32,68.71,600,68.72,200,68.715,100
3004,0.26,0.07,0.19,36.12,09:52:36,68.73,300,68.74,400,68.7362,250
3111,0.29000000000000004,0.09,0.2,21.8,09:53:21,68.7,200,68.72,500,68.7108,150
3164,0.24000000000000002,0.07,0.17,39.40999999999999,09:53:39,68.7,800,68.71,100,68.695,100
3207,0.38,0.22,0.16,53.66999999999996,09:53:53,68.78,400,68.8,300,68.77,100
3237,2.25,2.07,0.18,5.18,09:54:05,68.73,200,68.74,500,68.725,100
3266,0.43000000000000005,0.26,0.17,25.76000000000001,09:54:25,68.66,300,68.68,600,68.6713,100
3281,0.23,0.07,0.16,29.910000000000004,09:54:29,68.69,100,68.7,300,68.685,100
3342,0.33,0.17,0.16,49.75000000000002,09:54:49,68.68,1800,68.69,200,68.699,136
3354,0.44999999999999996,0.21,0.24,53.90000000000003,09:54:53,68.62,100,68.64,1200,68.62,100
3367,0.36,0.18,0.18,58.05000000000003,09:54:58,68.61,400,68.62,600,68.61,100
3378,0.35,0.12,0.23,2.14,09:55:02,68.64,200,68.66,200,68.64,100
3384,0.4,0.1,0.3,4.3,09:55:04,68.63,100,68.64,200,68.645,250
3387,1.64,1.43,0.21,6.67,09:55:06,68.63,200,68.65,1000,68.65,100
3392,0.29,0.08,0.21,11.95,09:55:11,68.61,200,68.63,800,68.63,100
3414,0.55,0.18,0.37,22.409999999999997,09:55:22,68.67,100,68.68,300,68.678,300
3424,0.38,0.12,0.26,26.159999999999993,09:55:26,68.65,300,68.67,600,68.6616,500
3439,0.28,0.08,0.2,32.17999999999999,09:55:32,68.61,200,68.63,300,68.6114,1400
3448,0.45,0.25,0.2,36.22,09:55:36,68.55,100,68.57,500,68.55,100
3459,0.33,0.08,0.25,40.29,09:55:40,68.57,3300,68.59,600,68.58,100
3479,0.27,0.07,0.2,48.01000000000002,09:55:48,68.59,500,68.6,600,68.595,100
3484,0.33,0.07,0.26,50.16000000000002,09:55:50,68.6,500,68.61,300,68.6,100
3513,0.42000000000000004,0.23,0.19,0.0,09:56:00,68.62,500,68.63,600,68.6275,300
3522,0.33,0.07,0.26,3.9899999999999998,09:56:03,68.6,200,68.62,900,68.6102,100
3526,2.38,2.05,0.33,8.17,09:56:08,68.6,300,68.62,900,68.615,100
3533,0.45,0.23,0.22,12.06,09:56:12,68.6,400,68.61,700,68.6047,290
3538,1.61,1.37,0.24,14.89,09:56:14,68.6,600,68.61,800,68.6043,200
3548,0.27,0.07,0.2,19.97,09:56:19,68.6,600,68.61,900,68.6046,300
3558,0.58,0.23,0.35,24.169999999999998,09:56:24,68.58,100,68.59,800,68.59,100
3563,0.33,0.07,0.26,26.189999999999994,09:56:26,68.55,200,68.58,900,68.56,100
3586,0.36,0.09,0.27,36.139999999999986,09:56:36,68.51,300,68.52,500,68.51,100
3592,0.36,0.19,0.17,38.09999999999998,09:56:38,68.47,200,68.48,800,68.47,200
3597,0.38,0.19,0.19,40.02999999999999,09:56:40,68.46,500,68.48,200,68.48,100
3610,0.25,0.08,0.17,43.98999999999999,09:56:43,68.46,1000,68.48,400,68.4724,100
3634,0.4,0.21,0.19,52.23999999999998,09:56:52,68.46,1000,68.47,800,68.46,100
3652,0.27,0.07,0.2,0.0,09:57:00,68.49,600,68.5,400,68.485,100
3662,0.41000000000000003,0.21,0.2,3.8400000000000003,09:57:03,68.51,100,68.52,300,68.52,100
3667,3.57,3.32,0.25,8.85,09:57:08,68.49,800,68.51,300,68.49,100
3670,0.3,0.08,0.22,9.870000000000001,09:57:09,68.48,700,68.5,600,68.4937,150
3674,0.26,0.07,0.19,15.01,09:57:15,68.48,1000,68.51,300,68.4969,102
3677,1.35,1.06,0.29,17.03,09:57:17,68.49,200,68.5,400,68.5,100
3679,3.34,3.09,0.25,20.67,09:57:20,68.49,200,68.51,600,68.495,100
3729,0.25,0.07,0.18,38.08000000000001,09:57:38,68.48,400,68.5,500,68.498,100
3795,0.33999999999999997,0.12,0.22,0.0,09:58:00,68.48,300,68.49,600,68.4888,165
3796,0.25,0.07,0.18,0.25,09:58:00,68.48,300,68.49,700,68.4842,800
3807,0.37,0.18,0.19,3.9699999999999998,09:58:03,68.44,300,68.44,100,68.435,100
3809,0.25,0.07,0.18,7.1899999999999995,09:58:07,68.44,200,68.45,100,68.44,100
3812,0.26,0.07,0.19,8.059999999999999,09:58:08,68.43,400,68.45,500,68.45,100
3814,2.37,2.09,0.28,12.11,09:58:12,68.44,200,68.45,800,68.4489,236
3817,0.25,0.09,0.16,15.98,09:58:15,68.44,300,68.45,700,68.4456,100
3885,0.30000000000000004,0.07,0.23,43.94,09:58:43,68.5,600,68.53,300,68.515,200
3943,0.39,0.21,0.18,6.269999999999999,09:59:06,68.42,100,68.43,500,68.42,400
3950,0.25,0.08,0.17,10.239999999999998,09:59:10,68.41,300,68.42,600,68.415,150
3955,0.39,0.22,0.17,12.809999999999999,09:59:12,68.39,300,68.42,800,68.41,100
3967,1.3199999999999998,1.14,0.18,18.34,09:59:18,68.43,100,68.44,200,68.43,100
3972,0.25,0.07,0.18,19.96,09:59:19,68.43,200,68.46,300,68.4492,500
3984,0.3,0.12,0.18,24.14,09:59:24,68.47,200,68.5,200,68.4886,200
4045,0.4,0.19,0.21,44.410000000000004,09:59:44,68.43,400,68.45,400,68.4499,300
4060,0.55,0.22,0.33,50.430000000000014,09:59:50,68.43,500,68.45,400,68.425,200
4083,0.43,0.21,0.22,58.35,09:59:58,68.39,300,68.43,600,68.4,100
4099,0.39,0.07,0.32,4.13,10:00:04,68.41,500,68.44,700,68.4292,1600
4107,0.32,0.07,0.25,10.23,10:00:10,68.38,300,68.4,200,68.385,100
4125,0.73,0.27,0.46,22.800000000000008,10:00:22,68.4,400,68.41,200,68.39,100
4129,0.41000000000000003,0.1,0.31,24.320000000000007,10:00:24,68.41,300,68.43,500,68.4299,300
4169,0.32,0.07,0.25,42.40999999999999,10:00:42,68.36,500,68.38,100,68.37,100
4179,0.56,0.25,0.31,46.48999999999999,10:00:46,68.37,400,68.39,300,68.38,100
4202,1.21,0.77,0.44,0.0,10:01:00,68.35,200,68.36,700,68.36,100
4206,0.5,0.12,0.38,1.91,10:01:01,68.33,100,68.35,1200,68.34,100
4210,0.35000000000000003,0.07,0.28,3.5100000000000002,10:01:03,68.3,500,68.32,500,68.31,100
4218,0.6799999999999999,0.43,0.25,7.77,10:01:07,68.31,2800,68.32,200,68.32,100
4222,2.2,1.96,0.24,13.41,10:01:13,68.25,400,68.26,600,68.26,100
4223,0.41000000000000003,0.18,0.23,13.82,10:01:13,68.26,800,68.27,400,68.27,100
4227,0.28,0.08,0.2,15.86,10:01:15,68.28,200,68.3,400,68.3,100
4300,0.36,0.19,0.17,41.590000000000025,10:01:41,68.26,500,68.27,600,68.265,100
4337,0.36,0.19,0.17,53.58000000000005,10:01:53,68.27,200,68.28,200,68.28,100
4342,0.28,0.1,0.18,55.38000000000005,10:01:55,68.27,300,68.28,300,68.2701,200
4347,0.37,0.19,0.18,57.48000000000005,10:01:57,68.23,400,68.25,800,68.25,100
4353,0.35,0.18,0.17,0.0,10:02:00,68.22,200,68.24,500,68.22,100
4360,0.26,0.08,0.18,1.9700000000000002,10:02:01,68.22,200,68.24,300,68.23,100
4366,0.32,0.09,0.23,3.91,10:02:03,68.24,100,68.25,300,68.24,100
4374,0.69,0.48,0.21,13.4,10:02:13,68.22,200,68.24,400,68.2225,500
4381,0.76,0.5,0.26,20.900000000000002,10:02:20,68.23,200,68.24,400,68.2301,100
4392,0.27,0.09,0.18,24.009999999999998,10:02:24,68.23,400,68.24,600,68.235,100
4404,0.33,0.07,0.26,27.959999999999994,10:02:27,68.28,400,68.3,200,68.29,100
4410,0.38,0.09,0.29,30.20999999999999,10:02:30,68.31,400,68.33,300,68.315,588
4427,0.38,0.18,0.2,36.01,10:02:36,68.3,200,68.32,500,68.3134,164
4514,1.45,1.22,0.23,7.870000000000002,10:03:07,68.26,100,68.27,300,68.264,100
4545,0.29000000000000004,0.09,0.2,23.840000000000003,10:03:23,68.22,400,68.23,700,68.223,100
4551,0.27,0.07,0.2,25.880000000000003,10:03:25,68.22,400,68.23,700,68.225,200
4557,0.39,0.21,0.18,27.910000000000004,10:03:27,68.2,300,68.21,200,68.21,100
4569,0.28,0.07,0.21,31.81000000000001,10:03:31,68.2,300,68.21,700,68.20100000000001,400
4576,0.35,0.18,0.17,33.940000000000005,10:03:33,68.2,300,68.21,700,68.2,100
4652,0.24000000000000002,0.07,0.17,57.85,10:03:57,68.2,400,68.23,600,68.215,200
4722,0.27,0.07,0.2,34.27,10:04:34,68.17,400,68.18,100,68.17,500
4732,0.52,0.21,0.31,38.21,10:04:38,68.19,100,68.2,500,68.19,100
4737,0.26,0.07,0.19,40.08,10:04:40,68.18,1400,68.2,300,68.18,100
4748,0.44,0.21,0.23,44.21999999999999,10:04:44,68.18,200,68.2,1000,68.1999,100
4765,0.43,0.12,0.31,50.379999999999995,10:04:50,68.16,2100,68.18,800,68.16,100
4769,0.5,0.28,0.22,52.35999999999999,10:04:52,68.16,2000,68.18,800,68.1789,100
4793,0.42000000000000004,0.09,0.33,4.1000000000000005,10:05:04,68.17,600,68.18,1200,68.175,300
4803,0.44,0.22,0.22,7.880000000000002,10:05:07,68.16,400,68.17,1100,68.165,100
4806,0.38,0.19,0.19,9.870000000000001,10:05:09,68.16,400,68.17,1100,68.1653,150
4811,2.55,2.21,0.34,13.670000000000002,10:05:13,68.11,500,68.13,800,68.11,100
4812,0.49,0.2,0.29,14.160000000000002,10:05:14,68.1,200,68.11,500,68.1,100
4817,0.31,0.08,0.23,15.700000000000003,10:05:15,68.05,200,68.06,200,68.055,100
4818,0.37,0.17,0.2,16.070000000000004,10:05:16,68.03,200,68.06,500,68.06,100
4819,2.35,1.95,0.4,18.420000000000005,10:05:18,68.04,400,68.07,700,68.04,100
4822,2.16,1.81,0.35,21.390000000000004,10:05:21,68.07,600,68.08,300,68.07,100
4823,0.3,0.09,0.21,21.690000000000005,10:05:21,68.12,200,68.13,100,68.13,100
4828,0.48,0.23,0.25,23.830000000000005,10:05:23,68.09,100,68.1,200,68.09,100
4833,0.29,0.08,0.21,25.8,10:05:25,68.06,100,68.08,600,68.0643,700
4839,0.4,0.18,0.22,27.869999999999997,10:05:27,68.02,1100,68.05,400,68.0276,1591
4844,0.44,0.22,0.22,29.929999999999996,10:05:29,68.03,200,68.05,300,68.03,100
4862,0.39,0.21,0.18,35.669999999999995,10:05:35,68.07,100,68.08,600,68.08,100
4869,0.26,0.08,0.18,37.82999999999999,10:05:37,68.05,100,68.07,900,68.065,500
4886,0.39,0.09,0.3,43.929999999999986,10:05:43,68.04,100,68.07,200,68.05,100
4912,0.42,0.24,0.18,54.039999999999964,10:05:54,68.12,100,68.14,700,68.14,100
4916,0.26,0.07,0.19,55.59999999999996,10:05:55,68.1,200,68.13,300,68.115,200
4922,0.39,0.22,0.17,57.71999999999997,10:05:57,68.1,100,68.13,600,68.1014,250
4939,1.7,1.53,0.17,7.920000000000001,10:06:07,68.11,100,68.13,500,68.1263,200
4940,0.23,0.07,0.16,8.15,10:06:08,68.12,200,68.13,200,68.12,200
4956,0.25,0.08,0.17,22.000000000000004,10:06:22,68.1,100,68.11,600,68.105,200
4969,0.24000000000000002,0.07,0.17,25.809999999999995,10:06:25,68.08,200,68.1,400,68.0998,100
4988,0.27,0.07,0.2,31.93999999999999,10:06:31,68.07,100,68.08,700,68.075,700
5005,0.41000000000000003,0.08,0.33,38.24999999999999,10:06:38,68.02,1500,68.04,900,68.02,100
5077,0.28,0.07,0.21,2.8500000000000005,10:07:02,68.07,600,68.1,200,68.085,100
5099,0.33999999999999997,0.18,0.16,19.71,10:07:19,68.07,300,68.09,200,68.077,1000
5120,0.26,0.07,0.19,26.06000000000001,10:07:26,68.05,1500,68.07,800,68.0528,300
5220,0.28,0.07,0.21,0.0,10:08:00,68.08,1500,68.09,700,68.0925,100
5233,0.33999999999999997,0.18,0.16,4.05,10:08:04,68.08,1500,68.09,900,68.0825,100
5249,2.8200000000000003,2.62,0.2,15.55,10:08:15,68.08,300,68.09,400,68.0834,500
5300,0.34,0.07,0.27,33.95,10:08:33,68.03,300,68.05,600,68.0365,155
5378,4.11,3.81,0.3,4.430000000000001,10:09:04,68.12,600,68.14,100,68.1386,500
5379,0.32,0.09,0.23,4.750000000000001,10:09:04,68.12,600,68.14,200,68.1284,125
5381,3.4,3.07,0.33,9.22,10:09:09,68.14,800,68.17,700,68.1528,100
5383,0.8999999999999999,0.59,0.31,10.410000000000002,10:09:10,68.14,800,68.17,600,68.155,100
5387,0.41000000000000003,0.24,0.17,14.240000000000002,10:09:14,68.14,900,68.16,400,68.158,250
5388,2.6500000000000004,2.43,0.22,16.89,10:09:16,68.15,200,68.17,800,68.15,100
5463,0.26,0.1,0.16,0.26,10:12:00,68.13,400,68.14,200,68.135,100
5564,0.38,0.18,0.2,12.02,10:13:12,68.18,200,68.19,500,68.185,100
5585,0.29000000000000004,0.07,0.22,23.959999999999997,10:13:23,68.2,500,68.22,800,68.2172,100
5597,0.25,0.07,0.18,28.009999999999994,10:13:28,68.21,1000,68.23,500,68.2175,700
5608,0.47,0.23,0.24,32.19,10:13:32,68.2,600,68.21,200,68.2001,300
5709,0.34,0.17,0.17,6.19,10:14:06,68.21,500,68.23,100,68.2114,600
5731,0.23,0.07,0.16,24.099999999999998,10:14:24,68.26,500,68.28,3700,68.2786,800
5785,0.25,0.08,0.17,41.90000000000001,10:14:41,68.3,500,68.31,200,68.305,440
5792,0.37,0.2,0.17,44.110000000000014,10:14:44,68.32,500,68.34,400,68.3333,100
5799,0.26,0.09,0.17,46.15000000000001,10:14:46,68.32,400,68.33,100,68.33,100
5843,0.35,0.17,0.18,0.0,10:15:00,68.28,300,68.3,600,68.3099,1400
5849,0.49,0.22,0.27,2.0300000000000002,10:15:02,68.28,400,68.3,800,68.2884,1300
5863,1.73,1.47,0.26,12.74,10:15:12,68.26,600,68.28,100,68.2789,200
5868,0.68,0.22,0.46,18.02,10:15:18,68.29,200,68.32,400,68.3061,505
5953,0.24,0.08,0.16,47.74000000000002,10:15:47,68.36,100,68.38,200,68.3705,500
5990,0.39,0.18,0.21,57.95000000000003,10:15:57,68.36,500,68.38,900,68.373,150
6013,0.42000000000000004,0.22,0.2,5.87,10:16:05,68.34,300,68.37,1600,68.35,100
6068,0.28,0.08,0.2,29.769999999999996,10:16:29,68.35,100,68.37,1700,68.3569,500
6158,4.47,4.22,0.25,8.73,10:17:08,68.4,400,68.41,100,68.4058,109
6159,2.81,2.47,0.34,11.540000000000001,10:17:11,68.39,100,68.4,300,68.406,500
6189,0.51,0.22,0.29,27.220000000000006,10:17:27,68.42,300,68.43,300,68.4283,300
6194,0.34,0.07,0.27,29.070000000000004,10:17:29,68.41,400,68.43,400,68.416,600
6265,0.44999999999999996,0.09,0.36,56.27000000000004,10:17:56,68.39,200,68.4,200,68.399,100
6268,0.55,0.12,0.43,58.290000000000035,10:17:58,68.39,200,68.4,200,68.3964,200
6292,1.16,0.95,0.21,10.510000000000002,10:18:10,68.39,600,68.4,100,68.3999,100
6302,0.5800000000000001,0.24,0.34,17.700000000000003,10:18:17,68.39,500,68.41,400,68.3973,100
6329,0.39,0.19,0.2,4.38,10:19:04,68.39,300,68.41,500,68.3979,100
6357,0.45,0.22,0.23,14.319999999999999,10:19:14,68.39,200,68.41,400,68.395,300
6362,0.48000000000000004,0.28,0.2,16.24,10:19:16,68.4,100,68.41,500,68.3975,500
6384,0.39,0.17,0.22,24.249999999999996,10:19:24,68.38,100,68.39,200,68.3801,200
6411,0.36000000000000004,0.08,0.28,34.42,10:19:34,68.38,400,68.4,600,68.3927,800
6426,0.47,0.26,0.21,0.0,10:20:00,68.38,400,68.4,500,68.39399999999999,200
6505,0.35,0.14,0.21,36.360000000000014,10:20:36,68.43,700,68.44,1000,68.4364,1000
6563,0.71,0.23,0.48,12.68,10:21:12,68.42,1100,68.44,700,68.4356,100
6566,0.43,0.07,0.36,14.299999999999999,10:21:14,68.42,100,68.44,700,68.4307,200
6577,0.56,0.28,0.28,20.389999999999993,10:21:20,68.4,100,68.42,800,68.418,1000
6603,0.75,0.23,0.52,34.80999999999999,10:21:34,68.4,200,68.42,500,68.4116,780
6605,0.5900000000000001,0.07,0.52,36.04999999999999,10:21:36,68.4,200,68.42,1200,68.4124,250
6628,0.46,0.18,0.28,9.92,10:22:09,68.36,400,68.38,800,68.3601,970
6647,0.49,0.18,0.31,21.640000000000004,10:22:21,68.36,400,68.38,800,68.3732,500
6651,0.45,0.18,0.27,23.620000000000005,10:22:23,68.36,500,68.38,800,68.3775,2500
6708,0.37,0.09,0.28,51.39,10:22:51,68.31,700,68.34,700,68.325,100
6747,0.48,0.09,0.39,24.3,10:23:24,68.34,400,68.35,200,68.3469,359
6798,0.42000000000000004,0.19,0.23,44.209999999999994,10:23:44,68.31,300,68.33,400,68.3148,800
6854,0.25,0.07,0.18,1.9,10:24:01,68.33,300,68.34,400,68.335,300
6948,0.4,0.1,0.3,51.77000000000001,10:24:51,68.31,500,68.32,400,68.3199,100
6978,0.39,0.12,0.27,13.829999999999998,10:25:13,68.33,100,68.34,1100,68.332,2000
6982,0.36,0.09,0.27,15.669999999999998,10:25:15,68.33,300,68.34,1100,68.3399,100
7013,0.53,0.1,0.43,32.07,10:25:32,68.37,600,68.39,500,68.3898,100
7017,0.48000000000000004,0.2,0.28,34.099999999999994,10:25:34,68.37,400,68.39,600,68.3797,100
7093,0.55,0.23,0.32,13.28,10:26:13,68.36,100,68.37,300,68.3587,300
7095,0.36,0.07,0.29,14.02,10:26:14,68.36,300,68.37,300,68.365,200
7166,0.5700000000000001,0.13,0.44,48.099999999999994,10:26:48,68.37,300,68.38,500,68.3723,850
7285,0.99,0.75,0.24,14.76,10:28:14,68.44,200,68.45,300,68.455,500
7324,0.43000000000000005,0.2,0.23,29.939999999999998,10:28:29,68.41,500,68.42,600,68.4068,100
7358,0.28,0.08,0.2,41.730000000000004,10:28:41,68.43,300,68.44,200,68.4368,200
7454,0.28,0.07,0.21,19.860000000000003,10:29:19,68.53,300,68.55,3700,68.5399,100
7459,0.25,0.08,0.17,22.200000000000003,10:29:22,68.53,500,68.55,3600,68.54,100
7477,0.44000000000000006,0.17,0.27,27.900000000000006,10:29:27,68.56,200,68.57,600,68.57,100
7529,0.38,0.18,0.2,46.03000000000003,10:29:46,68.57,400,68.59,300,68.5797,167
7535,0.37,0.2,0.17,47.90000000000003,10:29:47,68.57,500,68.59,300,68.575,100
7566,0.52,0.19,0.33,58.06000000000003,10:29:58,68.57,500,68.59,200,68.5806,100
7660,0.48,0.19,0.29,40.900000000000006,10:30:40,68.59,600,68.6,1000,68.5999,500
7693,0.62,0.24,0.38,54.99000000000001,10:30:54,68.57,500,68.59,500,68.5816,500
7704,0.29000000000000004,0.07,0.22,0.0,10:31:00,68.57,500,68.59,800,68.5889,500
7711,0.45,0.23,0.22,2.32,10:31:02,68.57,500,68.58,600,68.5791,140
7716,0.36,0.14,0.22,4.010000000000001,10:31:04,68.56,100,68.58,300,68.565,200
7725,2.15,1.77,0.38,15.870000000000001,10:31:15,68.54,200,68.55,700,68.5456,360
7726,0.32,0.07,0.25,16.19,10:31:16,68.53,500,68.54,200,68.53,100
7879,0.48000000000000004,0.28,0.2,28.440000000000015,10:33:28,68.5,1100,68.51,500,68.5032,200
8063,0.6000000000000001,0.07,0.53,55.970000000000006,10:34:55,68.62,500,68.63,200,68.6243,100
8075,0.63,0.17,0.46,6.029999999999999,10:35:06,68.61,300,68.62,400,68.625,100
8099,0.57,0.08,0.49,22.009999999999994,10:35:22,68.6,1300,68.61,500,68.6044,150
8102,0.62,0.23,0.39,23.799999999999997,10:35:23,68.6,1300,68.61,500,68.6054,200
8118,0.76,0.19,0.57,34.239999999999995,10:35:34,68.6,1400,68.61,800,68.6057,325
8174,0.76,0.17,0.59,18.35,10:36:18,68.61,300,68.62,400,68.6143,200
8180,0.63,0.08,0.55,22.580000000000002,10:36:22,68.61,300,68.62,600,68.617,500
8183,0.5900000000000001,0.14,0.45,24.360000000000003,10:36:24,68.61,300,68.62,700,68.6153,233
8241,0.5700000000000001,0.07,0.5,7.950000000000001,10:37:07,68.62,400,68.63,500,68.627,250
8248,0.59,0.09,0.5,14.950000000000001,10:37:14,68.63,200,68.64,1000,68.635,100
8289,0.5900000000000001,0.07,0.52,39.51000000000002,10:37:39,68.66,1000,68.67,400,68.6601,500
8316,0.7699999999999999,0.08,0.69,55.91000000000004,10:37:55,68.66,1400,68.67,200,68.6695,300
8338,0.61,0.14,0.47,9.609999999999998,10:38:09,68.67,600,68.68,500,68.675,100
8344,0.62,0.19,0.43,17.98,10:38:17,68.67,500,68.68,700,68.6742,500
8377,0.61,0.17,0.44,38.0,10:38:38,68.69,1200,68.7,300,68.6999,200
8401,0.62,0.18,0.44,52.01,10:38:52,68.72,900,68.73,800,68.727,100
8404,0.7899999999999999,0.08,0.71,54.169999999999995,10:38:54,68.72,1100,68.73,300,68.7292,100
8425,0.79,0.18,0.61,14.099999999999998,10:39:14,68.72,200,68.73,500,68.7256,135
8441,0.84,0.12,0.72,27.559999999999995,10:39:27,68.7,400,68.71,600,68.704,3000
8464,0.6300000000000001,0.07,0.56,43.92000000000001,10:39:43,68.68,100,68.69,1000,68.689,200
8466,0.6499999999999999,0.07,0.58,45.34000000000001,10:39:45,68.68,100,68.69,400,68.6899,100
8545,0.5900000000000001,0.07,0.52,48.27000000000003,10:40:48,68.68,400,68.69,800,68.6801,150
8582,3.0200000000000005,2.49,0.53,12.82,10:41:12,68.66,500,68.67,400,68.6699,100
8584,0.62,0.25,0.37,14.04,10:41:14,68.66,500,68.67,400,68.6653,450
8591,0.61,0.18,0.43,20.22,10:41:20,68.63,400,68.65,300,68.6466,1223
8614,0.5700000000000001,0.07,0.5,33.97,10:41:33,68.58,400,68.59,900,68.605,400
8650,0.62,0.21,0.41,54.440000000000005,10:41:54,68.58,900,68.6,500,68.594,100
8667,0.56,0.07,0.49,5.58,10:42:05,68.65,100,68.66,800,68.6499,200
8687,0.5900000000000001,0.28,0.31,21.7,10:42:21,68.65,200,68.66,600,68.6558,100
8715,0.6000000000000001,0.07,0.53,39.71000000000001,10:42:39,68.6,200,68.62,800,68.6073,600
8722,0.5700000000000001,0.07,0.5,43.48000000000001,10:42:43,68.6,400,68.62,800,68.619,100
8746,0.75,0.07,0.68,57.84000000000002,10:42:57,68.59,400,68.6,600,68.5901,400
8791,0.6399999999999999,0.07,0.57,32.03,10:43:32,68.63,400,68.64,1200,68.6343,300
8794,0.6000000000000001,0.07,0.53,33.980000000000004,10:43:33,68.63,300,68.64,1400,68.6358,200
8805,0.73,0.2,0.53,41.38,10:43:41,68.63,300,68.64,1300,68.639,160
8841,0.56,0.07,0.49,3.77,10:44:03,68.58,400,68.59,700,68.585,100
8852,2.2,1.66,0.54,12.559999999999999,10:44:12,68.56,400,68.57,600,68.563,500
8927,0.6499999999999999,0.24,0.41,0.0,10:45:00,68.52,900,68.53,300,68.525,100
8949,0.43,0.13,0.3,19.779999999999998,10:45:19,68.56,700,68.57,200,68.5644,100
8959,0.61,0.21,0.4,25.829999999999995,10:45:25,68.57,800,68.58,400,68.578,250
8962,0.5900000000000001,0.07,0.52,27.609999999999996,10:45:27,68.57,1000,68.58,300,68.5799,150
8993,0.59,0.08,0.51,47.75,10:45:47,68.56,500,68.57,300,68.5601,305
9077,0.6300000000000001,0.07,0.56,43.83,10:46:43,68.43,300,68.44,1100,68.4301,150
9095,0.61,0.21,0.4,55.83000000000002,10:46:55,68.45,1000,68.46,200,68.445,300
9105,0.76,0.32,0.44,2.38,10:47:02,68.47,500,68.48,300,68.465,300
9108,0.62,0.19,0.43,5.39,10:47:05,68.47,1100,68.48,300,68.475,300
9117,1.5699999999999998,1.0,0.57,17.189999999999998,10:47:17,68.48,1100,68.49,700,68.4875,600
9151,0.6,0.12,0.48,36.41999999999999,10:47:36,68.48,1300,68.49,400,68.4848,100
9166,0.5900000000000001,0.07,0.52,46.20999999999999,10:47:46,68.48,1000,68.49,600,68.4863,1000
9182,0.61,0.09,0.52,56.239999999999995,10:47:56,68.45,400,68.46,600,68.4557,100
9203,4.82,4.37,0.45,13.02,10:48:13,68.51,300,68.53,500,68.5298,300
9210,1.6099999999999999,1.18,0.43,19.809999999999995,10:48:19,68.51,500,68.52,700,68.5163,1000
9253,0.77,0.4,0.37,44.01,10:48:44,68.54,300,68.55,600,68.545,100
9417,0.63,0.21,0.42,32.34000000000002,10:50:32,68.61,300,68.62,300,68.6101,151
9474,0.6100000000000001,0.07,0.54,16.23,10:51:16,68.61,200,68.62,200,68.6144,159
9491,0.62,0.22,0.4,28.390000000000008,10:51:28,68.6,200,68.61,200,68.6025,450
9638,1.1400000000000001,0.54,0.6,10.37,10:53:10,68.59,300,68.61,700,68.5972,100
9784,0.64,0.18,0.46,18.87,10:56:18,68.58,500,68.59,400,68.5854,1000
9826,0.44,0.07,0.37,12.17,10:57:12,68.59,700,68.6,600,68.5954,100
9904,0.66,0.2,0.46,2.62,10:58:02,68.56,1600,68.57,500,68.5657,315
9926,3.18,2.58,0.6,21.769999999999996,10:58:21,68.57,100,68.58,800,68.5746,350
10128,0.75,0.07,0.68,28.549999999999994,11:00:28,68.48,1200,68.49,600,68.488,100
10151,0.5700000000000001,0.07,0.5,42.150000000000006,11:00:42,68.44,300,68.45,400,68.4411,100
10186,4.41,3.86,0.55,20.97,11:01:20,68.43,800,68.44,1100,68.4348,400
10256,135.06,134.46,0.6,0.0,11:04:00,68.42,300,68.43,500,68.4295,110
10267,0.6000000000000001,0.07,0.53,8.15,11:04:08,68.43,600,68.44,500,68.4354,110
10270,0.63,0.17,0.46,10.15,11:04:10,68.44,200,68.45,900,68.449,100
10329,0.7999999999999999,0.08,0.72,2.2199999999999998,11:05:02,68.37,100,68.38,600,68.375,100
10338,0.8200000000000001,0.07,0.75,10.43,11:05:10,68.32,600,68.33,100,68.3335,200
10339,0.99,0.47,0.52,11.42,11:05:11,68.32,500,68.33,100,68.3244,125
10342,0.5800000000000001,0.07,0.51,14.190000000000001,11:05:14,68.3,1000,68.31,1200,68.3066,110
10359,0.56,0.22,0.34,27.77000000000001,11:05:27,68.28,1100,68.29,200,68.295,100
10374,0.6,0.17,0.43,35.990000000000016,11:05:35,68.28,1100,68.29,800,68.285,100
10422,0.59,0.18,0.41,7.8,11:06:07,68.28,300,68.29,300,68.2893,100
10430,1.37,0.8,0.57,16.57,11:06:16,68.27,400,68.28,200,68.2747,100
10484,0.44999999999999996,0.09,0.36,47.57999999999999,11:06:47,68.27,600,68.28,1000,68.275,100
10488,0.5700000000000001,0.07,0.5,49.72999999999999,11:06:49,68.27,700,68.28,800,68.2708,100
10526,0.6599999999999999,0.36,0.3,16.419999999999998,11:07:16,68.31,600,68.33,300,68.3176,318
10591,0.57,0.08,0.49,54.2,11:07:54,68.32,400,68.33,400,68.3254,250
10617,0.58,0.11,0.47,10.57,11:08:10,68.33,700,68.34,400,68.339,100
10643,0.78,0.28,0.5,28.810000000000002,11:08:28,68.34,600,68.35,300,68.3401,214
10651,0.5900000000000001,0.07,0.52,34.78,11:08:34,68.31,300,68.32,500,68.3138,103
10666,0.59,0.21,0.38,44.42000000000001,11:08:44,68.31,600,68.32,700,68.3167,100
10698,0.5599999999999999,0.09,0.47,0.0,11:09:00,68.3,300,68.31,700,68.309,100
10809,0.61,0.18,0.43,18.21,11:10:18,68.26,200,68.27,400,68.26899999999999,2500
10891,2.18,1.59,0.59,12.36,11:11:12,68.3,500,68.31,200,68.3095,100
10963,0.61,0.19,0.42,57.85000000000005,11:11:57,68.34,1000,68.35,200,68.34899999999999,100
10980,3.22,2.72,0.5,14.139999999999999,11:12:14,68.36,1200,68.37,300,68.3699,100
11155,0.5800000000000001,0.07,0.51,12.78,11:14:12,68.34,900,68.35,300,68.345,100
11217,0.81,0.18,0.63,10.040000000000001,11:16:10,68.34,100,68.35,500,68.3499,191
11234,0.6,0.08,0.52,0.0,11:17:00,68.37,300,68.38,600,68.37899999999999,100
11255,0.61,0.17,0.44,20.429999999999996,11:17:20,68.35,600,68.36,900,68.3558,150
11431,0.78,0.16,0.62,18.420000000000005,11:19:18,68.38,1000,68.39,600,68.3863,580
11443,0.79,0.17,0.62,27.830000000000002,11:19:27,68.39,100,68.4,1200,68.3951,100
11515,0.61,0.13,0.48,19.429999999999996,11:20:19,68.4,500,68.41,400,68.40899999999999,200
11530,0.77,0.07,0.7,29.75,11:20:29,68.41,400,68.42,800,68.4099,100
11559,0.77,0.23,0.54,49.34000000000002,11:20:49,68.39,700,68.4,300,68.3958,100
11588,1.4300000000000002,1.04,0.39,18.01,11:21:18,68.4,500,68.42,900,68.419,150
11614,0.78,0.07,0.71,36.00000000000001,11:21:36,68.41,600,68.42,600,68.4156,102
11747,0.79,0.29,0.5,7.83,11:23:07,68.39,700,68.4,100,68.3949,426
11859,0.59,0.08,0.51,32.22000000000001,11:24:32,68.43,1200,68.44,300,68.4308,150
11925,0.6300000000000001,0.07,0.56,20.849999999999998,11:25:20,68.44,500,68.45,900,68.4447,200
11955,0.6,0.09,0.51,42.25,11:25:42,68.47,1200,68.48,400,68.4786,100
11983,0.75,0.08,0.67,0.0,11:26:00,68.47,1800,68.48,3100,68.4713,200
12026,0.64,0.18,0.46,34.06,11:26:34,68.47,500,68.48,300,68.479,100
12036,0.5599999999999999,0.21,0.35,0.5599999999999999,11:27:00,68.48,700,68.49,200,68.4807,155
12123,0.62,0.12,0.5,46.15,11:29:46,68.43,400,68.44,800,68.4358,275
12194,0.59,0.1,0.49,0.0,11:31:00,68.45,400,68.46,500,68.4501,270
12237,0.58,0.08,0.5,37.989999999999995,11:31:37,68.47,600,68.48,1000,68.4767,250
12247,0.6000000000000001,0.14,0.46,44.36,11:31:44,68.47,700,68.48,700,68.477,500
12311,0.61,0.08,0.53,22.449999999999992,11:32:22,68.46,400,68.47,700,68.4605,178
12372,0.59,0.09,0.5,2.0,11:33:02,68.46,900,68.47,900,68.4667,300
12478,0.64,0.27,0.37,9.81,11:34:09,68.41,600,68.42,800,68.4111,500
12562,0.6,0.08,0.52,12.19,11:35:12,68.41,700,68.42,500,68.4101,100
12625,0.98,0.41,0.57,2.2,11:37:02,68.41,1700,68.42,1400,68.4144,250
13123,0.33,0.13,0.2,46.010000000000026,11:43:46,68.36,200,68.37,1800,68.3662,100
13272,0.41000000000000003,0.23,0.18,41.089999999999996,11:45:41,68.35,500,68.36,1000,68.355,100
13303,0.24,0.08,0.16,7.190000000000001,11:46:07,68.35,700,68.36,1000,68.3556,200
13346,0.27,0.09,0.18,27.13,11:46:27,68.33,900,68.35,700,68.3488,100
13365,0.38,0.21,0.17,33.040000000000006,11:46:33,68.33,300,68.34,700,68.3393,208
13404,0.47,0.23,0.24,47.27000000000001,11:46:47,68.33,400,68.34,800,68.3375,200
13420,0.30000000000000004,0.07,0.23,0.0,11:47:00,68.32,400,68.33,1200,68.322,100
13480,0.29000000000000004,0.07,0.22,25.98999999999999,11:47:25,68.31,800,68.32,1600,68.3196,400
13547,0.38,0.17,0.21,48.180000000000014,11:47:48,68.32,1300,68.33,800,68.3277,1000
13569,0.39,0.19,0.2,55.230000000000004,11:47:55,68.32,700,68.33,800,68.3252,200
13571,0.39,0.2,0.19,56.230000000000004,11:47:56,68.32,700,68.33,1300,68.3284,125
13795,0.4,0.22,0.18,22.369999999999994,11:49:22,68.32,1900,68.33,700,68.3243,120
13845,0.25,0.08,0.17,38.51,11:49:38,68.31,300,68.32,1000,68.3133,250
13932,0.41000000000000003,0.25,0.16,23.13,11:50:23,68.31,700,68.32,1000,68.3136,1700
13964,0.30000000000000004,0.13,0.17,33.09,11:50:33,68.31,800,68.32,1500,68.3149,150
14038,0.43000000000000005,0.23,0.2,0.0,11:51:00,68.31,1100,68.32,1400,68.319,100
14206,3.46,3.28,0.18,6.970000000000001,11:52:06,68.32,1100,68.33,800,68.3229,100
14387,0.5700000000000001,0.24,0.33,21.140000000000004,11:53:21,68.31,700,68.32,1500,68.3152,150
14481,0.56,0.28,0.28,52.16000000000003,11:53:52,68.31,700,68.32,1300,68.311,700
14498,0.26,0.08,0.18,0.0,11:54:00,68.31,800,68.32,1300,68.3101,300
14504,4.07,3.9,0.17,5.67,11:54:05,68.31,800,68.32,1000,68.3154,100
14509,3.63,3.31,0.32,11.26,11:54:11,68.31,900,68.32,1100,68.3125,160
14566,0.33,0.14,0.19,33.41000000000001,11:54:33,68.33,600,68.34,800,68.3359,439
14677,1.6300000000000001,1.3,0.33,13.15,11:55:13,68.33,1100,68.34,800,68.3362,100
14883,0.6000000000000001,0.27,0.33,36.29000000000002,11:56:36,68.33,900,68.34,800,68.3367,100
14997,0.36,0.17,0.19,21.790000000000003,11:57:21,68.32,600,68.33,1200,68.3263,1000
15204,0.39,0.2,0.19,36.51999999999998,11:58:36,68.35,900,68.36,1000,68.359,200
15289,0.36,0.17,0.19,21.760000000000005,11:59:21,68.32,400,68.33,1700,68.3235,111
15313,0.28,0.07,0.21,29.690000000000015,11:59:29,68.32,300,68.33,2000,68.3274,135
15393,0.4,0.18,0.22,57.72999999999999,11:59:57,68.32,500,68.33,2100,68.329,100
15957,0.26,0.07,0.19,36.20000000000001,12:03:36,68.36,500,68.37,700,68.3654,500
16551,0.25,0.07,0.18,24.050000000000004,12:07:24,68.41,700,68.42,3100,68.4197,100
16556,0.4,0.21,0.19,26.050000000000004,12:07:26,68.41,700,68.42,3100,68.4134,500
16573,0.27,0.08,0.19,31.910000000000007,12:07:31,68.4,500,68.41,700,68.4085,100
16592,0.4,0.2,0.2,38.18000000000001,12:07:38,68.4,300,68.41,700,68.405,100
16670,2.81,2.59,0.22,16.439999999999998,12:08:16,68.41,400,68.42,1300,68.4162,100
16698,0.5,0.25,0.25,28.139999999999993,12:08:28,68.41,300,68.42,1400,68.4154,300
16785,0.39,0.17,0.22,0.0,12:09:00,68.4,700,68.41,900,68.4057,200
16893,0.4,0.23,0.17,39.76000000000001,12:09:39,68.41,700,68.42,1000,68.4157,100
16976,2.94,2.63,0.31,10.959999999999999,12:10:10,68.4,900,68.41,900,68.4064,718
17172,0.36,0.19,0.17,1.38,12:11:01,68.41,800,68.42,1000,68.4175,117
17487,0.33999999999999997,0.18,0.16,25.819999999999997,12:13:25,68.4,300,68.41,1400,68.4056,219
17705,0.28,0.07,0.21,43.91000000000002,12:14:43,68.41,1100,68.42,2000,68.4199,300
17998,0.27,0.08,0.19,40.02000000000002,12:16:40,68.35,400,68.36,2000,68.3564,800
18117,0.24,0.08,0.16,25.979999999999993,12:17:25,68.35,500,68.36,2300,68.3549,378
18228,0.37,0.21,0.16,4.67,12:18:04,68.36,800,68.37,500,68.3635,116
18235,0.34,0.17,0.17,6.77,12:18:06,68.36,800,68.37,500,68.3633,100
18269,0.36,0.19,0.17,24.529999999999994,12:18:24,68.36,900,68.37,600,68.3668,100
18416,0.23,0.07,0.16,17.669999999999998,12:19:17,68.37,800,68.38,1400,68.3754,100
18519,0.30000000000000004,0.13,0.17,48.100000000000016,12:19:48,68.38,900,68.39,1000,68.3856,300
18571,0.36,0.19,0.17,0.0,12:20:00,68.38,900,68.39,1200,68.3875,100
18781,0.5900000000000001,0.26,0.33,36.099999999999994,12:21:36,68.4,400,68.41,600,68.4001,100
18844,0.62,0.26,0.36,57.93,12:21:57,68.4,1000,68.41,2900,68.4066,100
18862,0.47000000000000003,0.27,0.2,2.2800000000000002,12:22:02,68.4,800,68.41,2900,68.4063,273
18886,3.2800000000000002,3.1,0.18,18.369999999999997,12:22:18,68.4,900,68.41,2600,68.4043,100
19195,0.30000000000000004,0.1,0.2,12.11,12:24:12,68.44,800,68.45,7400,68.4485,333
19247,0.37,0.13,0.24,32.239999999999995,12:24:32,68.48,800,68.49,900,68.4868,100
19252,0.35,0.14,0.21,34.04999999999999,12:24:34,68.48,800,68.49,900,68.4856,100
19288,0.32,0.07,0.25,47.98,12:24:47,68.48,1200,68.49,900,68.4896,150
19492,0.42000000000000004,0.23,0.19,29.910000000000004,12:26:29,68.48,200,68.49,600,68.48899999999999,100
19579,2.66,2.38,0.28,0.0,12:27:00,68.49,800,68.5,900,68.4966,100
19591,1.04,0.85,0.19,10.21,12:27:10,68.51,300,68.52,700,68.517,100
19594,0.42000000000000004,0.23,0.19,11.14,12:27:11,68.51,400,68.52,100,68.5192,100
19772,0.35,0.18,0.17,24.040000000000003,12:28:24,68.51,500,68.52,700,68.5107,300
19844,0.29000000000000004,0.13,0.16,47.81,12:28:47,68.51,900,68.52,800,68.5154,180
19858,0.25,0.07,0.18,51.97,12:28:51,68.51,700,68.52,900,68.5175,100
19945,0.41000000000000003,0.2,0.21,23.999999999999996,12:29:23,68.51,800,68.52,1500,68.5156,100
20005,0.26,0.07,0.19,45.93999999999999,12:29:45,68.53,700,68.54,1800,68.535,100
20008,0.36,0.18,0.18,46.919999999999995,12:29:46,68.53,300,68.54,3000,68.5356,1175
20070,0.26,0.08,0.18,10.38,12:30:10,68.49,1300,68.5,1300,68.4954,300
20163,0.31,0.07,0.24,46.29000000000002,12:30:46,68.47,600,68.48,1000,68.4768,200
20509,0.43000000000000005,0.23,0.2,12.210000000000003,12:33:12,68.51,300,68.52,1100,68.5157,200
20637,0.42,0.21,0.21,0.0,12:34:00,68.55,900,68.57,500,68.5599,100
20899,0.45,0.27,0.18,30.349999999999984,12:35:30,68.55,600,68.56,500,68.5573,200
21011,0.33999999999999997,0.15,0.19,28.220000000000002,12:36:28,68.53,200,68.54,700,68.5301,200
21297,0.28,0.07,0.21,8.16,12:38:08,68.53,600,68.54,200,68.5358,100
21303,0.42000000000000004,0.2,0.22,13.89,12:38:13,68.53,800,68.54,200,68.5306,200
21372,0.39,0.21,0.18,42.24,12:38:42,68.54,700,68.55,500,68.5446,800
21384,0.27,0.08,0.19,45.900000000000006,12:38:45,68.54,800,68.55,600,68.5425,100
21406,44.300000000000004,43.96,0.34,0.0,12:39:00,68.56,1000,68.57,1200,68.5685,100
21422,0.24000000000000002,0.07,0.17,4.970000000000001,12:39:04,68.56,1100,68.57,1300,68.5654,100
21483,0.4,0.23,0.17,23.119999999999997,12:39:23,68.56,1100,68.57,800,68.5675,100
21487,0.26,0.09,0.17,0.0,12:40:00,68.56,900,68.57,800,68.561,376
21509,3.1900000000000004,2.97,0.22,12.870000000000001,12:40:12,68.56,1000,68.57,1000,68.5647,350
21582,0.43000000000000005,0.23,0.2,40.02999999999998,12:40:40,68.52,500,68.53,700,68.529,100
21625,0.27,0.08,0.19,53.88999999999999,12:40:53,68.51,300,68.52,600,68.5148,100
21762,0.43,0.22,0.21,52.83000000000003,12:41:52,68.54,900,68.55,600,68.5451,250
21837,0.26,0.08,0.18,16.710000000000008,12:44:16,68.51,1400,68.52,1300,68.5151,150
21955,0.42,0.21,0.21,26.91,12:45:26,68.51,700,68.52,2400,68.5101,200
21978,0.5900000000000001,0.27,0.32,35.11000000000001,12:45:35,68.51,700,68.52,2400,68.5139,320
22004,0.45999999999999996,0.29,0.17,42.92000000000001,12:45:42,68.51,600,68.52,2400,68.5155,100
22193,0.28,0.07,0.21,21.72,12:47:21,68.53,800,68.54,900,68.5368,200
22272,0.26,0.07,0.19,47.82000000000003,12:47:47,68.53,1000,68.54,1100,68.5354,100
22341,1.57,1.23,0.34,14.890000000000002,12:48:14,68.52,300,68.53,800,68.5256,116
22377,0.4,0.2,0.2,28.08000000000001,12:48:28,68.51,300,68.52,700,68.5167,1460
22384,0.35,0.17,0.18,30.14000000000001,12:48:30,68.51,300,68.52,700,68.5185,100
22783,1.29,1.09,0.2,8.190000000000001,12:51:08,68.51,900,68.52,2400,68.5168,100
22966,0.55,0.24,0.31,6.17,12:52:06,68.51,900,68.52,2300,68.51100000000001,300
23305,0.39,0.17,0.22,27.870000000000005,12:54:27,68.51,1300,68.52,2500,68.5187,700
23347,0.28,0.07,0.21,41.96000000000002,12:54:41,68.51,1200,68.52,2700,68.5184,100
23353,0.45,0.23,0.22,44.15000000000003,12:54:44,68.51,1300,68.52,2700,68.5173,150
23722,0.37,0.08,0.29,13.87,12:57:13,68.53,200,68.54,2000,68.5371,200
23923,0.24000000000000002,0.07,0.17,27.909999999999986,12:58:27,68.55,400,68.56,200,68.5566,100
23931,0.24000000000000002,0.07,0.17,29.889999999999983,12:58:29,68.56,800,68.57,1300,68.555,200
24023,0.30000000000000004,0.07,0.23,1.5000000000000002,13:00:01,68.58,700,68.59,500,68.5862,200
24121,0.32,0.14,0.18,0.32,13:01:00,68.61,700,68.62,1400,68.6185,150
24128,4.420000000000001,4.19,0.23,6.820000000000001,13:01:06,68.61,800,68.62,1400,68.6182,4000
24147,0.38,0.22,0.16,18.71,13:01:18,68.61,600,68.62,1000,68.6188,700
24204,0.37,0.21,0.16,37.94999999999998,13:01:37,68.61,1100,68.62,800,68.6157,100
24222,0.28,0.07,0.21,44.019999999999975,13:01:44,68.6,200,68.61,1100,68.6089,100
24288,1.22,1.05,0.17,4.78,13:02:04,68.58,100,68.59,600,68.5833,1100
24350,0.24000000000000002,0.07,0.17,31.969999999999978,13:02:31,68.55,200,68.56,900,68.5538,200
24386,0.36,0.2,0.16,43.85999999999998,13:02:43,68.55,400,68.56,1000,68.5546,100
24423,0.36,0.17,0.19,55.70999999999999,13:02:55,68.55,500,68.56,600,68.557,2000
24430,0.27,0.07,0.2,0.0,13:03:00,68.55,500,68.56,1000,68.5554,300
24441,0.32,0.13,0.19,3.7600000000000002,13:03:03,68.54,100,68.55,700,68.5459,4076
24453,0.53,0.26,0.27,15.99,13:03:15,68.53,100,68.54,900,68.533,100
24459,3.23,3.06,0.17,20.78,13:03:20,68.52,600,68.54,900,68.5308,100
24734,0.42000000000000004,0.2,0.22,55.99000000000002,13:04:55,68.52,200,68.53,1300,68.5247,100
24873,0.44999999999999996,0.21,0.24,36.96999999999999,13:05:36,68.52,500,68.53,1100,68.5242,200
24937,0.37,0.14,0.23,6.3100000000000005,13:09:06,68.52,400,68.53,1000,68.5234,440
24968,0.42000000000000004,0.25,0.17,24.110000000000007,13:09:24,68.52,900,68.53,900,68.5257,100
25109,0.28,0.07,0.21,26.150000000000002,13:10:26,68.51,700,68.52,1300,68.5199,189
25127,0.4,0.21,0.19,31.930000000000007,13:10:31,68.51,700,68.52,1300,68.5196,100
25262,0.43,0.08,0.35,22.39,13:11:22,68.52,900,68.53,1300,68.5237,1408
25346,0.37,0.07,0.3,8.75,13:12:08,68.57,800,68.58,700,68.5754,100
25349,0.5900000000000001,0.27,0.32,10.28,13:12:10,68.57,800,68.58,900,68.5785,100
25410,0.32,0.08,0.24,39.93,13:12:39,68.59,300,68.6,700,68.5933,253
25502,0.5800000000000001,0.26,0.32,32.36000000000001,13:13:32,68.59,400,68.6,700,68.5957,500
25655,0.6,0.21,0.39,14.37,13:15:14,68.62,600,68.63,400,68.6296,200
25695,0.43,0.08,0.35,40.19,13:15:40,68.62,500,68.63,400,68.6209,2416
25785,0.8,0.17,0.63,47.740000000000016,13:16:47,68.63,100,68.64,800,68.6375,120
25829,0.56,0.27,0.29,23.969999999999995,13:17:23,68.61,400,68.62,1100,68.6168,133
25885,0.59,0.08,0.51,53.930000000000014,13:17:53,68.58,400,68.59,400,68.5885,100
26025,0.63,0.14,0.49,28.169999999999998,13:19:28,68.56,400,68.57,200,68.5662,100
26046,0.43,0.07,0.36,39.830000000000005,13:19:39,68.56,700,68.57,700,68.5656,300
26192,0.59,0.23,0.36,25.839999999999996,13:21:25,68.56,1100,68.57,1700,68.5668,1000
26264,3.04,2.57,0.47,8.059999999999999,13:22:08,68.56,1300,68.57,1600,68.5672,856
26409,0.59,0.24,0.35,23.419999999999998,13:23:23,68.56,1200,68.57,1400,68.5684,100
26456,0.8200000000000001,0.18,0.64,19.870000000000005,13:24:19,68.51,400,68.52,1200,68.5162,100
26462,0.59,0.08,0.51,24.040000000000003,13:24:24,68.5,2200,68.51,1600,68.505,100
26509,3.1999999999999997,2.34,0.86,6.989999999999999,13:25:06,68.5,2800,68.51,1700,68.5054,100
26514,1.21,0.07,1.14,16.21,13:25:16,68.5,3600,68.51,1500,68.5061,292
26517,1.19,0.17,1.02,20.0,13:25:20,68.5,3600,68.51,1600,68.5035,500
26550,1.1700000000000002,0.1,1.07,3.1799999999999997,13:26:03,68.45,1000,68.46,700,68.4546,100
26552,0.99,0.13,0.86,5.1899999999999995,13:26:05,68.45,800,68.46,1600,68.4561,100
26643,1.03,0.09,0.94,53.81000000000002,13:27:53,68.43,1300,68.44,1700,68.4357,146
26656,1.6,0.74,0.86,9.41,13:28:09,68.42,1300,68.43,600,68.4201,200
26662,1.01,0.08,0.93,16.39,13:28:16,68.42,1800,68.43,800,68.421,100
26705,1.4100000000000001,0.12,1.29,22.209999999999997,13:29:22,68.44,700,68.45,500,68.4468,100
26732,1.41,0.21,1.2,56.38,13:29:56,68.44,1000,68.45,500,68.4454,1500
26757,1.4,0.19,1.21,26.77,13:30:26,68.45,400,68.46,500,68.457,100
26764,1.3800000000000001,0.07,1.31,35.99,13:30:35,68.44,400,68.45,1600,68.4465,300
26787,1.1800000000000002,0.07,1.11,3.8000000000000003,13:31:03,68.44,600,68.45,1800,68.4434,840
26797,1.23,0.1,1.13,15.82,13:31:15,68.44,800,68.45,1500,68.4467,275
26818,1.02,0.09,0.93,41.820000000000014,13:31:41,68.43,700,68.44,1200,68.4335,1070
26912,1.2200000000000002,0.14,1.08,0.0,13:34:00,68.43,800,68.44,800,68.4399,100
26946,1.1800000000000002,0.25,0.93,42.99,13:34:42,68.43,1000,68.44,1100,68.4347,100
26960,1.42,0.13,1.29,0.0,13:35:00,68.43,900,68.44,1300,68.4346,184
26998,1.02,0.07,0.95,51.59000000000001,13:35:51,68.43,1500,68.44,1500,68.436,1500
27003,1.57,0.26,1.31,57.98000000000001,13:35:57,68.43,1400,68.44,1300,68.4366,100
27060,0.98,0.2,0.78,0.0,13:37:00,68.42,600,68.43,2000,68.4254,100
27090,1.41,0.21,1.2,38.00000000000001,13:37:38,68.43,700,68.44,1900,68.4306,1554
27101,1.4000000000000001,0.07,1.33,51.600000000000016,13:37:51,68.44,600,68.45,1600,68.4466,100
27138,1.01,0.07,0.94,38.38999999999998,13:38:38,68.44,1200,68.45,1500,68.4457,150
27192,1.1800000000000002,0.07,1.11,45.35999999999999,13:39:45,68.46,1100,68.47,400,68.4654,100
27204,1.1900000000000002,0.07,1.12,0.0,13:40:00,68.46,1300,68.47,400,68.4699,173
27241,1.2100000000000002,0.1,1.11,34.39,13:41:34,68.5,2100,68.51,200,68.5019,200
27262,3.59,2.35,1.24,10.379999999999999,13:42:10,68.5,1900,68.51,200,68.5058,100
27309,1.59,0.51,1.08,8.62,13:43:08,68.49,800,68.51,500,68.5089,100
27326,1.0,0.22,0.78,28.64,13:43:28,68.49,1200,68.51,1100,68.501,100
27348,1.38,0.23,1.15,49.65,13:43:49,68.49,600,68.5,900,68.499,100
27510,1.21,0.23,0.98,3.59,13:47:03,68.5,1100,68.51,600,68.5017,200
27635,1.18,0.31,0.87,36.19,13:49:36,68.58,900,68.59,1700,68.5875,200
27714,1.3699999999999999,0.23,1.14,5.39,13:51:05,68.56,400,68.57,700,68.5646,258
27719,1.2,0.21,0.99,11.579999999999998,13:51:11,68.56,300,68.57,600,68.5699,195
27723,2.3899999999999997,1.63,0.76,20.169999999999998,13:51:20,68.56,800,68.57,500,68.5631,145
27724,0.81,0.07,0.74,20.979999999999997,13:51:20,68.56,800,68.57,500,68.5626,140
27732,1.2000000000000002,0.08,1.12,30.79,13:51:30,68.56,400,68.57,500,68.569,108
27751,1.21,0.08,1.13,53.800000000000004,13:51:53,68.57,500,68.58,500,68.577,100
27754,1.1900000000000002,0.07,1.12,57.39000000000001,13:51:57,68.57,400,68.58,900,68.5725,500
27764,4.2,3.55,0.65,8.99,13:52:08,68.57,600,68.58,600,68.5794,168
27766,3.0100000000000002,2.2,0.81,13.0,13:52:13,68.57,600,68.58,600,68.5747,100
27798,1.01,0.07,0.94,43.179999999999986,13:52:43,68.59,500,68.6,1100,68.5899,200
27862,0.97,0.23,0.74,47.79000000000001,13:53:47,68.57,400,68.58,800,68.5701,175
27863,0.81,0.16,0.65,48.600000000000016,13:53:48,68.57,400,68.58,800,68.579,100
27874,1.03,0.24,0.79,4.430000000000001,13:54:04,68.58,700,68.59,1200,68.5858,1475
27949,1.2000000000000002,0.08,1.12,33.599999999999994,13:55:33,68.6,1100,68.61,600,68.6049,100
27968,1.24,0.22,1.02,0.0,13:56:00,68.6,1200,68.61,700,68.6099,100
28063,0.99,0.07,0.92,29.580000000000002,13:57:29,68.52,500,68.53,1600,68.5236,150
28065,1.01,0.08,0.93,31.580000000000002,13:57:31,68.52,700,68.53,1600,68.5255,339
28099,1.41,0.19,1.22,28.39,13:58:28,68.48,600,68.49,1400,68.4901,100
28123,1.23,0.19,1.04,0.0,13:59:00,68.49,200,68.5,800,68.4962,253
28130,1.4,0.2,1.2,9.19,13:59:09,68.48,1400,68.49,600,68.4873,100
28160,1.01,0.07,0.94,45.77,13:59:45,68.48,1500,68.49,600,68.4813,209
28211,0.81,0.17,0.64,41.61,14:00:41,68.49,500,68.5,800,68.4904,100
28221,1.24,0.23,1.01,51.63,14:00:51,68.49,500,68.5,1000,68.4933,100
28240,0.98,0.14,0.84,13.370000000000001,14:01:13,68.48,600,68.49,1400,68.4843,300
28243,0.98,0.27,0.71,15.980000000000002,14:01:15,68.48,600,68.49,1400,68.4899,500
28245,0.8200000000000001,0.07,0.75,17.800000000000004,14:01:17,68.48,600,68.49,1300,68.48100000000001,400
28251,1.19,0.23,0.96,24.390000000000004,14:01:24,68.46,1600,68.47,1200,68.4656,400
28254,1.02,0.18,0.84,27.990000000000002,14:01:27,68.46,1600,68.47,1600,68.467,400
28270,1.01,0.07,0.94,46.370000000000005,14:01:46,68.44,300,68.45,2000,68.4444,1050
28300,0.8099999999999999,0.09,0.72,31.789999999999992,14:02:31,68.44,200,68.45,1300,68.4443,100
28318,1.02,0.18,0.84,50.20999999999999,14:02:50,68.44,700,68.45,1600,68.4458,500
28393,1.37,0.29,1.08,30.560000000000006,14:04:30,68.43,600,68.44,900,68.4367,300
28442,1.02,0.13,0.89,23.21,14:05:23,68.42,700,68.43,1200,68.429,100
28478,1.3699999999999999,0.21,1.16,7.580000000000001,14:06:07,68.43,300,68.44,900,68.4304,176
28549,1.2000000000000002,0.12,1.08,29.199999999999996,14:07:29,68.45,1200,68.46,900,68.4525,150
28637,1.01,0.13,0.88,26.179999999999996,14:09:26,68.45,2500,68.46,500,68.4554,100
28659,1.0,0.09,0.91,52.75000000000001,14:09:52,68.45,2600,68.46,900,68.459,100
28737,0.81,0.07,0.74,21.220000000000002,14:11:21,68.48,1600,68.49,600,68.4892,100
28787,3.0100000000000002,2.33,0.68,21.6,14:12:21,68.49,1000,68.5,600,68.4947,300
28870,0.98,0.07,0.91,42.37,14:13:42,68.53,900,68.54,500,68.5312,600
29026,1.39,0.17,1.22,28.22,14:16:28,68.5,400,68.51,1800,68.5053,186
29034,1.18,0.31,0.87,38.43,14:16:38,68.5,400,68.51,1900,68.5001,226
29039,1.66,0.27,1.39,46.43,14:16:46,68.5,700,68.51,1900,68.5066,947
29042,1.43,0.2,1.23,51.05,14:16:51,68.5,800,68.52,700,68.5075,100
29049,1.19,0.23,0.96,6.209999999999999,14:17:06,68.51,1100,68.52,1700,68.5134,5000
29053,1.01,0.17,0.84,13.819999999999999,14:17:13,68.5,600,68.51,900,68.5033,1000
29071,0.98,0.26,0.72,32.18999999999999,14:17:32,68.5,600,68.51,1000,68.507,175
29103,0.97,0.07,0.9,0.0,14:18:00,68.5,1000,68.51,1400,68.5071,200
29127,1.19,0.19,1.0,30.36,14:18:30,68.5,800,68.51,2000,68.5099,100
29163,2.39,1.57,0.82,8.21,14:19:08,68.5,800,68.51,2200,68.5049,100
29168,1.1800000000000002,0.09,1.09,14.4,14:19:14,68.5,900,68.51,2300,68.5043,300
29223,1.98,0.73,1.25,3.17,14:20:03,68.49,8200,68.5,2500,68.4961,100
29418,0.58,0.1,0.48,28.03,14:22:28,68.47,800,68.48,2100,68.46300000000001,100
29549,0.43,0.07,0.36,35.43000000000001,14:23:35,68.49,400,68.5,1700,68.4959,500
29797,0.6,0.18,0.42,41.330000000000005,14:26:41,68.49,700,68.5,1300,68.4993,100
29877,0.61,0.21,0.4,31.960000000000004,14:27:31,68.52,800,68.53,600,68.5219,130
29891,0.6,0.18,0.42,40.13,14:27:40,68.52,900,68.53,600,68.5235,100
29902,0.43,0.08,0.35,46.17,14:27:46,68.52,900,68.53,600,68.528,1260
29905,0.42000000000000004,0.08,0.34,47.730000000000004,14:27:47,68.52,900,68.53,700,68.5274,290
29945,0.61,0.09,0.52,19.819999999999997,14:28:19,68.52,1300,68.53,600,68.5254,100
30001,0.5800000000000001,0.07,0.51,56.180000000000035,14:28:56,68.52,1400,68.53,1400,68.5258,145
30021,0.6,0.09,0.51,8.95,14:29:08,68.53,1600,68.54,700,68.5303,100
30082,0.61,0.21,0.4,47.790000000000035,14:29:47,68.54,800,68.55,700,68.5466,100
30170,0.74,0.27,0.47,50.38000000000003,14:30:50,68.55,1000,68.56,1100,68.5547,100
30176,0.61,0.18,0.43,54.22000000000003,14:30:54,68.55,900,68.56,1100,68.5558,100
30186,0.62,0.13,0.49,0.0,14:31:00,68.56,2000,68.57,300,68.5678,200
30273,0.42,0.07,0.35,53.40000000000003,14:31:53,68.56,1700,68.57,600,68.5666,100
30406,0.81,0.15,0.66,32.04,14:33:32,68.55,800,68.56,1200,68.5588,100
30703,0.63,0.08,0.55,0.0,14:39:00,68.54,700,68.55,600,68.5485,250
30745,0.6,0.18,0.42,29.590000000000007,14:39:29,68.54,400,68.55,700,68.5499,400
30801,0.76,0.2,0.56,12.04,14:40:12,68.53,600,68.54,800,68.5349,100
30819,0.61,0.09,0.52,25.63,14:40:25,68.54,500,68.55,700,68.5444,125
30846,0.8,0.26,0.54,44.220000000000006,14:40:44,68.54,500,68.55,900,68.5448,100
30872,0.61,0.22,0.39,2.01,14:41:02,68.54,600,68.55,1000,68.54899999999999,100
30877,1.5899999999999999,1.13,0.46,8.61,14:41:08,68.54,900,68.55,1000,68.5457,200
30885,0.8300000000000001,0.2,0.63,14.819999999999999,14:41:14,68.54,900,68.55,900,68.5438,315
30936,0.6200000000000001,0.07,0.55,0.0,14:42:00,68.53,500,68.54,700,68.5362,200
30996,0.61,0.1,0.51,47.42000000000002,14:42:47,68.54,500,68.55,1100,68.5454,200
31100,0.8,0.35,0.45,48.000000000000014,14:43:48,68.53,400,68.54,1000,68.5386,200
31181,0.75,0.08,0.67,46.95,14:44:46,68.53,900,68.54,800,68.5352,175
31269,1.6400000000000001,1.29,0.35,4.4,14:46:04,68.5,1200,68.51,900,68.5093,100
31279,2.0100000000000002,1.55,0.46,14.6,14:46:14,68.5,800,68.51,1200,68.5062,103
31321,0.61,0.08,0.53,43.960000000000015,14:46:43,68.5,1300,68.51,1400,68.5085,200
31364,0.62,0.24,0.38,21.03,14:47:21,68.49,700,68.5,1600,68.4955,1200
31372,0.61,0.2,0.41,32.83,14:47:32,68.48,1800,68.49,3100,68.4855,200
31445,0.44,0.08,0.36,12.019999999999998,14:48:12,68.51,1100,68.52,300,68.51899999999999,100
31497,0.43,0.07,0.36,40.02,14:48:40,68.53,1200,68.54,600,68.5334,487
31690,0.76,0.2,0.56,13.95,14:51:13,68.58,1900,68.59,1000,68.5825,100
31751,0.6000000000000001,0.07,0.53,58.390000000000015,14:51:58,68.53,500,68.54,1400,68.532,200
31854,0.61,0.15,0.46,7.78,14:53:07,68.55,400,68.56,700,68.5568,300
31866,0.6,0.17,0.43,17.950000000000003,14:53:17,68.55,300,68.56,800,68.5501,100
31978,0.74,0.13,0.61,28.150000000000002,14:54:28,68.53,500,68.54,1600,68.5392,100
31999,0.82,0.23,0.59,42.530000000000015,14:54:42,68.54,1300,68.55,1100,68.5492,100
32058,0.75,0.22,0.53,1.3900000000000001,14:56:01,68.54,1200,68.55,1300,68.5486,1000
32170,0.5900000000000001,0.07,0.52,37.82000000000001,14:57:37,68.54,1300,68.55,1600,68.5488,3000
32179,0.42,0.11,0.31,43.44000000000001,14:57:43,68.54,1400,68.55,1600,68.5498,100
32216,2.0100000000000002,1.57,0.44,20.400000000000002,14:58:20,68.52,1200,68.53,1900,68.5299,100
32303,0.8300000000000001,0.19,0.64,8.39,14:59:08,68.52,1300,68.53,2400,68.5275,219
32366,0.5800000000000001,0.07,0.51,46.16000000000003,14:59:46,68.51,800,68.52,1900,68.5166,105
32441,0.43,0.07,0.36,43.669999999999995,15:00:43,68.5,900,68.51,2500,68.5044,180
32459,0.64,0.21,0.43,53.85,15:00:53,68.5,1100,68.51,2300,68.5045,300
32548,0.74,0.07,0.67,0.0,15:02:00,68.48,900,68.49,1900,68.4879,100
32619,0.6699999999999999,0.07,0.6,6.050000000000001,15:03:06,68.48,700,68.49,2500,68.483,400
32712,0.61,0.08,0.53,13.84,15:04:13,68.46,1400,68.47,2500,68.4666,5000
32860,3.77,3.29,0.48,0.0,15:06:00,68.5,900,68.51,1000,68.5046,1382
32873,0.79,0.17,0.62,14.79,15:06:14,68.5,900,68.51,700,68.5057,500
33059,0.6200000000000001,0.07,0.55,49.68,15:08:49,68.55,600,68.56,500,68.5562,125
33084,0.44,0.07,0.37,2.4499999999999997,15:09:02,68.55,1200,68.56,800,68.5525,500
33086,2.01,1.64,0.37,5.22,15:09:05,68.54,300,68.55,2000,68.5491,784
33156,0.62,0.17,0.45,52.45000000000001,15:09:52,68.55,1500,68.56,1400,68.559,100
33198,0.76,0.18,0.58,32.35,15:10:32,68.57,1500,68.58,500,68.5764,1000
33232,0.6100000000000001,0.27,0.34,54.010000000000026,15:10:54,68.57,1400,68.58,900,68.5768,100
33250,0.6,0.18,0.42,0.0,15:11:00,68.57,1500,68.58,1400,68.5775,300
33262,3.9800000000000004,3.49,0.49,17.159999999999997,15:11:17,68.57,1500,68.58,1000,68.5755,145
33278,0.64,0.19,0.45,25.830000000000005,15:11:25,68.58,1500,68.59,700,68.5872,500
33307,0.7799999999999999,0.08,0.7,44.4,15:11:44,68.59,1800,68.6,1100,68.5925,251
33616,0.59,0.08,0.51,17.81,15:15:17,68.61,900,68.62,500,68.6166,250
33629,0.5800000000000001,0.07,0.51,25.39,15:15:25,68.61,900,68.62,700,68.6158,400
33655,0.43,0.07,0.36,39.199999999999996,15:15:39,68.61,500,68.62,700,68.6111,100
33685,0.6000000000000001,0.2,0.4,55.59999999999998,15:15:55,68.61,1500,68.62,800,68.6154,725
33781,0.76,0.23,0.53,0.0,15:17:00,68.62,1100,68.63,400,68.626,200
33796,0.6000000000000001,0.14,0.46,15.449999999999998,15:17:15,68.62,600,68.63,1700,68.6286,200
33842,0.58,0.21,0.37,43.48000000000003,15:17:43,68.58,300,68.59,1800,68.587,200
33856,0.77,0.36,0.41,51.67000000000004,15:17:51,68.57,600,68.58,1900,68.5777,3000
33934,0.6000000000000001,0.07,0.53,50.37000000000001,15:18:50,68.58,1000,68.59,300,68.589,100
33943,0.58,0.08,0.5,0.0,15:19:00,68.59,1200,68.6,400,68.5978,100
34048,1.0,0.36,0.64,21.979999999999997,15:20:21,68.6,2100,68.61,1000,68.6041,1000
34080,0.6000000000000001,0.07,0.53,42.20000000000002,15:20:42,68.58,800,68.59,500,68.5844,210
34124,1.81,1.18,0.63,10.84,15:21:10,68.54,500,68.55,1100,68.5403,100
34185,0.75,0.4,0.35,51.660000000000025,15:21:51,68.54,400,68.55,600,68.5484,150
34278,0.5900000000000001,0.07,0.52,0.0,15:23:00,68.55,1100,68.56,300,68.5548,283
34287,4.17,3.56,0.61,10.99,15:23:10,68.55,1100,68.56,600,68.5567,150
34345,0.45,0.14,0.31,47.64000000000001,15:23:47,68.56,1200,68.57,1100,68.5664,500
34349,0.75,0.14,0.61,50.190000000000005,15:23:50,68.56,1200,68.57,1100,68.5663,750
34459,0.79,0.19,0.6,6.15,15:25:06,68.59,600,68.6,400,68.5936,1000
34481,0.7699999999999999,0.08,0.69,23.720000000000002,15:25:23,68.59,1100,68.6,500,68.5956,100
34484,0.5900000000000001,0.07,0.52,25.740000000000002,15:25:25,68.59,1100,68.6,500,68.5955,133
34843,0.8099999999999999,0.09,0.72,34.029999999999994,15:29:34,68.57,1200,68.58,200,68.571,157
34879,0.84,0.08,0.76,22.799999999999997,15:30:22,68.58,700,68.59,3300,68.5815,395
34885,0.83,0.14,0.69,27.97999999999999,15:30:27,68.58,1100,68.59,2900,68.5857,200
35053,0.59,0.21,0.38,24.209999999999997,15:32:24,68.58,1500,68.59,1700,68.5897,100
35116,0.6000000000000001,0.07,0.53,0.6000000000000001,15:33:00,68.55,1100,68.56,1600,68.5575,200
35187,0.5900000000000001,0.07,0.52,49.37000000000002,15:33:49,68.56,1200,68.57,1200,68.5623,1000
35221,1.4100000000000001,0.89,0.52,22.630000000000003,15:34:22,68.54,600,68.55,900,68.5434,100
35390,3.1700000000000004,2.74,0.43,7.76,15:36:07,68.54,1100,68.55,700,68.5475,237
35430,0.61,0.23,0.38,33.75000000000001,15:36:33,68.54,600,68.55,1600,68.5463,150
35537,0.45,0.12,0.33,45.900000000000006,15:37:45,68.57,4300,68.58,1000,68.5744,100
35595,0.6100000000000001,0.27,0.34,35.39000000000001,15:38:35,68.56,1400,68.57,1200,68.5614,100
35609,0.44,0.12,0.32,43.39000000000002,15:38:43,68.56,1400,68.57,1500,68.567,100
35646,0.44,0.07,0.37,6.23,15:39:06,68.56,1700,68.57,2000,68.5642,300
35658,0.44,0.08,0.36,22.010000000000005,15:39:22,68.57,2200,68.58,1000,68.5763,1000
35772,0.5800000000000001,0.07,0.51,37.18,15:40:37,68.59,1700,68.6,900,68.5948,200
35802,0.57,0.08,0.49,55.570000000000014,15:40:55,68.57,900,68.58,1700,68.5792,4839
35884,0.79,0.2,0.59,50.43000000000001,15:41:50,68.58,1800,68.59,1300,68.582,100
35939,0.8,0.27,0.53,41.379999999999995,15:42:41,68.57,1900,68.58,1600,68.5784,200
36047,0.6,0.18,0.42,52.18,15:43:52,68.58,1500,68.59,500,68.581,300
36333,0.6000000000000001,0.07,0.53,6.82,15:47:06,68.57,2600,68.58,1900,68.5781,378
36351,0.44,0.08,0.36,21.44,15:47:21,68.57,2900,68.58,2100,68.5713,100
36513,0.6,0.18,0.42,15.610000000000003,15:49:15,68.58,600,68.59,2300,68.5801,126
36607,0.98,0.22,0.76,18.580000000000005,15:50:18,68.62,2000,68.63,1600,68.6236,1000
36611,0.8,0.4,0.4,21.820000000000007,15:50:21,68.62,2200,68.63,1700,68.6232,250
36630,0.77,0.07,0.7,34.38000000000002,15:50:34,68.62,2800,68.63,2200,68.62899999999999,100
36632,0.81,0.17,0.64,35.990000000000016,15:50:35,68.62,2800,68.63,1800,68.6234,200
36653,0.84,0.23,0.61,54.22000000000002,15:50:54,68.63,1400,68.64,500,68.6367,2500
36658,0.74,0.07,0.67,0.0,15:51:00,68.63,1300,68.64,1900,68.6362,100
36674,2.0100000000000002,1.35,0.66,15.209999999999997,15:51:15,68.65,2600,68.66,1900,68.655,100
36675,0.79,0.07,0.72,15.999999999999996,15:51:15,68.65,2700,68.66,1500,68.65899999999999,145
36687,0.8099999999999999,0.08,0.73,24.77999999999999,15:51:24,68.66,4200,68.67,1000,68.665,200
36734,0.8300000000000001,0.07,0.76,0.0,15:52:00,68.7,4200,68.71,2700,68.7007,200
36736,0.61,0.08,0.53,1.5899999999999999,15:52:01,68.7,4200,68.71,2700,68.705,140
36756,0.85,0.22,0.63,24.189999999999998,15:52:24,68.66,1200,68.67,600,68.6639,327
36775,0.45,0.07,0.38,37.81000000000001,15:52:37,68.67,200,68.68,2400,68.6728,500
36781,0.59,0.12,0.47,41.40000000000001,15:52:41,68.67,900,68.68,2500,68.6791,700
36788,0.6100000000000001,0.07,0.54,45.780000000000015,15:52:45,68.67,1400,68.68,2700,68.6748,100
36802,0.8200000000000001,0.2,0.62,55.81000000000003,15:52:55,68.67,2200,68.68,800,68.6754,100
36857,0.77,0.07,0.7,38.22,15:53:38,68.67,2200,68.68,1300,68.6701,100
36953,0.6200000000000001,0.07,0.55,46.680000000000014,15:54:46,68.66,800,68.67,2700,68.6692,3000
36968,0.63,0.29,0.34,58.070000000000014,15:54:58,68.65,1000,68.66,2800,68.6554,100
36994,0.61,0.21,0.4,20.989999999999995,15:55:20,68.68,2300,68.69,1400,68.6874,100
37038,0.76,0.07,0.69,51.339999999999996,15:55:51,68.69,3300,68.7,1100,68.6957,100
37072,0.44,0.13,0.31,21.860000000000007,15:56:21,68.68,1900,68.69,2500,68.6856,300
37156,3.2,2.66,0.54,18.82,15:57:18,68.69,1100,68.7,3700,68.6967,116
