,Total Delay,Request Delay,Saving Delay,Arrival Time,Time,Bid,Bid Size,Ask,Ask Size,Last Price,Last Size
0,0.6499999999999999,0.3,0.35,0.6499999999999999,09:30:00,53.13,300,53.18,300,53.2,100
32,0.43,0.21,0.22,12.59,09:30:12,53.12,1000,53.15,2000,53.141999999999996,200
46,0.35000000000000003,0.08,0.27,0.0,09:31:00,53.12,1100,53.15,2000,53.1308,1000
51,0.4,0.18,0.22,1.98,09:31:01,53.12,1100,53.15,2000,53.135,100
56,0.30000000000000004,0.07,0.23,4.9799999999999995,09:31:04,53.12,1100,53.14,100,53.12,100
59,0.33,0.1,0.23,6.17,09:31:06,53.14,200,53.16,900,53.15,100
64,2.08,1.88,0.2,9.670000000000002,09:31:09,53.16,100,53.17,700,53.165,100
69,0.42,0.21,0.21,12.030000000000003,09:31:12,53.16,100,53.17,700,53.1637,1000
71,0.37,0.18,0.19,14.770000000000001,09:31:14,53.17,900,53.19,900,53.185,100
80,1.4100000000000001,1.07,0.34,21.630000000000003,09:31:21,53.17,900,53.19,1000,53.17,262
138,0.38,0.07,0.31,42.140000000000015,09:31:42,53.19,200,53.2,700,53.19,200
152,0.74,0.21,0.53,48.37000000000002,09:31:48,53.17,600,53.2,100,53.18,100
201,4.77,4.56,0.21,7.58,09:32:07,53.13,200,53.14,300,53.14,100
227,0.36,0.19,0.17,18.990000000000002,09:32:18,53.11,200,53.12,200,53.1163,500
238,0.38,0.21,0.17,22.319999999999997,09:32:22,53.09,1000,53.1,200,53.1,100
246,0.36,0.18,0.18,25.039999999999996,09:32:25,53.09,500,53.1,400,53.095,100
270,0.36,0.2,0.16,33.339999999999996,09:32:33,53.08,300,53.09,1900,53.085,100
276,0.24000000000000002,0.07,0.17,35.19,09:32:35,53.07,100,53.08,200,53.08,100
295,0.33999999999999997,0.18,0.16,41.170000000000016,09:32:41,53.06,200,53.08,100,53.07,100
315,0.3,0.08,0.22,47.38000000000002,09:32:47,53.07,600,53.09,1300,53.09,100
350,3.75,3.46,0.29,9.190000000000001,09:33:09,53.05,400,53.07,500,53.06,100
356,2.15,1.91,0.24,14.98,09:33:14,53.04,200,53.05,700,53.04,100
362,2.69,2.48,0.21,19.009999999999998,09:33:19,53.03,200,53.04,300,53.03,100
370,0.66,0.28,0.38,22.090000000000003,09:33:22,53.03,500,53.04,300,53.035,100
381,0.41000000000000003,0.22,0.19,25.900000000000006,09:33:25,53.01,100,53.02,200,53.01,200
393,0.35,0.18,0.17,29.870000000000005,09:33:29,53.01,300,53.02,700,53.02,100
405,0.5700000000000001,0.28,0.29,33.96,09:33:33,53.0,500,53.02,600,53.005,200
412,0.47000000000000003,0.27,0.2,35.970000000000006,09:33:35,53.0,500,53.01,300,53.0055,1357
417,0.39,0.2,0.19,37.88000000000001,09:33:37,52.99,100,53.0,300,53.0,100
423,0.28,0.07,0.21,40.030000000000015,09:33:40,52.99,300,53.0,300,52.995,1000
440,0.45,0.25,0.2,46.19000000000002,09:33:46,52.95,1500,52.97,100,52.97,100
458,0.27,0.09,0.18,52.11000000000001,09:33:52,52.98,400,52.99,200,52.98,100
492,0.34,0.14,0.2,4.010000000000001,09:34:04,52.99,400,53.0,300,52.99,100
527,0.43,0.21,0.22,26.20999999999999,09:34:26,52.98,100,52.99,400,52.985,100
571,0.32,0.07,0.25,44.09999999999999,09:34:44,52.99,500,53.0,300,52.9943,200
617,3.8,3.55,0.25,4.83,09:35:04,52.97,400,52.99,400,52.9776,180
618,0.34,0.07,0.27,5.17,09:35:05,52.97,400,52.99,400,52.9701,175
774,2.31,2.11,0.2,5.24,09:36:05,52.97,700,52.99,1200,52.9784,200
778,0.39,0.21,0.18,7.02,09:36:07,52.98,200,52.99,400,52.9857,500
795,0.33,0.1,0.23,16.939999999999998,09:36:16,52.97,100,52.98,300,52.9768,800
842,0.52,0.21,0.31,37.10000000000001,09:36:37,52.98,100,52.99,600,52.9871,120
926,0.53,0.1,0.43,30.270000000000003,09:37:30,52.96,200,52.97,200,52.965,200
939,0.47000000000000003,0.13,0.34,36.34000000000001,09:37:36,52.96,300,52.97,200,52.9675,100
943,0.37,0.07,0.3,37.940000000000005,09:37:37,52.96,300,52.97,400,52.96,100
954,0.47,0.21,0.26,42.24999999999999,09:37:42,52.96,800,52.98,200,52.9673,100
965,0.42,0.18,0.24,46.14999999999999,09:37:46,52.97,200,52.98,200,52.975,100
1002,0.42,0.07,0.35,0.0,09:38:00,52.98,400,53.0,900,52.9841,700
1011,0.56,0.27,0.29,4.200000000000001,09:38:04,52.98,400,53.0,900,52.9859,278
1337,0.48,0.21,0.27,34.1,09:40:34,53.01,1000,53.02,200,53.015,100
1427,0.33,0.13,0.2,12.16,09:41:12,53.01,500,53.02,900,53.0107,124
1440,0.31,0.08,0.23,22.33,09:41:22,53.0,400,53.01,600,53.0001,487
1568,0.38,0.07,0.31,16.279999999999998,09:42:16,52.99,400,53.0,1100,52.9901,100
1676,0.54,0.25,0.29,6.07,09:43:06,52.96,500,52.97,700,52.9699,200
1741,0.4,0.08,0.32,36.050000000000004,09:43:36,52.99,600,53.0,400,52.998999999999995,150
1882,0.46,0.2,0.26,32.03999999999999,09:44:32,52.99,500,53.0,700,52.9965,382
2112,2.15,1.73,0.42,14.58,09:46:14,53.02,500,53.03,600,53.025,100
2209,0.53,0.27,0.26,53.91000000000003,09:46:53,53.04,500,53.05,300,53.05,100
2267,0.36,0.18,0.18,20.129999999999995,09:47:20,53.02,800,53.03,600,53.0293,2000
2295,0.44999999999999996,0.09,0.36,30.199999999999992,09:47:30,53.02,800,53.03,800,53.0244,1000
2315,0.25,0.07,0.18,38.16,09:47:38,53.02,900,53.03,800,53.0269,400
2373,0.39,0.2,0.19,0.0,09:48:00,53.04,400,53.05,500,53.045,100
2389,0.31,0.09,0.22,5.930000000000001,09:48:05,53.04,400,53.05,600,53.0446,145
2405,0.63,0.25,0.38,14.330000000000002,09:48:14,53.04,700,53.05,1200,53.0462,270
2453,0.43000000000000005,0.23,0.2,34.01,09:48:34,53.04,900,53.05,1300,53.0475,300
2464,0.47,0.22,0.25,38.12999999999999,09:48:38,53.04,900,53.05,1400,53.0468,100
2508,0.30000000000000004,0.07,0.23,53.71000000000001,09:48:53,53.04,700,53.05,1600,53.0444,150
2658,0.41000000000000003,0.15,0.26,0.0,09:50:00,53.05,600,53.06,300,53.055,100
2700,0.27,0.07,0.2,24.009999999999998,09:50:24,53.04,1500,53.05,1200,53.0473,1100
2737,0.42,0.24,0.18,38.17,09:50:38,53.04,1500,53.05,1500,53.0442,199
2959,0.41000000000000003,0.22,0.19,22.080000000000002,09:52:22,53.03,1200,53.04,500,53.0377,500
2966,0.25,0.08,0.17,24.080000000000002,09:52:24,53.03,1200,53.04,500,53.0362,100
3059,0.47,0.3,0.17,56.35,09:52:56,53.03,1300,53.04,2800,53.0354,175
3098,0.28,0.07,0.21,15.669999999999998,09:53:15,53.0,2200,53.01,1800,53.0034,175
3133,0.29000000000000004,0.09,0.2,29.60000000000001,09:53:29,53.0,2200,53.01,1900,53.00899999999999,134
3152,0.4,0.23,0.17,35.65,09:53:35,53.0,2200,53.01,1900,53.0043,500
3172,0.31,0.13,0.18,41.84999999999998,09:53:41,53.0,2200,53.01,1900,53.0054,104
3484,0.33,0.07,0.26,50.16000000000002,09:55:50,52.99,1000,53.0,2200,52.9944,200
3533,0.45,0.23,0.22,12.06,09:56:12,52.98,400,52.99,700,52.9816,200
3540,1.38,1.03,0.35,16.66,09:56:16,52.98,600,52.99,600,52.981,1000
3558,0.58,0.23,0.35,24.169999999999998,09:56:24,52.99,1200,53.0,400,52.9956,185
3634,0.4,0.21,0.19,52.23999999999998,09:56:52,52.99,1100,53.0,800,52.9977,500
3674,0.26,0.07,0.19,13.08,09:57:13,52.99,700,53.0,900,52.9954,185
3707,0.29,0.08,0.21,27.88,09:57:27,52.99,2200,53.0,1000,52.99100000000001,2000
3724,0.56,0.27,0.29,34.14,09:57:34,52.99,2200,53.0,1000,52.9933,175
3924,0.36,0.19,0.17,58.03,09:58:58,53.01,600,53.02,1500,53.0167,1000
3941,2.56,2.22,0.34,0.0,09:59:00,53.01,800,53.02,1300,53.019,200
4003,0.54,0.24,0.3,24.790000000000003,09:59:24,53.01,800,53.02,1300,53.0154,100
4028,0.4,0.23,0.17,32.60000000000001,09:59:32,53.01,800,53.02,1400,53.0157,100
4150,0.52,0.23,0.29,32.1,10:00:32,53.05,400,53.06,500,53.0554,282
4190,0.54,0.08,0.46,50.549999999999976,10:00:50,53.07,400,53.08,500,53.0775,100
4193,0.6799999999999999,0.2,0.48,52.25999999999998,10:00:52,53.07,500,53.08,500,53.075,100
4274,0.25,0.07,0.18,31.530000000000005,10:01:31,53.07,700,53.08,900,53.0799,200
4371,1.8699999999999999,1.65,0.22,7.380000000000001,10:02:07,53.07,1100,53.08,1300,53.0743,1000
4410,0.38,0.09,0.29,30.20999999999999,10:02:30,53.07,1200,53.08,1500,53.0774,100
4421,0.27,0.07,0.2,34.07,10:02:34,53.07,1200,53.08,1500,53.0744,145
4473,0.25,0.08,0.17,51.880000000000024,10:02:51,53.07,1400,53.08,2000,53.0754,175
4484,0.4,0.18,0.22,56.29000000000003,10:02:56,53.07,1300,53.08,2000,53.0792,100
4499,0.30000000000000004,0.1,0.2,1.8900000000000001,10:03:01,53.1,900,53.11,500,53.105,100
4519,0.3,0.08,0.22,9.640000000000004,10:03:09,53.1,3200,53.11,400,53.11,100
4673,0.38,0.14,0.24,11.71,10:04:11,53.1,1700,53.11,1300,53.1043,100
4691,0.26,0.07,0.19,21.74,10:04:21,53.1,1500,53.11,2000,53.1075,800
4702,0.47000000000000003,0.13,0.34,25.839999999999996,10:04:25,53.1,1700,53.11,2000,53.107,100
4707,0.39,0.11,0.28,27.98,10:04:27,53.1,1200,53.11,2100,53.1092,100
4818,0.37,0.17,0.2,13.87,10:05:13,53.1,2100,53.11,1800,53.1058,100
4988,0.27,0.07,0.2,31.93999999999999,10:06:31,53.08,500,53.09,800,53.0856,1490
5227,0.23,0.07,0.16,2.1799999999999997,10:08:02,53.07,2200,53.08,700,53.0762,100
5250,0.43000000000000005,0.23,0.2,15.98,10:08:15,53.07,2200,53.08,1400,53.0705,363
5278,0.36000000000000004,0.08,0.28,26.26,10:08:26,53.07,2200,53.08,1300,53.0758,200
5388,2.6500000000000004,2.43,0.22,12.14,10:09:12,53.08,800,53.09,800,53.089,345
5471,0.38,0.21,0.17,2.5,10:12:02,53.11,1100,53.12,1000,53.1158,1800
5477,0.24000000000000002,0.07,0.17,4.23,10:12:04,53.11,1100,53.12,1000,53.115,104
5513,0.44,0.19,0.25,16.490000000000002,10:12:16,53.11,900,53.12,900,53.1144,200
5559,1.82,1.57,0.25,2.49,10:13:02,53.11,900,53.12,1500,53.1194,100
5580,0.38,0.18,0.2,18.11,10:13:18,53.11,900,53.12,1500,53.1137,500
5614,0.26,0.07,0.19,29.900000000000002,10:13:29,53.11,1000,53.12,1500,53.111000000000004,180
5717,1.59,1.33,0.26,11.55,10:14:11,53.12,500,53.13,1000,53.1201,100
5731,0.23,0.07,0.16,21.89,10:14:21,53.13,1400,53.14,400,53.13,200
5743,0.4,0.21,0.19,25.9,10:14:25,53.15,1300,53.16,600,53.16,100
6043,0.4,0.22,0.18,24.049999999999997,10:16:24,53.21,1200,53.22,1000,53.22,100
6048,0.41000000000000003,0.22,0.19,25.9,10:16:25,53.21,800,53.22,1300,53.21,100
6062,0.28,0.09,0.19,30.01,10:16:30,53.21,400,53.22,2000,53.215,100
6082,0.43,0.24,0.19,36.160000000000004,10:16:36,53.21,500,53.22,2000,53.2154,118
6099,0.33,0.08,0.25,42.20000000000002,10:16:42,53.22,700,53.23,700,53.23,100
6122,0.63,0.24,0.39,50.14000000000002,10:16:50,53.23,900,53.24,1000,53.235,100
6150,0.39,0.14,0.25,1.9500000000000002,10:17:01,53.23,700,53.24,1200,53.2354,400
6159,2.81,2.47,0.34,11.540000000000001,10:17:11,53.25,700,53.26,700,53.25,100
6160,1.41,1.18,0.23,12.950000000000001,10:17:12,53.25,700,53.26,700,53.2534,1000
6176,0.26,0.07,0.19,22.070000000000007,10:17:22,53.25,1100,53.26,600,53.2538,182
6197,0.51,0.23,0.28,30.410000000000007,10:17:30,53.24,300,53.25,1500,53.24,100
6201,0.39,0.07,0.32,31.990000000000006,10:17:31,53.24,300,53.25,1500,53.2438,276
6207,0.33999999999999997,0.15,0.19,34.15000000000001,10:17:34,53.24,400,53.25,1500,53.245,100
6245,0.4,0.17,0.23,46.970000000000034,10:17:46,53.24,200,53.25,1500,53.2417,100
6280,0.44999999999999996,0.21,0.24,0.0,10:18:00,53.24,700,53.25,1500,53.2466,1000
6426,0.47,0.26,0.21,0.0,10:20:00,53.22,1100,53.23,600,53.2246,100
6451,1.02,0.77,0.25,15.030000000000001,10:20:15,53.23,300,53.24,2100,53.239,100
6537,0.3,0.08,0.22,0.3,10:21:00,53.22,1100,53.23,1100,53.2233,100
6573,0.47,0.1,0.37,18.409999999999993,10:21:18,53.22,900,53.23,1500,53.2254,122
6585,0.31,0.07,0.24,23.889999999999997,10:21:23,53.21,800,53.22,600,53.2153,200
6606,0.8400000000000001,0.2,0.64,36.88999999999999,10:21:36,53.2,3600,53.21,700,53.2068,272
6612,0.6000000000000001,0.27,0.33,0.0,10:22:00,53.21,800,53.22,2800,53.2195,1800
6684,0.38,0.08,0.3,43.41000000000001,10:22:43,53.23,700,53.24,1300,53.2334,300
6896,0.52,0.22,0.3,32.11,10:24:32,53.2,3400,53.21,700,53.2032,188
6900,0.49,0.18,0.31,34.059999999999995,10:24:34,53.2,3400,53.21,700,53.205,100
6965,0.91,0.27,0.64,2.21,10:25:02,53.2,1000,53.21,800,53.2039,100
7017,0.48000000000000004,0.2,0.28,34.099999999999994,10:25:34,53.2,600,53.21,1200,53.2072,800
7071,0.41000000000000003,0.2,0.21,58.02999999999995,10:25:58,53.2,300,53.21,1000,53.2069,1300
7142,0.32,0.07,0.25,15.830000000000005,10:26:15,53.21,1200,53.22,900,53.2118,400
7185,37.42,37.15,0.27,0.0,10:27:00,53.22,1300,53.23,1200,53.225,125
7199,0.24000000000000002,0.07,0.17,4.91,10:27:04,53.22,1200,53.23,1200,53.2264,125
7257,0.45999999999999996,0.24,0.22,0.0,10:28:00,53.22,1100,53.23,1600,53.2201,125
7278,0.42,0.21,0.21,9.76,10:28:09,53.22,800,53.23,1800,53.2235,500
7561,0.38,0.17,0.21,56.03000000000003,10:29:56,53.19,1100,53.2,900,53.195,100
7620,0.43,0.21,0.22,27.599999999999998,10:30:27,53.19,700,53.2,1200,53.191,500
7660,0.48,0.19,0.29,41.36,10:30:41,53.19,800,53.2,800,53.1965,100
7788,0.45,0.27,0.18,37.92000000000001,10:31:37,53.2,2000,53.21,1300,53.2092,200
7807,3.0,2.76,0.24,3.56,10:33:03,53.19,800,53.2,600,53.2093,600
7829,0.41000000000000003,0.24,0.17,10.810000000000004,10:33:10,53.19,600,53.2,900,53.199,140
7851,0.41000000000000003,0.23,0.18,18.940000000000012,10:33:18,53.19,500,53.2,1000,53.1942,600
7958,3.92,3.62,0.3,11.71,10:34:11,53.17,800,53.18,1500,53.175,100
7959,0.5900000000000001,0.26,0.33,12.3,10:34:12,53.17,700,53.18,1500,53.1735,500
8004,0.34,0.14,0.2,32.05,10:34:32,53.16,100,53.17,2700,53.1666,132
8013,0.75,0.27,0.48,36.63,10:34:36,53.16,100,53.17,2300,53.1653,150
8115,0.5900000000000001,0.19,0.4,30.050000000000004,10:35:30,53.15,300,53.16,2300,53.155,6200
8134,1.78,0.08,1.7,48.02,10:35:48,53.15,200,53.16,2100,53.153,100
8158,0.81,0.49,0.32,6.790000000000001,10:36:06,53.14,800,53.15,600,53.143,170
8177,0.8300000000000001,0.19,0.64,19.370000000000005,10:36:19,53.14,700,53.15,500,53.145,100
8183,0.5900000000000001,0.14,0.45,23.160000000000007,10:36:23,53.14,700,53.15,500,53.148999999999994,300
8224,0.5800000000000001,0.07,0.51,49.019999999999996,10:36:49,53.13,700,53.14,1200,53.1335,200
8236,0.6,0.17,0.43,1.7600000000000002,10:37:01,53.12,300,53.13,3000,53.125,100
8273,0.44,0.12,0.32,27.30000000000001,10:37:27,53.1,1200,53.11,1100,53.1001,122
8283,0.59,0.08,0.51,33.500000000000014,10:37:33,53.1,1300,53.11,1100,53.1066,450
8446,0.95,0.22,0.73,16.4,10:39:16,53.11,600,53.12,1600,53.1156,150
8475,0.6499999999999999,0.07,0.58,36.43,10:39:36,53.1,1800,53.11,700,53.1054,255
8500,0.8,0.17,0.63,16.539999999999996,10:40:16,53.13,900,53.14,1700,53.1344,154
8511,0.7999999999999999,0.08,0.72,26.349999999999998,10:40:26,53.13,1000,53.14,1700,53.1368,150
8513,0.61,0.21,0.4,27.74,10:40:27,53.13,1100,53.14,1600,53.1399,200
8517,0.76,0.21,0.55,30.32,10:40:30,53.13,1100,53.14,1700,53.1352,200
8535,0.6000000000000001,0.07,0.53,41.88000000000002,10:40:41,53.13,1100,53.14,1700,53.1362,200
8614,0.5700000000000001,0.07,0.5,27.95,10:41:27,53.12,400,53.13,900,53.1293,100
8746,0.75,0.07,0.68,56.22000000000001,10:42:56,53.13,400,53.14,1400,53.1361,150
8786,0.79,0.28,0.51,19.03,10:43:19,53.14,700,53.15,800,53.1485,100
8866,0.76,0.07,0.69,24.2,10:44:24,53.13,800,53.14,900,53.1331,200
8871,0.5900000000000001,0.13,0.46,27.590000000000003,10:44:27,53.13,800,53.14,900,53.137,800
8905,0.63,0.27,0.36,47.590000000000025,10:44:47,53.12,500,53.13,600,53.126999999999995,150
8987,0.79,0.41,0.38,43.599999999999994,10:45:43,53.16,500,53.17,500,53.1693,100
8999,0.58,0.15,0.43,51.37,10:45:51,53.16,500,53.17,800,53.1646,100
9015,0.44,0.12,0.32,0.0,10:46:00,53.16,400,53.17,800,53.1634,400
9026,0.5800000000000001,0.12,0.46,6.170000000000001,10:46:06,53.16,500,53.17,500,53.1642,100
9030,0.63,0.21,0.42,12.190000000000001,10:46:12,53.16,500,53.17,800,53.167,100
9129,0.43000000000000005,0.1,0.33,18.849999999999998,10:47:18,53.13,100,53.14,1300,53.1367,200
9203,4.82,4.37,0.45,0.0,10:48:00,53.14,600,53.15,400,53.1455,950
9335,0.7699999999999999,0.08,0.69,36.420000000000016,10:49:36,53.14,500,53.15,800,53.1401,500
9413,0.5900000000000001,0.07,0.52,31.530000000000015,10:50:31,53.11,1000,53.12,1000,53.1153,200
9555,0.76,0.12,0.64,8.610000000000001,10:52:08,53.09,600,53.1,1000,53.0954,150
9602,0.64,0.19,0.45,41.05000000000001,10:52:41,53.09,900,53.1,1200,53.0967,100
9635,0.62,0.2,0.42,7.829999999999999,10:53:07,53.15,500,53.16,200,53.1599,100
9645,2.21,1.62,0.59,19.429999999999996,10:53:19,53.15,500,53.16,600,53.157,100
9732,0.5700000000000001,0.12,0.45,8.17,10:54:08,53.15,100,53.16,700,53.1499,149
9766,0.46,0.07,0.39,6.6899999999999995,10:56:06,53.12,600,53.13,500,53.1267,800
9799,0.6100000000000001,0.07,0.54,28.860000000000007,10:56:28,53.12,500,53.13,800,53.1253,100
9872,0.6,0.23,0.37,0.0,10:57:00,53.12,400,53.13,900,53.1258,500
9990,0.6,0.22,0.38,58.23000000000001,10:58:58,53.15,800,53.16,700,53.1592,300
10068,0.61,0.19,0.42,48.18000000000002,10:59:48,53.16,500,53.17,600,53.163000000000004,557
10106,0.58,0.15,0.43,21.809999999999995,11:00:21,53.17,1100,53.18,3200,53.1754,100
10185,4.38,3.9,0.48,16.56,11:01:16,53.17,1100,53.18,1300,53.1756,200
10238,0.62,0.27,0.35,49.61,11:01:49,53.17,1200,53.18,1300,53.178999999999995,2000
10257,0.76,0.07,0.69,0.76,11:04:00,53.24,1000,53.25,2600,53.2475,200
10259,1.23,0.7,0.53,2.78,11:04:02,53.26,800,53.27,300,53.27,100
10264,0.6000000000000001,0.14,0.46,6.33,11:04:06,53.27,600,53.28,1100,53.2799,100
10270,0.63,0.17,0.46,10.15,11:04:10,53.27,1200,53.28,400,53.28,100
10276,0.62,0.08,0.54,14.14,11:04:14,53.27,600,53.28,800,53.275,100
10303,0.65,0.21,0.44,32.54,11:04:32,53.26,400,53.27,1400,53.2656,200
10309,0.76,0.08,0.68,36.290000000000006,11:04:36,53.26,800,53.27,1400,53.265,400
10323,0.6200000000000001,0.07,0.55,0.0,11:05:00,53.26,1100,53.27,400,53.2646,100
10326,0.81,0.26,0.55,2.17,11:05:02,53.26,1100,53.27,1000,53.2689,700
10332,0.6200000000000001,0.28,0.34,6.59,11:05:06,53.26,1100,53.27,1100,53.2654,184
10337,2.2199999999999998,1.43,0.79,11.779999999999998,11:05:11,53.25,900,53.26,400,53.26,100
10340,1.56,0.89,0.67,15.149999999999999,11:05:15,53.25,800,53.26,300,53.2526,1000
10342,0.5800000000000001,0.07,0.51,16.36,11:05:16,53.25,700,53.26,500,53.255,600
10344,3.99,3.43,0.56,20.950000000000003,11:05:20,53.25,600,53.26,400,53.2554,100
10481,0.43,0.07,0.36,45.79999999999999,11:06:45,53.24,700,53.25,1300,53.2446,141
10564,0.62,0.17,0.45,40.220000000000006,11:07:40,53.25,1200,53.26,500,53.253,1000
10572,0.6,0.21,0.39,44.400000000000006,11:07:44,53.25,1100,53.26,500,53.2555,135
10635,0.79,0.07,0.72,14.39,11:08:14,53.26,500,53.27,800,53.2699,364
10666,0.59,0.21,0.38,36.24000000000001,11:08:36,53.26,600,53.27,1200,53.2658,200
10852,0.75,0.09,0.66,45.97000000000002,11:10:45,53.23,1200,53.24,500,53.2366,200
10908,0.45,0.13,0.32,25.630000000000003,11:11:25,53.23,900,53.24,1400,53.2307,100
10916,0.61,0.18,0.43,30.03,11:11:30,53.23,900,53.24,1400,53.2349,360
10950,0.59,0.09,0.5,50.230000000000025,11:11:50,53.21,2200,53.22,100,53.2166,250
11060,2.4000000000000004,1.61,0.79,13.15,11:13:13,53.22,400,53.23,800,53.2274,100
11122,0.61,0.2,0.41,55.56000000000002,11:13:55,53.22,600,53.23,800,53.229,100
11158,0.44,0.08,0.36,23.789999999999996,11:14:23,53.22,600,53.23,900,53.2268,100
11265,0.43000000000000005,0.09,0.34,12.639999999999999,11:17:12,53.18,600,53.19,700,53.1834,175
11268,0.63,0.17,0.46,14.44,11:17:14,53.18,600,53.19,1200,53.188,314
11349,4.0,3.22,0.78,17.19,11:18:17,53.17,800,53.18,1200,53.173,200
11391,0.62,0.08,0.54,45.34000000000001,11:18:45,53.17,500,53.18,800,53.1766,100
11484,0.6,0.18,0.42,47.410000000000004,11:19:47,53.16,300,53.17,1200,53.1665,300
11574,0.79,0.18,0.61,1.6,11:21:01,53.17,1400,53.18,500,53.1797,300
11591,0.5900000000000001,0.25,0.34,19.8,11:21:19,53.17,400,53.18,800,53.1769,140
11603,0.6100000000000001,0.07,0.54,27.60000000000001,11:21:27,53.17,500,53.18,800,53.1799,100
11669,0.64,0.25,0.39,10.05,11:22:10,53.17,800,53.18,900,53.17100000000001,241
11736,0.6100000000000001,0.07,0.54,0.0,11:23:00,53.17,800,53.18,1200,53.1743,158
11810,0.45,0.13,0.32,54.210000000000015,11:23:54,53.14,1100,53.15,1000,53.1454,186
11862,0.6,0.18,0.42,35.820000000000014,11:24:35,53.13,800,53.14,800,53.1369,100
11875,0.58,0.16,0.42,43.810000000000024,11:24:43,53.13,500,53.14,800,53.1354,166
11898,0.6399999999999999,0.07,0.57,57.630000000000024,11:24:57,53.13,600,53.14,800,53.1372,500
11958,0.61,0.12,0.49,21.850000000000005,11:25:21,53.13,900,53.14,1300,53.1356,316
12032,0.59,0.24,0.35,39.82000000000001,11:26:39,53.13,800,53.14,1500,53.1366,150
12036,0.5599999999999999,0.21,0.35,0.5599999999999999,11:27:00,53.11,800,53.12,1000,53.1169,347
12059,0.73,0.08,0.65,1.34,11:28:01,53.12,700,53.13,1100,53.1254,100
12099,0.63,0.08,0.55,19.97,11:29:19,53.12,1000,53.13,800,53.1255,333
12158,0.62,0.15,0.47,7.76,11:30:07,53.12,700,53.13,1300,53.1265,490
12185,0.61,0.22,0.39,25.980000000000004,11:30:25,53.12,600,53.13,2100,53.1256,900
12194,0.59,0.1,0.49,0.0,11:31:00,53.12,600,53.13,2000,53.1234,265
12250,0.6000000000000001,0.07,0.53,46.21,11:31:46,53.09,600,53.1,1700,53.0916,106
12288,3.4000000000000004,2.87,0.53,10.39,11:32:10,53.08,1000,53.09,700,53.0846,100
12298,2.3899999999999997,1.91,0.48,18.81,11:32:18,53.08,600,53.09,1500,53.0866,100
12337,0.61,0.22,0.39,41.839999999999996,11:32:41,53.08,1200,53.09,1600,53.0839,200
12408,0.61,0.08,0.53,10.219999999999999,11:33:10,53.08,1300,53.09,1400,53.086999999999996,1000
12433,0.5599999999999999,0.08,0.48,24.349999999999998,11:33:24,53.08,1700,53.09,1600,53.0801,236
12529,0.5900000000000001,0.07,0.52,47.750000000000014,11:34:47,53.06,800,53.07,1400,53.065,100
12607,0.44,0.07,0.37,23.000000000000004,11:36:23,53.06,500,53.07,1100,53.0641,500
12625,0.98,0.41,0.57,0.0,11:37:00,53.06,1500,53.07,1300,53.0675,100
12719,1.99,1.45,0.54,9.65,11:38:09,53.08,1000,53.09,1100,53.0857,100
12811,0.6,0.08,0.52,8.989999999999998,11:41:08,53.09,800,53.1,1500,53.0939,125
12837,0.6100000000000001,0.07,0.54,27.39,11:41:27,53.09,900,53.1,1500,53.0934,500
12849,0.61,0.18,0.43,35.010000000000005,11:41:35,53.08,900,53.09,2100,53.0908,100
12890,2.3,2.0,0.3,7.76,11:42:07,53.08,900,53.09,1500,53.0876,100
12909,3.11,2.79,0.32,18.75,11:42:18,53.08,900,53.09,1500,53.0867,500
12975,0.33999999999999997,0.15,0.19,41.78999999999999,11:42:41,53.09,1000,53.1,1800,53.0925,600
13040,0.25,0.08,0.17,4.4399999999999995,11:43:04,53.09,1200,53.1,1900,53.099,600
13057,0.44999999999999996,0.21,0.24,15.779999999999998,11:43:15,53.09,1100,53.1,1900,53.0992,2000
13080,0.28,0.07,0.21,26.780000000000005,11:43:26,53.09,1100,53.1,1900,53.0935,100
13123,0.33,0.13,0.2,43.730000000000025,11:43:43,53.09,1900,53.1,2000,53.0956,100
13128,0.28,0.07,0.21,45.580000000000034,11:43:45,53.09,1900,53.1,2000,53.092,188
13196,0.23,0.07,0.16,16.71,11:45:16,53.09,1800,53.1,2400,53.0999,100
13278,0.24000000000000002,0.07,0.17,0.0,11:46:00,53.07,1100,53.08,2000,53.07899999999999,225
13353,0.33999999999999997,0.15,0.19,36.15000000000001,11:46:36,53.07,900,53.08,2400,53.0746,310
13387,0.26,0.07,0.19,48.26000000000001,11:46:48,53.07,900,53.08,2700,53.0701,200
13500,0.31,0.09,0.22,26.150000000000002,11:47:26,53.07,900,53.08,2500,53.0747,100
13616,0.23,0.07,0.16,17.63,11:48:17,53.06,600,53.07,2600,53.068999999999996,300
13751,0.25,0.08,0.17,0.0,11:49:00,53.07,400,53.08,1800,53.078,500
13795,0.4,0.22,0.18,22.119999999999994,11:49:22,53.07,900,53.08,2000,53.0771,140
13995,0.38,0.22,0.16,11.870000000000005,11:50:11,53.07,1100,53.08,1900,53.0725,310
14071,3.9400000000000004,3.66,0.28,21.26,11:51:21,53.07,500,53.08,1800,53.071000000000005,200
14151,0.38,0.2,0.18,47.62000000000001,11:51:47,53.07,500,53.08,1800,53.0757,200
14344,0.28,0.07,0.21,37.33,11:52:37,53.08,500,53.09,1100,53.0844,150
14364,0.29000000000000004,0.07,0.22,0.0,11:53:00,53.08,400,53.09,1100,53.0851,100
14369,1.55,1.35,0.2,3.1,11:53:03,53.08,400,53.09,1100,53.0841,500
14517,1.98,1.65,0.33,10.6,11:54:10,53.08,700,53.09,1200,53.0831,145
14551,0.24000000000000002,0.07,0.17,22.490000000000002,11:54:22,53.08,700,53.09,1200,53.0854,100
14612,0.24000000000000002,0.07,0.17,42.440000000000026,11:54:42,53.08,800,53.09,1000,53.0828,1539
15727,3.92,3.68,0.24,0.0,12:02:00,53.1,600,53.11,1500,53.1046,100
15829,0.37,0.2,0.17,42.37999999999998,12:02:42,53.11,500,53.12,600,53.1132,114
16092,0.3,0.08,0.22,26.97000000000001,12:04:26,53.11,500,53.12,900,53.1167,190
16108,0.27,0.1,0.17,32.76000000000001,12:04:32,53.11,600,53.12,1200,53.1136,1200
16152,0.25,0.07,0.18,46.74000000000001,12:04:46,53.11,500,53.12,800,53.1101,500
16363,0.38,0.21,0.17,0.0,12:06:00,53.11,700,53.12,1000,53.1149,185
16526,0.23,0.07,0.16,0.0,12:07:00,53.09,900,53.1,1500,53.0931,200
16541,0.29000000000000004,0.07,0.22,4.88,12:07:04,53.09,900,53.1,1500,53.0946,114
17408,0.27,0.07,0.2,47.769999999999996,12:12:47,53.05,1100,53.06,600,53.0599,375
17451,0.38,0.18,0.2,0.0,12:13:00,53.05,900,53.06,1200,53.0562,308
17458,3.11,2.8,0.31,5.24,12:13:05,53.05,900,53.06,1200,53.0563,300
17464,2.9699999999999998,2.69,0.28,12.030000000000001,12:13:12,53.05,900,53.06,1300,53.0543,128
17546,0.29000000000000004,0.13,0.16,41.97,12:13:41,53.05,600,53.06,1700,53.0549,100
17573,0.39,0.23,0.16,50.23,12:13:50,53.05,700,53.06,1900,53.0534,300
17640,0.54,0.29,0.25,19.91,12:14:19,53.03,700,53.04,1300,53.0335,240
17670,0.27,0.08,0.19,29.730000000000004,12:14:29,53.03,700,53.04,1300,53.0346,102
17763,1.74,1.51,0.23,11.41,12:15:11,53.04,900,53.05,900,53.0435,108
17940,0.31,0.07,0.24,15.800000000000004,12:16:15,53.04,1000,53.05,600,53.0489,100
17972,0.27,0.07,0.2,27.770000000000017,12:16:27,53.05,800,53.06,1000,53.0501,150
18051,0.25,0.08,0.17,0.0,12:17:00,53.05,900,53.06,600,53.0546,100
18075,0.30000000000000004,0.14,0.16,10.14,12:17:10,53.05,1300,53.06,300,53.0567,200
18085,4.83,4.57,0.26,18.43,12:17:18,53.05,1900,53.06,200,53.0596,100
18144,0.24000000000000002,0.07,0.17,38.239999999999995,12:17:38,53.06,1100,53.07,1000,53.0631,111
18183,0.33999999999999997,0.18,0.16,49.899999999999984,12:17:49,53.06,1200,53.07,600,53.0669,200
18197,0.25,0.07,0.18,54.079999999999984,12:17:54,53.06,1500,53.07,600,53.0699,185
18404,2.11,1.94,0.17,0.0,12:19:00,53.05,1200,53.06,800,53.0531,300
18412,0.33,0.17,0.16,7.119999999999999,12:19:07,53.05,1200,53.06,1400,53.053000000000004,308
18507,0.30000000000000004,0.07,0.23,36.639999999999986,12:19:36,53.05,1200,53.06,900,53.059,150
18707,0.24,0.08,0.16,0.0,12:21:00,53.05,1000,53.06,2100,53.0529,100
18882,0.28,0.09,0.19,11.94,12:22:11,53.05,1400,53.06,1800,53.0544,235
19117,0.48,0.27,0.21,39.03,12:23:39,53.05,800,53.06,1800,53.0558,100
19871,0.31,0.12,0.19,52.13999999999999,12:28:52,53.05,400,53.06,1600,53.0565,200
20011,0.27,0.07,0.2,47.76,12:29:47,53.04,800,53.05,600,53.0466,100
20108,0.45999999999999996,0.24,0.22,14.98,12:30:14,53.04,800,53.05,1500,53.0465,200
20153,0.47000000000000003,0.27,0.2,30.01000000000001,12:30:30,53.04,800,53.05,1200,53.0454,481
20304,0.37,0.2,0.17,40.49999999999999,12:31:40,53.04,700,53.05,600,53.0438,350
20472,0.43000000000000005,0.26,0.17,44.000000000000014,12:32:44,53.03,2100,53.04,700,53.0367,200
20973,0.25,0.08,0.17,2.0,12:36:02,53.03,700,53.04,600,53.031000000000006,100
21133,0.28,0.08,0.2,3.710000000000001,12:37:03,52.99,600,53.0,600,52.9946,100
21214,0.35,0.13,0.22,35.970000000000006,12:37:35,52.97,1300,52.98,300,52.9755,100
21290,0.30000000000000004,0.07,0.23,3.7800000000000002,12:38:03,52.97,1200,52.98,800,52.973,1000
21312,0.41000000000000003,0.2,0.21,17.22,12:38:17,52.97,1300,52.98,1200,52.9728,599
21331,0.27,0.08,0.19,23.809999999999995,12:38:23,52.97,1300,52.98,1100,52.9734,200
21344,0.34,0.14,0.2,28.06,12:38:28,52.97,1300,52.98,700,52.9766,205
21366,0.46,0.27,0.19,37.839999999999996,12:38:37,52.97,800,52.98,700,52.9782,3810
21396,0.24,0.08,0.16,47.85,12:38:47,52.95,26000,52.96,1100,52.95,100
21406,44.300000000000004,43.96,0.34,0.0,12:39:00,52.94,200,52.95,700,52.94,200
21429,0.23,0.07,0.16,6.9300000000000015,12:39:06,52.94,700,52.95,500,52.943000000000005,205
21463,0.24000000000000002,0.07,0.17,16.89,12:39:16,52.96,500,52.97,800,52.9662,200
21515,0.25,0.08,0.17,20.460000000000004,12:40:20,52.95,600,52.96,300,52.9554,213
21528,0.5700000000000001,0.27,0.3,24.580000000000002,12:40:24,52.95,600,52.97,800,52.9582,110
21555,0.27,0.1,0.17,32.33,12:40:32,52.96,200,52.97,800,52.9601,300
21713,0.43,0.25,0.18,36.15000000000001,12:41:36,53.01,400,53.02,700,53.0169,200
21754,0.36,0.17,0.19,49.88000000000002,12:41:49,53.01,800,53.02,1000,53.0129,100
21880,0.29000000000000004,0.07,0.22,30.53000000000002,12:44:30,53.01,600,53.02,800,53.0175,200
22037,0.28,0.08,0.2,0.0,12:46:00,53.01,1000,53.02,1100,53.0146,182
22147,0.4,0.2,0.2,42.03000000000003,12:46:42,52.99,700,53.0,1600,52.9942,124
22297,0.31000000000000005,0.14,0.17,45.88,12:47:45,52.98,1400,52.99,900,52.9854,191
22402,0.23,0.07,0.16,36.05000000000002,12:48:36,52.97,2200,52.98,2900,52.9744,100
22500,1.56,1.31,0.25,6.760000000000002,12:49:06,52.97,800,52.98,2300,52.9754,185
22565,0.33,0.14,0.19,37.97000000000002,12:49:37,52.96,1800,52.97,1200,52.9666,500
22611,0.4,0.19,0.21,54.800000000000004,12:49:54,52.96,2700,52.97,1700,52.9631,112
22637,3.49,3.21,0.28,0.0,12:50:00,52.96,2700,52.97,2500,52.9668,100
22730,0.44,0.24,0.2,34.11,12:50:34,52.94,2700,52.95,1200,52.945,100
22780,0.38,0.2,0.18,0.0,12:51:00,52.95,200,52.96,2000,52.9562,300
22794,1.99,1.66,0.33,7.95,12:51:07,52.94,1400,52.95,2800,52.9436,600
22806,0.25,0.07,0.18,11.79,12:51:11,52.93,800,52.94,800,52.9393,900
22825,0.23,0.07,0.16,17.809999999999995,12:51:17,52.93,1100,52.94,800,52.9307,1000
22865,0.36,0.2,0.16,29.85999999999999,12:51:29,52.93,1000,52.94,1400,52.937,233
22871,0.35,0.18,0.17,31.62999999999999,12:51:31,52.93,1000,52.94,1400,52.9367,100
22878,0.34,0.17,0.17,33.77999999999999,12:51:33,52.93,1000,52.94,1400,52.9354,185
22908,0.41000000000000003,0.23,0.18,43.879999999999995,12:51:43,52.94,800,52.95,800,52.9431,200
22980,0.25,0.08,0.17,0.0,12:52:00,52.94,1100,52.95,800,52.9454,300
23011,0.38,0.19,0.19,11.950000000000001,12:52:11,52.95,500,52.96,1700,52.9501,200
23025,0.41000000000000003,0.23,0.18,16.270000000000003,12:52:16,52.96,2100,52.97,600,52.955,100
23089,0.45,0.27,0.18,38.18000000000002,12:52:38,52.97,600,52.98,800,52.9742,1000
23108,0.31000000000000005,0.14,0.17,0.31000000000000005,12:53:00,52.97,700,52.98,400,52.9792,100
23126,0.36,0.2,0.16,11.040000000000001,12:53:11,52.97,1400,52.98,400,52.9767,100
23387,0.32,0.07,0.25,51.990000000000045,12:54:51,52.97,1800,52.98,600,52.9731,100
23419,0.41000000000000003,0.24,0.17,22.119999999999997,12:55:22,52.96,1600,52.97,600,52.9632,200
23515,0.44000000000000006,0.27,0.17,51.95000000000004,12:55:51,52.96,2000,52.97,600,52.9656,200
23778,0.37,0.21,0.16,26.45000000000001,12:57:26,52.96,2500,52.97,600,52.9653,100
24114,0.27,0.08,0.19,31.450000000000003,13:00:31,52.96,3300,52.97,900,52.963,1400
24380,0.37,0.19,0.18,41.74999999999998,13:02:41,52.96,2900,52.97,1000,52.9644,400
24446,2.6100000000000003,2.37,0.24,7.829999999999999,13:03:07,52.96,2900,52.97,900,52.9637,100
24450,2.21,2.02,0.19,11.649999999999999,13:03:11,52.96,2900,52.97,900,52.9618,193
24473,0.23,0.07,0.16,23.109999999999996,13:03:23,52.96,3000,52.97,500,52.9665,100
24607,1.03,0.76,0.27,8.22,13:04:08,52.96,3000,52.97,1100,52.9634,100
24784,0.37,0.2,0.17,23.92,13:05:23,52.96,3000,52.97,1000,52.9615,600
24956,0.27,0.07,0.2,20.12,13:09:20,52.96,1600,52.97,600,52.9685,123
25109,0.28,0.07,0.21,24.16,13:10:24,52.96,1000,52.97,1300,52.968999999999994,154
25115,0.29,0.08,0.21,25.910000000000004,13:10:25,52.96,1000,52.97,1800,52.9646,263
25171,0.28,0.08,0.2,44.169999999999995,13:10:44,52.96,1000,52.97,1900,52.9667,100
25183,0.29000000000000004,0.07,0.22,47.949999999999996,13:10:47,52.96,1000,52.97,1900,52.9636,300
25202,0.36,0.17,0.19,54.910000000000004,13:10:54,52.96,1000,52.97,1400,52.9654,400
25413,0.33,0.07,0.26,39.25,13:12:39,52.97,1600,52.98,400,52.9738,466
25604,0.43999999999999995,0.09,0.35,37.98,13:14:37,52.96,2000,52.97,600,52.9672,124
25651,3.1500000000000004,2.64,0.51,5.94,13:15:05,52.96,2200,52.97,800,52.9626,206
25659,0.78,0.18,0.6,12.14,13:15:12,52.96,2300,52.97,900,52.9628,700
25695,0.43,0.08,0.35,34.2,13:15:34,52.96,2400,52.97,1100,52.9607,300
25794,0.57,0.08,0.49,51.53000000000002,13:16:51,52.96,3000,52.97,1600,52.9655,530
25817,2.8299999999999996,2.26,0.57,3.4099999999999997,13:17:03,52.96,2900,52.97,600,52.966,600
25860,0.6000000000000001,0.07,0.53,27.61000000000001,13:17:27,52.96,2800,52.97,2000,52.968,2000
25885,0.59,0.08,0.51,41.74000000000002,13:17:41,52.96,2700,52.97,2200,52.9633,100
26205,0.45,0.07,0.38,31.66,13:21:31,52.93,1100,52.94,1700,52.9366,300
26209,0.58,0.21,0.37,34.03,13:21:34,52.93,1200,52.94,1700,52.93,200
26244,0.5800000000000001,0.07,0.51,54.02,13:21:54,52.93,1400,52.94,1200,52.9343,154
26254,0.57,0.08,0.49,0.0,13:22:00,52.93,1400,52.94,1200,52.9305,526
26264,3.04,2.57,0.47,8.059999999999999,13:22:08,52.93,1400,52.94,1900,52.9348,100
26268,0.42,0.07,0.35,10.03,13:22:10,52.93,1400,52.94,1500,52.935,200
26298,0.43999999999999995,0.09,0.35,27.86000000000001,13:22:27,52.93,1500,52.94,2200,52.9346,220
26346,0.43999999999999995,0.09,0.35,54.110000000000014,13:22:54,52.93,1500,52.94,2600,52.9342,200
26395,0.6,0.08,0.52,34.42000000000001,13:23:34,52.93,1500,52.94,2500,52.9329,200
26400,0.64,0.08,0.56,38.06000000000002,13:23:38,52.93,1600,52.94,2500,52.9356,200
26438,0.5599999999999999,0.08,0.48,0.0,13:24:00,52.93,1200,52.94,2300,52.9375,100
26468,0.5800000000000001,0.07,0.51,28.020000000000003,13:24:28,52.93,1900,52.94,2000,52.9359,100
26516,1.2200000000000002,0.12,1.1,21.819999999999997,13:25:21,52.93,2700,52.94,2800,52.9399,475
26538,1.17,0.22,0.95,47.2,13:25:47,52.93,1700,52.94,4000,52.9355,268
26543,1.21,0.14,1.07,52.82000000000001,13:25:52,52.92,1500,52.93,2600,52.92,100
26548,1.0,0.07,0.93,1.0,13:26:01,52.92,2000,52.93,1800,52.925,100
26619,1.2,0.15,1.05,7.62,13:27:07,52.93,800,52.94,1300,52.9334,200
26705,1.4100000000000001,0.12,1.29,22.209999999999997,13:29:22,52.93,1100,52.94,1500,52.9369,150
26725,1.1800000000000002,0.08,1.1,47.370000000000005,13:29:47,52.93,1200,52.94,2000,52.9338,200
26727,1.21,0.07,1.14,49.980000000000004,13:29:49,52.93,1200,52.94,2000,52.931000000000004,400
26806,1.1900000000000002,0.08,1.11,30.39,13:31:30,52.93,1700,52.94,2900,52.933,110
26863,1.7,0.17,1.53,49.370000000000005,13:32:49,52.93,1900,52.94,3000,52.9384,166
26946,1.1800000000000002,0.25,0.93,42.99,13:34:42,52.92,1200,52.93,3300,52.9291,100
26968,1.3699999999999999,0.17,1.2,8.959999999999999,13:35:08,52.91,1600,52.92,3100,52.91,100
26982,1.57,0.24,1.33,28.979999999999997,13:35:28,52.91,600,52.92,3000,52.9158,200
26999,1.21,0.08,1.13,49.99000000000001,13:35:49,52.91,600,52.92,2800,52.915,100
27008,1.57,0.23,1.34,0.0,13:36:00,52.91,600,52.92,2800,52.9131,100
27021,1.3800000000000001,0.08,1.3,17.589999999999996,13:36:17,52.91,700,52.92,2800,52.9165,190
27056,0.81,0.07,0.74,0.0,13:37:00,52.91,600,52.92,2900,52.9171,110
27063,0.98,0.08,0.9,8.4,13:37:08,52.9,3700,52.91,1000,52.9,140
27065,0.82,0.13,0.69,10.23,13:37:10,52.9,3600,52.91,1500,52.905,100
27073,0.99,0.18,0.81,22.830000000000002,13:37:22,52.9,3600,52.91,2700,52.9047,100
27079,1.02,0.07,0.95,29.220000000000002,13:37:29,52.9,3600,52.91,3200,52.9044,100
27106,1.19,0.17,1.02,0.0,13:38:00,52.9,3600,52.91,3500,52.9099,3000
27113,1.21,0.18,1.03,11.030000000000001,13:38:11,52.9,3600,52.91,3900,52.9066,300
27135,1.1900000000000002,0.07,1.12,40.38999999999999,13:38:40,52.91,700,52.92,1600,52.9135,174
27151,1.2,0.07,1.13,0.0,13:39:00,52.91,600,52.92,1900,52.913000000000004,450
27168,1.1900000000000002,0.08,1.11,25.619999999999997,13:39:25,52.91,800,52.92,1600,52.9164,134
27170,1.01,0.19,0.82,27.83,13:39:27,52.91,900,52.92,1600,52.9127,127
27229,0.99,0.22,0.77,20.19,13:41:20,52.9,3000,52.91,2200,52.9037,1000
27262,3.59,2.35,1.24,11.609999999999998,13:42:11,52.9,3000,52.91,2200,52.9072,500
27287,1.4,0.19,1.21,44.18,13:42:44,52.9,1000,52.91,2300,52.9033,165
27293,1.5899999999999999,0.18,1.41,52.58999999999999,13:42:52,52.9,1100,52.91,2500,52.9054,255
27315,1.22,0.08,1.14,22.21,13:43:22,52.9,1200,52.91,2500,52.9067,523
27335,1.0,0.18,0.82,42.21,13:43:42,52.9,1400,52.91,2600,52.9001,200
27429,1.01,0.21,0.8,29.82,13:45:29,52.9,1900,52.91,4500,52.909,500
27476,1.4,0.17,1.23,30.200000000000003,13:46:30,52.89,3000,52.9,1500,52.895,100
27485,1.4000000000000001,0.07,1.33,42.410000000000004,13:46:42,52.89,2400,52.9,2400,52.89,100
27583,0.98,0.07,0.91,42.57,13:48:42,52.89,2400,52.9,2700,52.8962,125
27611,0.99,0.09,0.9,11.180000000000001,13:49:11,52.89,2300,52.9,3100,52.8901,700
27613,1.2,0.46,0.74,13.200000000000001,13:49:13,52.89,2300,52.9,3100,52.894,400
27666,1.02,0.18,0.84,0.0,13:50:00,52.89,2300,52.9,4100,52.8969,237
27671,2.18,1.09,1.09,8.200000000000001,13:50:08,52.89,2300,52.9,4100,52.8959,377
27700,1.01,0.14,0.87,39.21999999999999,13:50:39,52.89,2200,52.9,4400,52.8956,100
27716,1.23,0.29,0.94,0.0,13:51:00,52.88,1700,52.89,2700,52.88,377
27721,1.2000000000000002,0.27,0.93,5.970000000000001,13:51:05,52.88,1500,52.89,2700,52.8831,179
27728,1.21,0.07,1.14,17.96,13:51:17,52.88,1500,52.89,2700,52.885,100
27733,1.2000000000000002,0.09,1.11,23.98,13:51:23,52.88,1600,52.89,3000,52.8868,105
27741,1.18,0.23,0.95,33.38,13:51:33,52.88,1600,52.89,3000,52.888999999999996,130
27745,1.04,0.14,0.9,38.400000000000006,13:51:38,52.88,1700,52.89,3000,52.8884,106
27823,0.97,0.18,0.79,6.39,13:53:06,52.88,2400,52.89,3400,52.8858,300
27862,0.97,0.23,0.74,47.79000000000001,13:53:47,52.88,2300,52.89,2300,52.8869,354
27868,1.16,0.18,0.98,0.0,13:54:00,52.88,2300,52.89,2800,52.8866,130
27879,0.99,0.25,0.74,14.6,13:54:14,52.88,2500,52.89,2700,52.8857,150
27883,3.41,2.69,0.72,20.63,13:54:20,52.88,2700,52.89,2700,52.8846,304
27896,1.2,0.17,1.03,34.01,13:54:34,52.88,2100,52.89,2700,52.8833,100
27909,0.81,0.07,0.74,47.63,13:54:47,52.88,2200,52.89,2700,52.8854,128
27926,1.1900000000000002,0.07,1.12,0.0,13:55:00,52.87,800,52.88,3000,52.87,100
27933,1.4,0.15,1.25,10.200000000000001,13:55:10,52.86,1700,52.87,1500,52.8646,140
27934,1.5899999999999999,0.21,1.38,11.790000000000001,13:55:11,52.86,1700,52.87,1500,52.865,100
27944,1.2000000000000002,0.1,1.1,25.199999999999996,13:55:25,52.86,2700,52.87,1500,52.86,100
28008,0.98,0.3,0.68,43.160000000000004,13:56:43,52.86,2300,52.87,2100,52.8673,1444
28021,0.98,0.07,0.91,54.96,13:56:54,52.86,2300,52.87,2200,52.8654,200
28077,0.98,0.24,0.74,53.76,13:57:53,52.86,2100,52.87,2400,52.8667,100
28154,1.3699999999999999,0.17,1.2,21.770000000000003,13:59:21,52.85,2300,52.86,1500,52.85,100
28177,1.38,0.19,1.19,0.0,14:00:00,52.86,500,52.87,500,52.869,100
28186,0.98,0.14,0.84,15.590000000000002,14:00:15,52.87,300,52.88,1300,52.873000000000005,500
28195,1.4000000000000001,0.28,1.12,24.389999999999997,14:00:24,52.87,300,52.88,1300,52.875,200
28213,0.8200000000000001,0.17,0.65,43.41,14:00:43,52.87,1700,52.88,1400,52.8751,100
28221,1.24,0.23,1.01,51.63,14:00:51,52.87,1700,52.88,1300,52.8733,271
28230,1.19,0.21,0.98,5.619999999999999,14:01:05,52.87,1900,52.88,700,52.8768,300
28232,0.98,0.07,0.91,9.62,14:01:09,52.87,500,52.88,1200,52.879,700
28243,0.98,0.27,0.71,21.6,14:01:21,52.87,600,52.88,700,52.8754,200
28247,1.0,0.07,0.93,25.39,14:01:25,52.87,500,52.88,700,52.8707,600
28268,1.2,0.23,0.97,49.79000000000001,14:01:49,52.86,900,52.87,1900,52.8614,300
28295,0.98,0.08,0.9,28.759999999999998,14:02:28,52.87,1000,52.88,600,52.8726,500
28337,1.18,0.21,0.97,15.769999999999998,14:03:15,52.88,700,52.89,1300,52.8889,100
28369,1.2,0.17,1.03,54.01,14:03:54,52.89,800,52.9,2500,52.8917,139
28386,1.3599999999999999,0.19,1.17,5.0,14:04:05,52.89,1500,52.9,2000,52.8943,165
28419,1.0,0.19,0.81,36.41999999999999,14:04:36,52.89,1400,52.9,2600,52.8954,100
28435,1.42,0.62,0.8,0.0,14:05:00,52.89,1900,52.9,2600,52.891000000000005,800
28466,1.1900000000000002,0.07,1.12,35.54999999999999,14:05:35,52.89,2100,52.9,2400,52.8957,100
28521,1.1800000000000002,0.08,1.1,2.38,14:07:02,52.9,1200,52.91,1300,52.9042,104
28525,1.98,0.6,1.38,7.99,14:07:07,52.9,1300,52.91,1300,52.903,120
28537,1.21,0.08,1.13,28.009999999999998,14:07:28,52.9,1300,52.91,900,52.9069,358
28539,1.21,0.07,1.14,30.61,14:07:30,52.9,1300,52.91,900,52.9035,1032
28540,1.2,0.23,0.97,31.81,14:07:31,52.9,1300,52.91,1200,52.901,202
28565,0.8099999999999999,0.09,0.72,0.0,14:08:00,52.9,1100,52.91,1500,52.9057,200
28576,5.01,4.05,0.96,17.79,14:08:17,52.9,1200,52.91,2000,52.9075,200
28577,1.5899999999999999,0.57,1.02,19.38,14:08:19,52.89,3200,52.9,1100,52.8947,100
28616,1.03,0.07,0.96,0.0,14:09:00,52.88,1700,52.89,1000,52.8838,190
28632,0.8300000000000001,0.18,0.65,17.58,14:09:17,52.88,1900,52.89,1400,52.8801,525
28726,3.58,2.78,0.8,18.42,14:11:18,52.9,2200,52.91,1500,52.9046,206
28876,0.81,0.07,0.74,32.989999999999995,14:13:32,52.89,2400,52.9,1900,52.8992,1000
28897,0.82,0.09,0.73,3.01,14:14:03,52.89,2500,52.9,1200,52.8975,100
28923,1.01,0.08,0.93,29.399999999999995,14:14:29,52.89,2700,52.9,1800,52.8951,200
28948,3.41,2.72,0.69,6.8100000000000005,14:15:06,52.89,2900,52.9,1900,52.8932,150
28960,0.82,0.08,0.74,21.22,14:15:21,52.89,2600,52.9,2200,52.8965,100
29017,0.8200000000000001,0.18,0.64,11.830000000000002,14:16:11,52.89,2000,52.9,2400,52.8939,1200
29062,0.8099999999999999,0.12,0.69,0.0,14:17:00,52.89,1500,52.9,3000,52.8944,105
29073,0.82,0.08,0.74,9.8,14:17:09,52.89,1500,52.9,3000,52.8946,426
29084,0.8099999999999999,0.12,0.69,19.770000000000003,14:17:19,52.89,1500,52.9,3100,52.8938,200
29132,1.01,0.17,0.84,36.75,14:18:36,52.89,1700,52.9,3300,52.8999,300
29143,0.82,0.09,0.73,46.78,14:18:46,52.89,1600,52.9,3300,52.8904,734
29159,1.0,0.24,0.76,4.6,14:19:04,52.89,1500,52.9,3400,52.8967,200
29301,4.17,3.74,0.43,0.0,14:21:00,52.86,1000,52.87,2200,52.8642,1000
29328,0.5900000000000001,0.07,0.52,19.210000000000004,14:21:19,52.86,800,52.87,2300,52.8652,100
29392,2.39,1.8,0.59,15.84,14:22:15,52.86,1100,52.87,2300,52.8643,118
29497,3.17,2.73,0.44,7.33,14:23:07,52.86,1700,52.87,1600,52.8699,143
29637,0.77,0.23,0.54,42.370000000000005,14:24:42,52.86,2000,52.87,1300,52.8604,500
29739,0.77,0.18,0.59,55.80000000000003,14:25:55,52.87,1700,52.88,1900,52.8734,200
29801,0.43,0.07,0.36,35.769999999999996,14:26:35,52.87,2000,52.88,1700,52.871,400
29846,0.58,0.15,0.43,5.950000000000001,14:27:05,52.87,2100,52.88,1900,52.8775,200
29954,0.61,0.22,0.39,21.849999999999998,14:28:21,52.87,2400,52.88,1800,52.8746,1000
30007,0.45999999999999996,0.15,0.31,0.0,14:29:00,52.87,2100,52.88,1800,52.8747,230
30163,0.59,0.16,0.43,43.75000000000003,14:30:43,52.87,1700,52.88,2000,52.8742,200
30281,0.8,0.17,0.63,57.96000000000003,14:31:57,52.87,2400,52.88,1900,52.8758,215
30296,0.84,0.25,0.59,7.210000000000001,14:32:07,52.87,2300,52.88,1900,52.8765,136
30454,0.6100000000000001,0.07,0.54,20.370000000000005,14:34:20,52.87,2400,52.88,2100,52.8735,428
30485,104.82,104.3,0.52,0.0,14:36:00,52.87,1100,52.88,2100,52.8701,510
30667,0.77,0.2,0.57,45.42000000000002,14:38:45,52.87,1800,52.88,2300,52.8714,1525
30805,0.5800000000000001,0.07,0.51,15.86,14:40:15,52.87,3000,52.88,3000,52.8767,100
30833,0.63,0.08,0.55,35.48000000000001,14:40:35,52.87,3000,52.88,3000,52.8766,101
30846,0.8,0.26,0.54,44.220000000000006,14:40:44,52.87,3000,52.88,2900,52.8756,150
30951,0.64,0.25,0.39,5.81,14:42:05,52.87,3600,52.88,2500,52.8731,100
30954,0.74,0.24,0.5,9.16,14:42:09,52.87,3700,52.88,2500,52.8799,575
31103,0.79,0.23,0.56,57.98000000000001,14:43:57,52.87,3300,52.88,2500,52.8744,296
31315,0.77,0.17,0.6,35.530000000000015,14:46:35,52.87,3200,52.88,1600,52.8725,100
31397,0.43,0.07,0.36,39.809999999999995,14:47:39,52.88,2900,52.89,1900,52.881,1000
31401,0.43,0.12,0.31,41.809999999999995,14:47:41,52.88,2900,52.89,1900,52.8864,500
31423,3.59,3.03,0.56,0.0,14:48:00,52.88,3100,52.89,900,52.8875,200
31485,0.6,0.17,0.43,40.83000000000002,14:48:40,52.88,3100,52.89,1200,52.8834,140
31534,0.79,0.19,0.6,17.639999999999997,14:49:17,52.88,3300,52.89,2100,52.8805,500
31624,0.63,0.08,0.55,18.38,14:50:18,52.87,2600,52.88,2500,52.8772,100
31705,0.8,0.24,0.56,28.360000000000003,14:51:28,52.87,2100,52.88,1700,52.8723,964
31748,0.61,0.15,0.46,56.210000000000015,14:51:56,52.87,2200,52.88,1800,52.8776,500
31830,0.59,0.18,0.41,52.00000000000001,14:52:52,52.87,3000,52.88,1800,52.8743,150
32010,0.6000000000000001,0.07,0.53,54.380000000000024,14:54:54,52.84,700,52.85,1700,52.84,200
32013,0.76,0.07,0.69,0.0,14:55:00,52.82,1100,52.83,2000,52.8247,100
32015,0.8099999999999999,0.24,0.57,1.63,14:55:01,52.82,600,52.83,2000,52.82,100
32032,0.61,0.1,0.51,15.769999999999998,14:55:15,52.82,1000,52.83,2400,52.825,100
32037,0.7999999999999999,0.09,0.71,22.569999999999997,14:55:22,52.82,900,52.83,2400,52.8234,365
32095,0.61,0.21,0.4,26.240000000000002,14:56:26,52.82,1100,52.83,2600,52.8254,118
32109,0.59,0.21,0.38,0.0,14:57:00,52.82,1400,52.83,2600,52.8244,200
32119,0.64,0.14,0.5,6.6,14:57:06,52.82,1400,52.83,3100,52.83,600
32233,0.6000000000000001,0.07,0.53,27.820000000000004,14:58:27,52.82,1100,52.83,3300,52.8257,150
32380,0.57,0.21,0.36,0.0,15:00:00,52.82,1400,52.83,3700,52.8232,144
32408,0.43999999999999995,0.09,0.35,24.220000000000002,15:00:24,52.82,1600,52.83,3700,52.82899999999999,200
32462,0.59,0.22,0.37,54.02,15:00:54,52.82,1700,52.83,2700,52.821000000000005,105
32556,2.37,1.71,0.66,7.620000000000001,15:02:07,52.82,2000,52.83,2800,52.8233,700
32579,0.7799999999999999,0.09,0.69,32.0,15:02:32,52.82,2300,52.83,2800,52.827,100
32606,0.6200000000000001,0.07,0.55,55.82,15:02:55,52.82,2200,52.83,2900,52.826,439
32619,0.6699999999999999,0.07,0.6,6.050000000000001,15:03:06,52.82,2000,52.83,2900,52.8228,138
32687,0.65,0.14,0.51,0.0,15:04:00,52.82,3300,52.83,2900,52.8246,300
32720,0.63,0.14,0.49,28.009999999999994,15:04:28,52.82,4200,52.83,3000,52.8201,207
32739,0.44,0.14,0.3,39.620000000000005,15:04:39,52.85,1600,52.86,3100,52.855,100
32780,0.61,0.08,0.53,5.450000000000001,15:05:05,52.85,1700,52.86,2500,52.8544,350
32817,0.8,0.24,0.56,34.190000000000005,15:05:34,52.85,2000,52.86,2900,52.8558,100
32857,0.84,0.24,0.6,1.62,15:06:01,52.85,2000,52.86,2800,52.8596,100
32861,1.63,1.01,0.62,8.42,15:06:08,52.85,2000,52.86,2800,52.8566,250
32926,0.64,0.08,0.56,0.0,15:07:00,52.85,2700,52.86,2600,52.858999999999995,450
32940,0.81,0.28,0.53,18.02,15:07:18,52.85,2600,52.86,2400,52.8546,186
32961,0.79,0.14,0.65,34.36,15:07:34,52.84,3700,52.85,3000,52.845,400
33088,1.6,1.12,0.48,12.979999999999999,15:09:12,52.84,4700,52.85,1700,52.8454,100
33124,0.5900000000000001,0.07,0.52,38.01000000000001,15:09:38,52.84,3600,52.85,1600,52.847,100
33134,0.6000000000000001,0.28,0.32,43.810000000000024,15:09:43,52.84,3700,52.85,1600,52.8466,200
33177,4.37,3.72,0.65,14.57,15:10:14,52.84,5000,52.85,1500,52.8485,334
33191,0.6000000000000001,0.07,0.53,22.8,15:10:22,52.84,4400,52.85,2100,52.8433,1655
33262,3.9800000000000004,3.49,0.49,17.159999999999997,15:11:17,52.84,4000,52.85,2800,52.8434,400
33291,0.5800000000000001,0.07,0.51,34.0,15:11:34,52.83,2000,52.84,4900,52.835,100
33314,0.82,0.08,0.74,50.01,15:11:50,52.83,1700,52.84,4500,52.8385,200
33338,0.62,0.13,0.49,10.399999999999999,15:12:10,52.83,1900,52.84,4500,52.8342,200
33353,0.58,0.08,0.5,24.15,15:12:24,52.83,1800,52.84,4600,52.8343,150
33390,0.5900000000000001,0.13,0.46,48.38000000000001,15:12:48,52.83,1800,52.84,4700,52.8366,690
33396,0.5800000000000001,0.07,0.51,51.98000000000001,15:12:51,52.83,1800,52.84,4700,52.8334,115
33423,0.6000000000000001,0.26,0.34,10.179999999999998,15:13:10,52.83,1800,52.84,5000,52.8368,100
33473,0.75,0.13,0.62,42.18999999999999,15:13:42,52.83,1800,52.84,4100,52.836999999999996,365
33483,0.6000000000000001,0.07,0.53,48.429999999999986,15:13:48,52.83,1900,52.84,4100,52.8346,111
33495,0.46,0.14,0.32,56.26999999999998,15:13:56,52.82,1600,52.83,2700,52.8275,100
33545,0.44,0.08,0.36,32.03000000000001,15:14:32,52.82,2100,52.83,2900,52.8239,101
33549,0.43,0.07,0.36,34.040000000000006,15:14:34,52.82,2100,52.83,2900,52.8266,300
33568,0.6,0.18,0.42,44.38000000000001,15:14:44,52.82,2100,52.83,2900,52.8256,131
33585,0.5900000000000001,0.07,0.52,54.360000000000014,15:14:54,52.82,2300,52.83,2700,52.8236,1000
33765,0.77,0.17,0.6,55.94000000000002,15:16:55,52.82,5200,52.83,3900,52.8258,100
33820,0.5800000000000001,0.07,0.51,36.99000000000001,15:17:36,52.81,2200,52.82,3500,52.815,200
33828,0.42,0.07,0.35,42.010000000000005,15:17:42,52.81,2200,52.82,3800,52.8144,190
33859,0.6,0.24,0.36,0.0,15:18:00,52.81,1600,52.82,4000,52.81,100
33896,0.43,0.07,0.36,29.8,15:18:29,52.81,2600,52.82,3100,52.8143,365
33943,0.58,0.08,0.5,0.0,15:19:00,52.81,2400,52.82,3700,52.8165,200
33965,0.61,0.21,0.4,24.009999999999998,15:19:24,52.81,25700,52.82,3500,52.8148,200
33997,0.6,0.17,0.43,45.82000000000001,15:19:45,52.81,25700,52.82,3500,52.8168,200
34014,0.5700000000000001,0.07,0.5,55.98000000000003,15:19:55,52.81,25700,52.82,3600,52.81399999999999,100
34055,0.75,0.07,0.68,26.569999999999993,15:20:26,52.81,25700,52.82,3400,52.8134,161
34080,0.6000000000000001,0.07,0.53,42.20000000000002,15:20:42,52.81,25700,52.82,3900,52.8157,240
34117,3.81,3.17,0.64,6.59,15:21:06,52.81,25700,52.82,3900,52.8128,1000
34121,0.6300000000000001,0.07,0.56,9.81,15:21:09,52.81,25900,52.82,3900,52.8146,150
34128,0.96,0.35,0.61,15.98,15:21:15,52.81,25900,52.82,3900,52.8154,108
34175,0.62,0.3,0.32,47.88000000000002,15:21:47,52.81,26000,52.82,3400,52.817,150
34189,0.59,0.21,0.38,55.84000000000002,15:21:55,52.81,26000,52.82,3400,52.8108,1500
34271,0.62,0.21,0.41,49.54000000000004,15:22:49,52.81,26200,52.82,3000,52.8175,100
34287,4.17,3.56,0.61,7.0,15:23:07,52.8,7100,52.81,3800,52.8,100
34296,0.43,0.07,0.36,13.659999999999998,15:23:13,52.8,7800,52.81,2700,52.809,100
34304,0.5599999999999999,0.08,0.48,17.819999999999997,15:23:17,52.8,7600,52.81,2300,52.8018,960
34327,0.64,0.15,0.49,31.659999999999997,15:23:31,52.8,7600,52.81,2300,52.805,100
34377,3.59,3.01,0.58,10.75,15:24:10,52.81,1900,52.82,1300,52.8169,369
34381,3.75,3.17,0.58,18.57,15:24:18,52.83,1800,52.84,2100,52.8399,108
34389,0.5800000000000001,0.2,0.38,24.190000000000005,15:24:24,52.83,1400,52.84,2000,52.8344,100
34449,0.5700000000000001,0.2,0.37,2.21,15:25:02,52.84,1800,52.85,1000,52.8438,100
34455,0.5700000000000001,0.07,0.5,6.19,15:25:06,52.84,1800,52.85,1000,52.8401,170
34494,0.5900000000000001,0.07,0.52,36.19,15:25:36,52.85,1800,52.86,1800,52.8529,200
34511,0.58,0.1,0.48,46.160000000000004,15:25:46,52.85,2000,52.86,1900,52.8567,300
34518,0.5800000000000001,0.07,0.51,49.94,15:25:49,52.85,2300,52.86,1200,52.857,201
34522,0.61,0.08,0.53,52.379999999999995,15:25:52,52.85,2300,52.86,1200,52.851000000000006,100
34534,0.6000000000000001,0.07,0.53,0.0,15:26:00,52.85,2300,52.86,2700,52.8543,2000
34618,0.59,0.22,0.37,58.37000000000002,15:26:58,52.86,1700,52.87,1600,52.861000000000004,1900
34706,0.6200000000000001,0.07,0.55,58.20000000000003,15:27:58,52.86,1900,52.87,1300,52.8662,100
34766,0.61,0.08,0.53,38.180000000000014,15:28:38,52.85,1900,52.86,1600,52.8554,200
34817,0.79,0.18,0.61,18.239999999999995,15:29:18,52.85,2000,52.86,2000,52.8585,300
34902,0.62,0.08,0.54,39.78999999999999,15:30:39,52.85,2900,52.86,1700,52.8504,100
35112,0.6000000000000001,0.07,0.53,0.0,15:33:00,52.85,2000,52.86,2500,52.8564,500
35115,3.4099999999999997,2.84,0.57,6.22,15:33:06,52.85,2300,52.86,2500,52.8519,500
35123,0.56,0.07,0.49,13.76,15:33:13,52.85,2200,52.86,2600,52.8568,100
35200,0.6,0.08,0.52,2.0100000000000002,15:34:02,52.85,2300,52.86,2700,52.8542,213
35287,0.46,0.07,0.39,1.25,15:35:01,52.85,2700,52.86,2800,52.8532,198
35401,0.56,0.07,0.49,19.539999999999996,15:36:19,52.85,4300,52.86,3400,52.8534,561
35632,0.44,0.08,0.36,55.61000000000003,15:38:55,52.88,3800,52.89,2100,52.8809,2000
35815,3.1799999999999997,2.59,0.59,5.77,15:41:05,52.85,1100,52.86,3100,52.8575,100
35870,0.6100000000000001,0.07,0.54,40.06000000000001,15:41:40,52.83,1700,52.84,2100,52.8384,500
35926,0.94,0.19,0.75,31.8,15:42:31,52.83,2700,52.84,3700,52.831,100
35953,0.75,0.21,0.54,51.38,15:42:51,52.83,2800,52.84,4100,52.8356,300
36009,0.61,0.17,0.44,28.190000000000005,15:43:28,52.83,3200,52.84,2300,52.8352,130
36101,0.57,0.08,0.49,27.77000000000001,15:44:27,52.83,1800,52.84,2300,52.8335,218
36185,0.5900000000000001,0.28,0.31,24.169999999999995,15:45:24,52.84,2700,52.85,4000,52.8459,360
36211,0.59,0.21,0.38,39.60000000000001,15:45:39,52.84,2800,52.85,3700,52.8499,127
36309,0.96,0.07,0.89,48.40000000000001,15:46:48,52.84,3900,52.85,4200,52.8474,300
36448,0.61,0.23,0.38,29.97999999999999,15:48:29,52.82,1200,52.83,2900,52.8265,1000
36496,0.5800000000000001,0.07,0.51,1.7500000000000002,15:49:01,52.81,4400,52.82,3700,52.8125,400
36504,0.81,0.07,0.74,7.780000000000001,15:49:07,52.81,4500,52.82,3800,52.818999999999996,310
36532,0.5900000000000001,0.2,0.39,29.590000000000003,15:49:29,52.8,4500,52.81,3100,52.8054,137
36718,0.8200000000000001,0.28,0.54,48.38999999999999,15:51:48,52.81,3400,52.82,2300,52.8135,600
36751,0.7699999999999999,0.08,0.69,18.759999999999998,15:52:18,52.79,1500,52.8,2800,52.79,100
36753,0.77,0.25,0.52,20.139999999999997,15:52:20,52.78,2300,52.79,2600,52.785,200
36756,0.85,0.22,0.63,22.599999999999998,15:52:22,52.78,3600,52.79,3100,52.78,100
36764,0.7999999999999999,0.09,0.71,28.429999999999996,15:52:28,52.77,4200,52.78,1000,52.775,100
36772,0.6399999999999999,0.07,0.57,34.43,15:52:34,52.77,4400,52.78,3000,52.77,100
36817,0.6000000000000001,0.07,0.53,5.620000000000001,15:53:05,52.77,4200,52.78,7300,52.7757,710
36841,0.76,0.18,0.58,30.220000000000002,15:53:30,52.77,5300,52.78,7700,52.7765,100
36854,0.8200000000000001,0.2,0.62,39.46,15:53:39,52.76,2000,52.77,3400,52.765,300
36855,0.98,0.07,0.91,40.44,15:53:40,52.74,2100,52.75,3100,52.75,300
36862,0.76,0.13,0.63,45.79999999999999,15:53:45,52.74,2700,52.75,2400,52.74,100
36868,0.9299999999999999,0.35,0.58,50.15999999999999,15:53:50,52.74,2600,52.75,3300,52.745,100
36884,0.6200000000000001,0.07,0.55,0.6200000000000001,15:54:00,52.75,3400,52.76,900,52.755,100
36887,0.6200000000000001,0.07,0.55,2.62,15:54:02,52.75,3400,52.76,900,52.76,100
36896,0.79,0.18,0.61,8.8,15:54:08,52.77,2100,52.78,3900,52.7756,394
36997,0.78,0.17,0.61,23.13,15:55:23,52.75,4900,52.76,1700,52.75899999999999,431
37032,0.6000000000000001,0.07,0.53,46.959999999999994,15:55:46,52.74,4700,52.75,2800,52.74100000000001,119
37044,0.5700000000000001,0.07,0.5,54.98,15:55:54,52.74,5800,52.75,3600,52.7454,180
37058,0.6,0.22,0.38,8.02,15:56:08,52.75,2400,52.76,800,52.7501,102
37135,0.5900000000000001,0.2,0.39,0.0,15:57:00,52.78,10200,52.79,3600,52.7873,1000
37141,0.81,0.14,0.67,4.16,15:57:04,52.78,9900,52.79,900,52.7842,175
37173,93.83,93.24,0.59,0.0,15:59:00,52.79,6200,52.8,8300,52.795,200
