,Total Delay,Request Delay,Saving Delay,Arrival Time,Time,Bid,Bid Size,Ask,Ask Size,Last Price,Last Size
0,0.6499999999999999,0.3,0.35,0.6499999999999999,09:30:00,448.0,100,449.76,200,448.855,100
80,1.4100000000000001,1.07,0.34,0.0,09:31:00,448.0,100,449.76,200,448.88,100
186,0.29,0.08,0.21,37.98000000000001,09:31:37,448.0,100,449.75,100,449.3583,500
206,0.24000000000000002,0.07,0.17,0.0,09:32:00,448.0,200,449.74,100,449.74,100
209,1.96,1.75,0.21,2.6799999999999997,09:32:02,448.0,200,449.74,200,449.73,100
234,0.23,0.07,0.16,10.040000000000001,09:32:10,448.0,200,449.74,200,448.9577,100
264,0.24000000000000002,0.07,0.17,20.39000000000001,09:32:20,448.0,200,449.73,100,448.27,100
320,0.69,0.28,0.41,38.78,09:32:38,446.54,100,448.85,100,447.16,100
470,0.41000000000000003,0.19,0.22,0.0,09:33:00,446.41,100,448.79,100,448.29,100
475,0.32,0.09,0.23,1.86,09:33:01,446.41,100,448.79,100,447.6,270
515,1.4000000000000001,1.06,0.34,0.0,09:34:00,446.41,100,447.88,200,447.5,100
535,0.39,0.08,0.31,8.270000000000001,09:34:08,446.41,100,447.88,200,447.145,100
689,0.28,0.07,0.21,0.0,09:35:00,446.42,1300,447.36,100,447.08,100
695,0.6200000000000001,0.28,0.34,2.2600000000000002,09:35:02,446.42,1300,447.36,100,446.89,100
707,0.25,0.07,0.18,6.020000000000001,09:35:06,446.43,100,447.36,100,447.13,100
780,0.43,0.19,0.24,0.0,09:36:00,447.08,100,447.97,100,446.87800000000004,100
784,0.32,0.09,0.23,1.4600000000000002,09:36:01,447.08,100,447.97,100,447.15,100
790,0.38,0.09,0.29,3.91,09:36:03,447.04,1000,447.97,100,447.4997,100
795,0.33,0.1,0.23,5.73,09:36:05,447.04,1000,447.97,100,447.86,100
818,0.32,0.14,0.18,15.770000000000001,09:36:15,447.04,1000,447.97,300,447.505,100
909,0.6000000000000001,0.26,0.34,0.0,09:37:00,447.32,500,447.82,100,447.542,100
926,0.53,0.1,0.43,8.120000000000001,09:37:08,446.46,100,447.64,100,447.31,100
965,0.42,0.18,0.24,24.0,09:37:24,446.43,100,447.16,100,446.94,100
970,0.46,0.2,0.26,26.12,09:37:26,447.15,100,447.99,100,447.98,100
1007,0.48000000000000004,0.2,0.28,0.0,09:38:00,447.16,1000,448.16,100,447.6603,100
1035,0.55,0.19,0.36,18.110000000000003,09:38:18,446.75,100,447.99,100,447.58,145
1065,0.28,0.07,0.21,31.67,09:38:31,446.43,100,448.0,100,447.2,100
1084,0.41000000000000003,0.17,0.24,39.569999999999986,09:38:39,446.45,100,448.0,100,447.88,100
1148,2.41,2.17,0.24,0.0,09:39:00,446.44,200,447.67,100,447.43,100
1159,2.5700000000000003,2.24,0.33,7.16,09:39:07,446.85,100,447.66,100,447.67,100
1172,0.31,0.07,0.24,11.810000000000002,09:39:11,447.1,100,448.58,100,447.52,100
1202,0.47,0.18,0.29,23.679999999999996,09:39:23,447.33,100,448.58,300,447.42,100
1207,0.38,0.07,0.31,26.059999999999995,09:39:26,447.33,100,448.58,300,447.34,100
1232,0.28,0.07,0.21,35.73999999999999,09:39:35,446.84,100,447.4,100,446.85,100
1266,0.52,0.28,0.24,0.0,09:40:00,446.37,900,447.11,200,446.84,100
1391,0.49,0.22,0.27,55.879999999999995,09:40:55,446.71,200,447.21,100,446.96,200
1395,0.34,0.08,0.26,0.0,09:41:00,446.73,100,447.21,100,447.19,100
1399,0.37,0.15,0.22,1.48,09:41:01,446.74,100,447.2,100,446.97,100
1401,0.29000000000000004,0.1,0.19,2.09,09:41:02,446.74,100,447.81,100,447.17,100
1469,0.56,0.23,0.33,32.2,09:41:32,446.71,100,447.61,100,446.81,100
1514,0.49,0.2,0.29,48.489999999999995,09:41:48,446.71,100,447.32,100,447.01,100
1519,0.38,0.08,0.3,50.46999999999999,09:41:50,445.62,100,446.56,300,446.56,100
1799,0.6,0.24,0.36,0.0,09:43:00,446.22,100,446.92,100,446.57,100
1832,0.35,0.1,0.25,0.0,09:44:00,445.86,100,446.91,100,446.22,100
1873,0.36,0.14,0.22,18.089999999999993,09:44:18,445.45,200,446.29,100,445.85,100
1951,0.39,0.2,0.19,0.0,09:45:00,445.17,100,446.26,100,445.5842,100
1970,1.2,0.89,0.31,12.739999999999998,09:45:12,445.18,100,446.25,100,446.165,100
1985,0.5700000000000001,0.28,0.29,21.990000000000002,09:45:21,445.32,1000,446.25,100,445.33,100
1996,0.37,0.12,0.25,26.14,09:45:26,445.32,1000,446.25,100,445.785,400
2005,0.43,0.07,0.36,30.040000000000006,09:45:30,445.33,100,446.26,200,446.02,100
2009,0.43,0.21,0.22,31.820000000000007,09:45:31,445.54,100,446.26,200,445.63,100
2020,0.47,0.26,0.21,36.07000000000002,09:45:36,445.54,100,446.26,200,446.24,100
2025,0.35000000000000003,0.08,0.27,37.95000000000002,09:45:37,445.54,100,446.26,200,445.905,100
2030,0.38,0.2,0.18,39.75000000000002,09:45:39,445.69,100,446.7,100,446.195,100
2052,0.39,0.15,0.24,48.11000000000002,09:45:48,445.89,100,446.76,100,446.315,100
2066,0.43,0.14,0.29,53.740000000000016,09:45:53,445.92,100,447.18,100,446.01,200
2087,0.56,0.27,0.29,0.0,09:46:00,445.88,100,447.18,200,446.525,100
2124,0.31,0.09,0.22,21.930000000000003,09:46:21,445.69,100,446.6,100,445.695,100
2130,0.43,0.18,0.25,24.040000000000003,09:46:24,445.2,200,445.84,100,445.57,100
2203,0.33,0.14,0.19,49.90000000000003,09:46:49,445.27,100,445.85,100,445.5884,100
2209,0.53,0.27,0.26,52.00000000000003,09:46:52,445.11,100,445.55,100,445.2,113
2255,0.26,0.08,0.18,0.0,09:47:00,444.5,5200,445.55,200,445.0,100
2485,0.34,0.07,0.27,0.0,09:48:00,445.27,100,446.51,100,445.32,300
2565,0.4,0.08,0.32,0.0,09:49:00,445.46,100,446.52,100,445.47,100
2577,0.4,0.07,0.33,5.8900000000000015,09:49:05,445.46,300,446.52,100,445.89,100
2670,3.5799999999999996,3.28,0.3,0.0,09:50:00,445.58,100,446.51,100,445.62,100
2785,0.33,0.13,0.2,0.0,09:51:00,445.01,100,445.96,200,445.78,100
2796,0.33,0.13,0.2,5.930000000000001,09:51:05,445.03,100,445.74,100,445.39,102
2807,1.46,1.23,0.23,13.98,09:51:13,445.01,100,445.62,200,445.07,100
2812,0.38,0.15,0.23,15.840000000000002,09:51:15,445.02,100,445.62,200,445.348,100
2853,0.48,0.22,0.26,31.96,09:51:31,445.08,100,446.24,100,445.9925,100
3201,0.36,0.2,0.16,0.0,09:53:00,445.67,100,446.99,100,446.325,100
3538,1.61,1.37,0.24,2.83,09:56:02,445.16,100,446.32,400,445.17,200
3929,0.42000000000000004,0.23,0.19,0.0,09:59:00,445.16,100,446.26,300,445.71,200
4089,0.28,0.07,0.21,0.0,10:00:00,444.68,100,445.49,400,445.115,200
4138,0.41000000000000003,0.09,0.32,28.310000000000006,10:00:28,444.72,100,445.49,400,445.42,100
4141,0.54,0.18,0.36,29.960000000000004,10:00:29,445.14,100,446.59,200,445.3775,100
4150,0.52,0.23,0.29,33.940000000000005,10:00:33,445.16,100,446.59,200,445.875,100
4190,0.54,0.08,0.46,52.38999999999998,10:00:52,445.3,100,445.88,200,445.34,100
4235,0.26,0.07,0.19,0.0,10:01:00,444.79,100,445.88,200,445.29,100
4373,5.0600000000000005,4.79,0.27,0.0,10:02:00,444.5,700,445.39,500,444.69,100
4385,0.24000000000000002,0.07,0.17,9.16,10:02:09,444.06,100,445.03,200,444.5,400
4576,0.35,0.18,0.17,0.0,10:03:00,444.21,100,445.01,200,444.22,100
4583,0.23,0.07,0.16,1.92,10:03:01,444.17,100,445.01,200,444.536,100
4621,0.36,0.15,0.21,13.729999999999997,10:03:13,444.0,400,444.99,100,444.38,100
4675,0.32,0.07,0.25,0.0,10:04:00,444.0,400,444.99,400,444.495,100
4691,0.26,0.07,0.19,7.889999999999999,10:04:07,444.21,100,444.92,100,444.2275,100
4707,0.39,0.11,0.28,14.13,10:04:14,444.03,100,444.96,100,444.03,100
4727,0.47000000000000003,0.27,0.2,21.91,10:04:21,444.03,100,445.0,300,444.3825,100
4748,0.44,0.21,0.23,29.970000000000006,10:04:29,443.47,100,443.99,100,443.54,100
4765,0.43,0.12,0.31,36.13000000000001,10:04:36,443.47,100,443.97,100,443.64,500
4774,0.53,0.2,0.33,40.2,10:04:40,443.01,100,443.52,100,443.47,100
4782,0.74,0.2,0.54,44.46000000000001,10:04:44,443.12,100,443.52,100,443.37,100
4818,0.37,0.17,0.2,0.0,10:05:00,443.27,100,444.03,200,443.66,100
4822,2.16,1.81,0.35,5.32,10:05:05,443.27,100,444.03,500,443.65,100
5031,0.36,0.18,0.18,0.0,10:06:00,443.12,100,443.62,100,443.3,100
5037,0.3,0.09,0.21,1.9200000000000002,10:06:01,443.12,100,443.62,100,443.48,100
5090,3.37,3.18,0.19,0.0,10:07:00,442.67,100,443.32,200,443.0,100
5091,2.15,1.85,0.3,2.15,10:07:02,442.67,100,443.32,200,442.995,100
5239,0.37,0.21,0.16,0.0,10:08:00,442.56,100,443.15,400,442.89,100
5245,3.9699999999999998,3.65,0.32,5.56,10:08:05,442.57,100,443.06,400,442.65,100
5310,0.31,0.07,0.24,32.099999999999994,10:08:32,441.82,100,442.12,100,442.0,275
5321,0.29000000000000004,0.07,0.22,35.989999999999995,10:08:35,441.86,100,442.45,100,442.12,100
5355,0.32,0.08,0.24,47.78,10:08:47,442.17,100,442.74,100,442.45,100
5462,168.17,168.0,0.17,0.0,10:12:00,442.09,100,442.74,100,442.35,100
5534,0.44,0.24,0.2,24.31000000000001,10:12:24,442.18,100,442.75,100,442.2,100
5560,2.4,2.01,0.39,6.9399999999999995,10:13:06,442.19,100,442.52,100,442.3,100
5578,3.92,3.66,0.26,19.490000000000002,10:13:19,442.01,100,442.52,100,442.19,100
5689,0.26,0.08,0.18,0.0,10:14:00,442.1,200,442.52,100,442.31,200
5709,0.34,0.17,0.17,6.19,10:14:06,442.37,100,442.97,100,442.48,100
5722,3.47,3.24,0.23,20.97,10:14:20,442.34,100,442.96,100,442.645,100
5725,0.39,0.22,0.17,21.97,10:14:21,442.34,100,442.96,100,442.5305,100
5765,0.26,0.07,0.19,35.949999999999996,10:14:35,442.36,100,442.96,100,442.6767,600
5799,0.26,0.09,0.17,46.15000000000001,10:14:46,442.45,100,442.8,200,442.79,100
5805,0.24000000000000002,0.07,0.17,47.98000000000002,10:14:47,442.63,100,442.8,300,442.8,100
5813,0.23,0.07,0.16,50.24000000000002,10:14:50,442.46,100,442.78,100,442.63,100
5849,0.49,0.22,0.27,0.0,10:15:00,442.11,100,442.6,100,442.5,100
5862,0.26,0.08,0.18,8.98,10:15:08,442.0,200,442.47,100,442.235,100
5873,1.99,1.65,0.34,19.7,10:15:19,441.12,100,442.25,100,441.68,123
5996,0.25,0.08,0.17,0.0,10:16:00,441.71,100,442.23,200,441.97,100
6008,0.4,0.22,0.18,6.1400000000000015,10:16:06,441.71,100,442.23,300,441.958,140
6020,2.12,1.91,0.21,15.790000000000003,10:16:15,441.34,400,441.71,300,441.91,100
6030,1.88,1.53,0.35,21.64,10:16:21,441.42,100,442.16,100,441.71,100
6037,0.26,0.07,0.19,23.97,10:16:23,441.41,200,442.16,100,441.54,100
6082,0.43,0.24,0.19,38.1,10:16:38,441.42,900,442.23,200,441.83,100
6151,0.29000000000000004,0.07,0.22,0.0,10:17:00,441.05,100,441.7,100,441.05,100
6157,0.44,0.21,0.23,2.02,10:17:02,440.75,100,441.51,100,441.04,100
6159,2.81,2.47,0.34,9.3,10:17:09,441.13,100,441.51,100,441.3,100
6168,0.3,0.08,0.22,13.750000000000002,10:17:13,441.01,100,441.51,100,441.1619,200
6257,0.5700000000000001,0.18,0.39,49.940000000000026,10:17:49,441.55,100,442.12,100,441.75,100
6268,0.55,0.12,0.43,56.050000000000026,10:17:56,441.55,100,442.59,100,441.67,100
6318,52.14,51.78,0.36,0.0,10:19:00,441.57,300,442.45,100,442.2377,190
6319,0.42000000000000004,0.23,0.19,0.42000000000000004,10:19:00,441.57,300,442.44,100,442.1548,100
6323,0.42,0.21,0.21,2.3400000000000003,10:19:02,441.21,100,442.41,100,441.57,100
6510,0.31,0.1,0.21,1.7600000000000002,10:20:01,441.57,100,442.42,100,441.995,100
6536,34.309999999999995,34.08,0.23,0.0,10:21:00,441.24,200,442.42,100,441.89,100
6559,0.6000000000000001,0.07,0.53,10.14,10:21:10,441.48,100,442.41,100,441.825,100
6563,0.71,0.23,0.48,12.68,10:21:12,442.08,100,442.6,100,442.59,100
6585,0.31,0.07,0.24,23.889999999999997,10:21:23,442.28,100,442.96,100,442.6,500
6600,0.5499999999999999,0.08,0.47,32.60999999999999,10:21:32,442.28,100,442.96,100,442.84,100
6708,0.37,0.09,0.28,0.0,10:22:00,442.28,100,442.96,100,442.42,159
6737,4.74,4.41,0.33,0.0,10:23:00,442.0,200,442.96,100,442.28,100
6821,0.43,0.22,0.21,32.36000000000001,10:23:32,442.5,100,442.81,200,442.81,100
6856,4.62,4.28,0.34,0.0,10:24:00,442.04,100,442.7,100,442.37,1000
6872,0.39,0.07,0.32,10.830000000000002,10:24:10,442.17,100,442.7,100,442.435,100
6892,0.63,0.23,0.4,21.179999999999996,10:24:21,442.26,100,442.96,100,442.46,200
6957,0.61,0.25,0.36,49.39000000000002,10:24:49,442.32,100,442.75,100,442.58,100
6997,0.43,0.14,0.29,0.0,10:25:00,442.29,100,442.75,200,442.32,100
7043,0.46,0.19,0.27,21.599999999999994,10:25:21,442.31,200,442.75,300,442.34,100
7048,0.48,0.12,0.36,23.869999999999997,10:25:23,442.31,200,442.75,300,442.33,100
7075,0.51,0.27,0.24,0.0,10:26:00,441.55,100,442.65,100,442.01,100
7093,0.55,0.23,0.32,13.28,10:26:13,442.01,700,442.65,100,442.05,100
7095,0.36,0.07,0.29,14.02,10:26:14,442.01,700,442.65,100,442.03,100
7122,0.42000000000000004,0.15,0.27,28.230000000000008,10:26:28,442.03,100,442.54,100,442.04,100
7166,0.5700000000000001,0.13,0.44,48.099999999999994,10:26:48,441.98,200,442.28,100,442.27,100
7185,37.42,37.15,0.27,0.0,10:27:00,442.31,100,442.99,100,442.64,200
7278,0.42,0.21,0.21,0.0,10:28:00,442.33,100,442.98,100,442.49,100
7406,0.4,0.18,0.22,48.46,10:28:48,442.0,100,442.9,200,442.09,200
7579,0.27,0.07,0.2,0.0,10:30:00,442.18,100,442.88,100,442.525,100
7605,0.3,0.08,0.22,17.8,10:30:17,442.18,100,442.88,200,442.53,100
7711,0.45,0.23,0.22,0.0,10:31:00,442.0,100,442.51,100,442.315,100
7856,0.27,0.07,0.2,1.67,10:33:01,441.6,100,442.5,100,442.045,100
7874,0.38,0.19,0.19,7.849999999999999,10:33:07,441.69,100,442.79,100,442.245,100
8099,0.57,0.08,0.49,15.980000000000002,10:35:15,442.27,100,442.78,100,442.71,100
8105,0.8,0.26,0.54,19.980000000000004,10:35:19,442.28,100,442.78,200,442.73,100
8108,0.62,0.18,0.44,22.010000000000005,10:35:22,442.54,100,442.89,100,442.765,100
8203,0.58,0.09,0.49,5.580000000000001,10:36:05,443.13,100,443.8,100,443.25,100
8224,0.5800000000000001,0.07,0.51,19.800000000000004,10:36:19,443.4,100,444.06,100,443.53,100
8248,0.59,0.09,0.5,0.0,10:37:00,443.53,100,444.07,100,443.81,100
8350,0.62,0.27,0.35,0.0,10:38:00,443.54,100,443.99,100,443.73800000000006,425
8353,0.6000000000000001,0.07,0.53,1.79,10:38:01,443.55,100,443.99,200,443.7653,100
8398,0.8,0.15,0.65,28.400000000000002,10:38:28,443.55,100,443.98,100,443.7435,150
8413,0.9299999999999999,0.07,0.86,0.0,10:39:00,443.55,100,443.98,100,443.665,100
8427,0.77,0.18,0.59,13.760000000000002,10:39:13,442.8,100,443.61,200,442.9,100
8451,0.61,0.08,0.53,33.589999999999996,10:39:33,442.68,100,443.55,100,443.1,100
8455,0.8,0.3,0.5,36.209999999999994,10:39:36,442.72,100,443.97,100,443.335,100
8575,0.77,0.27,0.5,0.0,10:41:00,443.22,100,443.6,200,443.51,100
8582,3.0200000000000005,2.49,0.53,8.05,10:41:08,443.19,100,443.59,100,443.19,140
8614,0.5700000000000001,0.07,0.5,29.2,10:41:29,443.17,100,443.6,100,443.4,100
8618,0.5700000000000001,0.07,0.5,31.6,10:41:31,443.17,100,443.59,100,443.38,100
8625,0.5800000000000001,0.07,0.51,35.61000000000001,10:41:35,443.17,100,443.59,100,443.39,100
8639,0.5800000000000001,0.07,0.51,43.43,10:41:43,443.18,200,443.6,100,443.5,100
8653,0.44,0.07,0.37,51.28000000000001,10:41:51,443.27,100,443.75,100,443.6,100
8657,0.62,0.23,0.39,0.0,10:42:00,443.22,100,443.75,100,443.72,100
8780,0.61,0.08,0.53,23.59,10:43:23,443.38,100,443.93,100,443.75,100
8783,0.7799999999999999,0.08,0.7,25.8,10:43:25,443.4,100,444.17,100,443.55,100
8826,0.6,0.22,0.38,55.61000000000002,10:43:55,443.5,200,444.08,100,443.71,100
8848,1.4,0.92,0.48,2.58,10:44:02,443.7,200,444.07,100,443.68,100
8860,0.59,0.08,0.51,12.179999999999998,10:44:12,443.77,100,444.06,100,443.85,100
8863,0.6399999999999999,0.07,0.57,14.179999999999998,10:44:14,443.76,100,444.29,100,444.06,100
8866,0.76,0.07,0.69,16.36,10:44:16,443.76,100,444.37,100,444.36,100
8878,0.6000000000000001,0.07,0.53,24.200000000000003,10:44:24,443.77,200,444.37,100,443.92,100
9006,0.5800000000000001,0.07,0.51,0.0,10:45:00,443.81,100,444.36,100,444.0,100
9068,0.6100000000000001,0.07,0.54,0.0,10:46:00,444.05,100,444.24,100,444.1925,100
9083,0.7799999999999999,0.09,0.69,10.620000000000001,10:46:10,444.0,200,444.24,100,444.23,100
9109,0.6100000000000001,0.28,0.33,0.6100000000000001,10:47:00,443.42,100,444.0,100,443.7002,137
9122,0.6000000000000001,0.07,0.53,14.8,10:47:14,443.39,200,444.0,100,443.594,200
9185,0.6100000000000001,0.07,0.54,52.650000000000006,10:47:52,443.68,100,444.22,100,443.95,100
9214,0.6,0.15,0.45,0.0,10:48:00,443.71,100,444.25,100,443.98,100
9271,0.57,0.09,0.48,31.960000000000004,10:48:31,443.76,100,444.47,100,443.76,100
9452,0.62,0.21,0.41,0.0,10:50:00,443.19,100,443.5,100,443.49,100
9459,0.5800000000000001,0.14,0.44,0.0,10:51:00,442.89,200,443.5,100,443.14,100
9491,0.62,0.22,0.4,28.390000000000008,10:51:28,442.08,100,442.89,100,442.3497,250
9545,0.45,0.07,0.38,0.0,10:52:00,442.04,1400,442.89,100,442.72,100
9635,0.62,0.2,0.42,0.0,10:53:00,442.26,100,442.61,200,442.61,100
9646,0.5900000000000001,0.07,0.52,12.190000000000001,10:53:12,442.32,100,443.18,100,442.87,100
9665,0.44,0.07,0.37,22.41,10:53:22,442.96,100,443.39,200,442.96,100
9756,118.97,118.36,0.61,0.0,10:55:00,443.1,100,443.66,200,443.275,100
9784,0.64,0.18,0.46,0.0,10:56:00,443.2,100,443.66,300,443.57,100
9795,0.46,0.07,0.39,7.2299999999999995,10:56:07,443.2,100,443.65,100,443.58,100
9820,5.77,5.27,0.5,0.0,10:57:00,442.26,100,443.33,100,443.2,100
9821,1.79,1.23,0.56,1.79,10:57:01,442.22,100,443.23,200,442.22,100
9916,0.43999999999999995,0.09,0.35,0.0,10:58:00,442.6,100,443.0,500,442.94,100
9948,0.6,0.17,0.43,21.96,10:58:21,442.55,100,442.95,100,442.88,100
9986,0.6000000000000001,0.2,0.4,43.99000000000001,10:58:43,442.21,100,442.98,200,442.55,100
10007,2.17,1.58,0.59,0.0,10:59:00,442.22,900,442.83,100,442.24,100
10012,0.58,0.29,0.29,2.63,10:59:02,442.23,100,442.83,300,442.5159,100
10038,0.5800000000000001,0.07,0.51,20.97,10:59:20,442.0,100,442.59,100,442.001,100
10046,0.57,0.21,0.36,25.0,10:59:25,441.75,200,442.28,400,441.81,100
10085,0.5700000000000001,0.18,0.39,46.77000000000002,10:59:46,441.55,600,442.17,700,441.56,100
10089,0.62,0.16,0.46,0.0,11:00:00,441.56,1100,442.01,100,441.55,100
10092,4.41,3.87,0.54,5.6,11:00:05,441.62,500,442.28,100,441.73,100
10155,0.43,0.08,0.35,49.80000000000001,11:00:49,441.51,100,442.28,100,441.86800000000005,152
10199,0.57,0.08,0.49,0.0,11:01:00,441.9,100,442.08,300,442.075,100
10206,0.58,0.23,0.35,3.6200000000000006,11:01:03,441.9,100,442.27,100,441.9,100
10232,0.57,0.08,0.49,18.02,11:01:18,441.9,100,442.29,300,441.94,100
10256,135.06,134.46,0.6,0.0,11:04:00,441.57,100,442.07,500,441.51,100
10293,0.65,0.23,0.42,26.15,11:04:26,441.57,100,442.06,200,441.82,400
10329,0.7999999999999999,0.08,0.72,0.0,11:05:00,441.57,100,442.05,100,441.78,100
10330,0.79,0.17,0.62,0.79,11:05:00,441.57,100,442.05,100,441.685,100
10342,0.5800000000000001,0.07,0.51,11.970000000000002,11:05:11,441.57,100,442.05,100,441.8432,100
10399,0.5800000000000001,0.25,0.33,47.660000000000004,11:05:47,441.57,100,442.04,100,441.7,100
10434,0.58,0.09,0.49,0.0,11:06:00,441.57,100,442.04,100,441.69,100
10605,0.5700000000000001,0.07,0.5,2.4000000000000004,11:08:02,441.01,1300,441.82,200,441.1,200
10742,0.58,0.21,0.37,0.0,11:09:00,441.3,100,441.55,200,441.31,100
10744,1.18,0.74,0.44,1.77,11:09:01,441.01,100,441.46,200,441.25,100
10840,0.63,0.08,0.55,2.19,11:10:02,441.34,100,442.48,100,442.07,100
10862,0.61,0.18,0.43,15.919999999999998,11:10:15,441.42,100,442.46,100,441.925,100
11179,0.5700000000000001,0.24,0.33,31.17,11:14:31,442.8,100,443.3,100,443.015,100
11202,0.44999999999999996,0.09,0.36,0.0,11:16:00,442.82,100,443.28,100,442.92,100
11345,0.46,0.07,0.39,7.829999999999999,11:18:07,443.06,1100,443.74,200,443.07,290
11358,0.64,0.08,0.56,20.22,11:18:20,443.08,100,443.74,400,443.34,100
11559,0.77,0.23,0.54,0.0,11:20:00,443.12,1400,443.72,200,443.42,100
11660,0.7899999999999999,0.22,0.57,0.0,11:22:00,443.14,200,443.58,200,443.45,100
11859,0.59,0.08,0.51,34.02000000000001,11:24:34,442.51,1900,443.19,100,442.68,100
11927,0.81,0.14,0.67,0.0,11:25:00,442.11,100,442.5,400,442.25,100
11937,0.61,0.09,0.52,7.640000000000001,11:25:07,442.11,100,442.5,300,442.4,100
11989,0.7799999999999999,0.08,0.7,0.0,11:26:00,442.45,100,442.87,400,442.78,100
12000,0.76,0.21,0.55,11.989999999999998,11:26:11,442.5,100,442.87,200,442.76,100
12007,0.59,0.09,0.5,17.399999999999995,11:26:17,442.51,100,442.86,100,442.69,300
12013,0.74,0.2,0.54,21.209999999999997,11:26:21,442.5,100,442.87,200,442.501,100
12026,0.64,0.18,0.46,29.650000000000002,11:26:29,442.0,100,442.51,500,442.51,140
12057,0.5700000000000001,0.13,0.44,0.0,11:28:00,442.44,300,442.87,100,442.75,100
12102,0.61,0.14,0.47,7.4,11:29:07,442.54,100,442.91,200,442.715,100
12108,0.77,0.07,0.7,11.74,11:29:11,442.0,300,442.8,200,442.52,271
12128,0.7999999999999999,0.22,0.58,25.160000000000004,11:29:25,442.59,100,443.2,100,442.7,100
12179,0.7999999999999999,0.22,0.58,21.970000000000002,11:30:21,443.19,200,443.39,100,443.31,133
12185,0.61,0.22,0.39,25.980000000000004,11:30:25,443.22,100,443.74,200,443.5493,200
12194,0.59,0.1,0.49,0.0,11:31:00,442.99,100,443.72,100,443.02,200
12198,0.6,0.24,0.36,2.43,11:31:02,442.99,100,443.74,300,443.62,100
12294,1.59,1.05,0.54,0.0,11:32:00,443.03,100,443.74,200,443.3687,200
12363,0.6,0.13,0.47,41.48,11:32:41,443.39,100,443.74,200,443.5577,200
12405,0.5900000000000001,0.07,0.52,0.0,11:33:00,443.03,400,443.4,200,443.2227,200
12415,0.62,0.18,0.44,5.9799999999999995,11:33:05,443.03,400,443.74,100,443.32,100
12418,0.62,0.22,0.4,7.79,11:33:07,443.0,100,443.74,100,443.3545,200
12422,0.43999999999999995,0.09,0.35,9.819999999999999,11:33:09,443.0,100,443.74,100,443.04,100
12461,0.5900000000000001,0.07,0.52,31.520000000000003,11:33:31,443.3,200,443.45,200,443.41,100
12465,0.5900000000000001,0.07,0.52,0.0,11:34:00,443.45,100,443.74,400,443.375,300
12468,0.62,0.09,0.53,2.0,11:34:02,443.46,100,443.74,100,443.74,100
12477,2.15,1.64,0.51,9.17,11:34:09,443.45,100,443.74,100,443.5975,100
12478,0.64,0.27,0.37,9.81,11:34:09,443.46,100,443.74,100,443.59,100
12483,2.96,2.53,0.43,18.540000000000003,11:34:18,443.45,100,444.22,200,443.795,100
12485,0.56,0.07,0.49,19.540000000000003,11:34:19,443.45,100,444.22,200,443.7249,200
12498,0.5800000000000001,0.07,0.51,27.55000000000001,11:34:27,443.48,400,444.25,100,443.8437,198
12514,0.7899999999999999,0.21,0.58,37.740000000000016,11:34:37,443.48,400,444.0,600,443.8188,200
12517,0.62,0.14,0.48,39.59000000000002,11:34:39,443.61,100,443.99,100,443.785,200
12535,0.61,0.08,0.53,51.78000000000001,11:34:51,443.61,100,444.0,600,443.89,100
12550,0.77,0.32,0.45,0.0,11:35:00,443.6,100,444.0,300,443.815,200
12559,0.95,0.34,0.61,6.380000000000001,11:35:06,443.6,100,444.0,300,443.79,100
12565,2.38,1.91,0.47,13.810000000000002,11:35:13,443.6,100,443.99,200,443.78,200
12566,79.02,78.7,0.32,0.0,11:36:00,443.08,100,443.94,100,443.555,100
12579,0.61,0.18,0.43,7.36,11:36:07,443.1,100,443.94,100,443.94,100
12582,0.5800000000000001,0.18,0.4,8.96,11:36:08,443.09,100,444.34,100,443.535,100
12601,0.44,0.08,0.36,19.18,11:36:19,443.15,100,443.99,100,443.99,100
12615,0.62,0.14,0.48,5.6000000000000005,11:37:05,443.17,100,443.9,100,443.8,100
12701,0.59,0.15,0.44,57.59999999999999,11:37:57,443.04,100,443.44,300,443.17,100
12705,0.5700000000000001,0.12,0.45,0.0,11:38:00,443.04,100,443.44,300,443.2464,200
12716,0.61,0.19,0.42,6.230000000000001,11:38:06,443.07,100,443.84,100,443.44,150
12780,118.2,117.59,0.61,0.0,11:40:00,442.81,100,443.41,200,443.09,100
13215,0.37,0.21,0.16,22.939999999999998,11:45:22,443.01,300,443.6,300,443.29,200
13285,0.41000000000000003,0.23,0.18,0.0,11:46:00,443.0,100,443.52,100,443.01,100
13299,0.24000000000000002,0.07,0.17,10.95,11:46:10,443.16,100,443.52,200,443.43,100
13327,0.30000000000000004,0.07,0.23,25.939999999999998,11:46:25,442.9,100,443.42,100,443.18,200
13425,0.39,0.18,0.21,0.0,11:47:00,443.18,100,443.35,300,443.324,100
13447,0.8200000000000001,0.51,0.31,10.559999999999999,11:47:10,443.0,300,443.35,100,443.175,400
13449,0.26,0.07,0.19,11.129999999999999,11:47:11,443.0,300,443.35,100,443.265,100
13452,0.28,0.07,0.21,12.189999999999998,11:47:12,443.0,300,443.35,100,443.35,100
13524,0.34,0.08,0.26,37.93,11:47:37,443.0,100,443.4,100,443.08,100
13939,0.4,0.24,0.16,16.23,11:50:16,443.12,100,443.9,200,443.4943,200
13970,0.33,0.17,0.16,26.080000000000002,11:50:26,443.15,700,443.9,200,443.525,100
14008,0.38,0.22,0.16,38.230000000000004,11:50:38,443.22,100,443.9,200,443.56,100
14062,1.6099999999999999,1.26,0.35,14.649999999999999,11:51:14,443.85,100,444.3,300,443.93,100
14066,0.36,0.18,0.18,15.889999999999997,11:51:15,443.85,200,444.3,300,444.075,200
14116,0.38,0.17,0.21,35.89000000000001,11:51:35,443.85,200,444.3,500,444.0687,200
14175,0.38,0.19,0.19,55.630000000000024,11:51:55,443.85,200,444.24,400,444.1425,100
14226,0.89,0.54,0.35,0.0,11:52:00,443.08,100,444.16,100,443.86,100
14287,0.58,0.23,0.35,21.540000000000003,11:52:21,443.01,100,444.13,100,443.61,200
14390,0.39,0.22,0.17,0.0,11:53:00,443.03,100,443.93,100,443.4977,200
14423,0.35,0.17,0.18,9.91,11:53:09,443.05,100,443.92,100,443.5313,200
14568,0.27,0.07,0.2,0.0,11:54:00,443.11,100,443.88,100,443.495,200
14619,0.29,0.08,0.21,16.060000000000002,11:54:16,443.11,100,443.88,300,443.11,100
14674,0.61,0.35,0.26,6.6000000000000005,11:55:06,443.11,100,443.88,400,443.6083,200
14694,0.44,0.21,0.23,17.930000000000007,11:55:17,443.09,100,443.88,500,443.485,100
14781,0.5700000000000001,0.23,0.34,50.04000000000004,11:55:50,443.45,100,443.87,400,443.635,800
14799,0.25,0.07,0.18,0.0,11:56:00,443.45,100,443.81,500,443.6546,200
14935,0.27,0.07,0.2,52.05000000000004,11:56:52,443.52,100,443.79,100,443.6613,200
14969,3.77,3.6,0.17,4.01,11:57:04,442.9,100,443.4,200,443.165,200
15276,1.85,1.59,0.26,0.0,11:59:00,442.91,300,443.38,200,443.235,100
15313,0.28,0.07,0.21,14.469999999999997,11:59:14,442.91,900,443.38,200,443.145,100
15424,0.33,0.13,0.2,0.0,12:00:00,442.94,200,443.36,100,443.1548,200
15584,3.4099999999999997,3.09,0.32,6.96,12:01:06,442.9,200,443.17,300,443.0255,800
15829,0.37,0.2,0.17,42.37999999999998,12:02:42,443.04,100,443.82,100,443.405,200
16004,0.33,0.13,0.2,0.0,12:03:00,443.16,100,443.81,100,443.467,200
16092,0.3,0.08,0.22,0.0,12:04:00,443.47,100,443.81,100,443.644,100
16271,0.27,0.07,0.2,0.0,12:05:00,443.1,100,443.68,100,443.2858,100
16319,0.26,0.08,0.18,15.999999999999998,12:05:15,443.1,100,443.68,200,443.158,400
16748,0.6,0.24,0.36,0.0,12:08:00,443.01,100,443.51,400,443.05,100
16877,0.24000000000000002,0.07,0.17,0.9,12:09:00,442.9,100,443.29,100,442.95,100
17226,0.29000000000000004,0.13,0.16,0.0,12:11:00,442.35,700,443.23,100,442.795,100
17403,0.24000000000000002,0.07,0.17,0.0,12:12:00,442.34,100,443.22,200,443.22,100
17887,0.27,0.07,0.2,0.0,12:15:00,442.53,100,442.98,300,442.97,100
18105,0.24,0.08,0.16,0.0,12:17:00,442.53,100,442.96,100,442.74,200
18831,0.24000000000000002,0.07,0.17,25.750000000000004,12:21:25,443.19,100,443.45,100,443.205,100
19022,0.30000000000000004,0.07,0.23,0.0,12:23:00,442.4,500,442.92,100,442.82,100
19208,0.49,0.24,0.25,0.0,12:24:00,442.61,100,443.25,100,442.67400000000004,100
19597,2.42,2.08,0.34,0.0,12:27:00,443.26,100,443.5,100,443.26,100
20011,0.27,0.07,0.2,0.0,12:29:00,442.77,200,443.2,100,442.985,100
20100,0.27,0.07,0.2,0.0,12:30:00,442.79,100,443.18,100,442.975,100
20207,0.33,0.14,0.19,2.62,12:31:02,442.93,200,443.64,100,443.63,100
20285,0.24000000000000002,0.07,0.17,34.550000000000004,12:31:34,443.21,100,444.1,100,443.655,500
20579,0.25,0.07,0.18,3.63,12:33:03,443.31,100,444.07,100,443.69,100
20649,0.30000000000000004,0.07,0.23,0.0,12:34:00,443.33,100,443.99,100,443.5176,500
20854,0.39,0.21,0.18,4.84,12:35:04,443.33,100,443.79,100,443.565,198
21114,0.34,0.17,0.17,0.0,12:37:00,442.23,200,443.52,100,443.15,100
21219,0.45999999999999996,0.21,0.25,39.97,12:37:39,442.41,200,443.49,100,442.98,100
21269,0.45,0.22,0.23,58.1,12:37:58,442.73,100,443.12,100,442.99,100
21274,0.41000000000000003,0.21,0.2,0.0,12:38:00,442.73,100,443.12,100,442.925,100
21600,0.25,0.08,0.17,36.21999999999999,12:40:36,442.93,100,443.5,100,443.215,100
21786,149.10999999999999,148.89,0.22,0.0,12:44:00,442.95,200,443.47,200,443.1772,100
21961,0.55,0.21,0.34,0.0,12:45:00,442.96,200,443.45,200,443.2832,200
22193,0.28,0.07,0.21,21.72,12:47:21,443.43,100,444.18,100,443.5925,300
22199,0.38,0.21,0.17,23.949999999999996,12:47:23,443.44,100,444.17,100,443.7998,200
22408,0.25,0.08,0.17,0.0,12:48:00,443.54,100,444.16,100,443.895,200
22500,1.56,1.31,0.25,0.0,12:49:00,443.56,200,444.15,100,443.855,100
22633,3.79,3.57,0.22,0.0,12:50:00,443.62,200,444.13,100,443.8736,200
22761,0.36,0.17,0.19,48.46,12:50:48,443.62,100,443.93,200,443.775,100
22794,1.99,1.66,0.33,7.95,12:51:07,443.62,100,443.91,200,443.8375,100
22812,0.37,0.18,0.19,13.899999999999997,12:51:13,443.63,100,443.91,200,443.9099,218
22818,0.30000000000000004,0.14,0.16,15.879999999999997,12:51:15,443.63,100,443.91,100,443.77,100
22875,0.25,0.08,0.17,32.789999999999985,12:51:32,443.67,200,443.87,100,443.82,100
22973,0.24,0.08,0.16,0.0,12:52:00,443.76,100,443.99,100,443.87,100
23071,0.37,0.13,0.24,34.06000000000002,12:52:34,443.82,100,443.99,100,443.97,100
23126,0.36,0.2,0.16,0.0,12:53:00,443.92,400,444.1,100,443.965,100
23156,0.33999999999999997,0.18,0.16,13.840000000000002,12:53:13,443.93,100,444.4,100,444.1,100
23266,2.0,1.76,0.24,7.140000000000001,12:54:07,443.43,100,444.0,100,443.73,200
23382,0.37,0.09,0.28,52.18000000000005,12:54:52,443.9,200,444.4,300,444.135,200
23424,0.32,0.15,0.17,0.0,12:55:00,443.9,300,444.4,300,444.175,300
23459,0.33999999999999997,0.18,0.16,11.139999999999999,12:55:11,444.12,100,444.39,100,444.19,100
23462,0.25,0.08,0.17,12.18,12:55:12,443.98,100,444.39,200,444.0757,100
23494,0.24000000000000002,0.07,0.17,21.96999999999999,12:55:21,443.98,200,444.39,200,444.1599,135
23589,0.39,0.23,0.16,0.0,12:56:00,443.98,200,444.35,300,444.01,100
23596,0.24000000000000002,0.07,0.17,2.0,12:56:02,443.98,200,444.34,100,444.02,100
23672,0.25,0.08,0.17,26.250000000000007,12:56:26,443.99,100,444.3,100,444.2041,200
23824,0.45000000000000007,0.28,0.17,0.0,12:57:00,443.99,100,444.24,100,444.155,100
23905,0.77,0.51,0.26,0.0,12:58:00,443.08,100,443.97,100,443.9671,200
24019,0.42000000000000004,0.22,0.2,0.0,12:59:00,443.1,800,443.76,400,443.3884,100
24302,0.36,0.2,0.16,0.0,13:02:00,443.48,100,443.74,100,443.585,100
24770,0.35,0.19,0.16,13.879999999999999,13:05:13,442.47,200,443.18,100,442.86,100
24883,0.25,0.07,0.18,54.02999999999999,13:05:54,442.88,100,443.41,100,443.1419,200
24923,0.32,0.08,0.24,0.0,13:09:00,443.2,100,443.56,200,443.3821,200
25086,3.5900000000000003,3.37,0.22,0.0,13:10:00,443.19,100,443.54,200,443.27,100
25252,0.5,0.21,0.29,0.0,13:11:00,443.24,200,443.93,100,443.52,200
25262,0.43,0.08,0.35,4.2700000000000005,13:11:04,443.64,100,444.04,100,444.04,100
25306,0.55,0.14,0.41,26.04,13:11:26,443.71,100,444.15,200,443.915,200
25545,0.5800000000000001,0.25,0.33,34.160000000000004,13:13:34,442.7,100,443.72,200,443.2161,200
25592,0.56,0.14,0.42,26.720000000000002,13:14:26,442.98,200,443.56,100,443.526,100
25600,0.43,0.07,0.36,30.37000000000001,13:14:30,443.15,200,443.56,100,443.3574,200
25661,0.55,0.07,0.48,19.34,13:15:19,443.4,100,443.88,100,443.46,100
25733,3.64,3.18,0.46,0.0,13:16:00,443.03,100,443.65,100,443.24,100
25766,0.61,0.18,0.43,27.770000000000007,13:16:27,443.36,200,443.81,200,443.36,100
25776,0.59,0.22,0.37,33.74000000000001,13:16:33,442.78,1000,443.58,100,443.21,100
25801,0.43,0.07,0.36,49.30000000000001,13:16:49,443.13,100,443.57,100,443.289,200
25845,0.42000000000000004,0.14,0.28,16.360000000000003,13:17:16,442.74,100,443.21,100,442.82300000000004,150
25923,0.41000000000000003,0.07,0.34,27.750000000000004,13:18:27,442.34,100,442.99,100,442.6702,137
25928,0.43,0.14,0.29,29.990000000000006,13:18:29,442.34,100,442.99,100,442.6653,151
26102,0.81,0.25,0.56,0.0,13:20:00,442.33,100,442.94,100,442.62,100
26122,0.6000000000000001,0.07,0.53,11.430000000000001,13:20:11,442.33,100,442.76,200,442.5425,200
26126,0.44,0.08,0.36,13.620000000000001,13:20:13,442.33,100,442.76,200,442.545,200
26166,0.58,0.23,0.35,0.0,13:21:00,442.65,100,442.94,100,442.7582,200
26173,5.16,4.55,0.61,9.58,13:21:09,442.66,100,442.94,100,442.8384,200
26181,0.56,0.13,0.43,19.56,13:21:19,442.91,200,443.56,100,443.2753,200
26192,0.59,0.23,0.36,25.839999999999996,13:21:25,442.76,300,443.09,100,442.91,100
26209,0.58,0.21,0.37,36.01,13:21:36,442.53,100,443.2,100,442.85,200
26294,0.44,0.08,0.36,27.430000000000007,13:22:27,442.97,100,443.55,100,443.168,200
26321,0.5499999999999999,0.08,0.47,42.030000000000015,13:22:42,442.71,200,443.02,100,442.965,600
26419,0.8,0.19,0.61,48.82000000000002,13:23:48,442.92,100,443.39,100,443.1439,600
26442,0.8300000000000001,0.19,0.64,2.63,13:24:02,442.82,100,443.08,300,442.9369,200
26462,0.59,0.08,0.51,24.040000000000003,13:24:24,442.65,200,443.08,100,442.9494,100
26465,0.74,0.12,0.62,25.990000000000002,13:24:25,442.66,200,443.48,100,443.06,100
26471,0.76,0.17,0.59,30.170000000000005,13:24:30,442.9,100,443.74,100,443.305,200
26474,0.76,0.1,0.66,32.2,13:24:32,442.91,100,443.74,100,443.4466,200
26511,2.37,1.09,1.28,0.0,13:25:00,443.1,300,443.5,100,443.2413,200
26531,1.1800000000000002,0.08,1.1,23.439999999999998,13:25:23,443.17,200,443.5,200,443.3834,200
26540,1.19,0.25,0.94,33.620000000000005,13:25:33,442.55,100,443.33,200,442.955,200
26547,1.1900000000000002,0.09,1.1,0.0,13:26:00,442.56,700,443.33,200,442.93,200
26554,1.9700000000000002,0.88,1.09,8.18,13:26:08,442.56,1400,443.5,200,443.13,100
26605,1.4,0.14,1.26,4.01,13:27:04,443.28,100,444.1,100,443.8104,200
26606,1.22,0.07,1.15,5.2299999999999995,13:27:05,443.32,100,444.1,100,444.09,100
26609,3.37,2.26,1.11,12.61,13:27:12,443.32,100,443.97,200,443.645,100
26615,1.01,0.08,0.93,19.22,13:27:19,443.32,100,443.96,100,443.5497,200
26617,1.01,0.07,0.94,21.42,13:27:21,443.28,100,443.81,200,443.545,183
26655,1.21,0.18,1.03,7.81,13:28:07,443.28,100,443.7,600,443.4149,100
26666,1.37,0.1,1.27,20.98,13:28:20,442.85,100,443.52,300,443.16,100
26695,1.19,0.12,1.07,0.0,13:29:00,443.03,100,443.36,400,443.23,100
26750,1.4,0.2,1.2,17.99,13:30:17,442.85,600,443.22,100,443.017,200
26757,1.4,0.19,1.21,26.77,13:30:26,442.85,600,443.22,100,443.0332,200
26791,1.17,0.23,0.94,12.18,13:31:12,442.86,100,443.21,100,443.0867,200
26845,1.21,0.08,1.13,1.21,13:32:01,442.63,100,442.99,300,442.832,100
26850,1.23,0.07,1.16,7.83,13:32:07,442.55,100,442.99,300,442.825,200
26854,1.6099999999999999,0.19,1.42,13.82,13:32:13,442.55,100,442.99,300,442.7717,100
26864,1.61,0.27,1.34,28.619999999999994,13:32:28,442.78,100,443.38,100,442.745,100
26873,1.3800000000000001,0.07,1.31,0.0,13:33:00,442.82,200,443.38,100,442.83,100
26875,5.99,4.8,1.19,7.41,13:33:07,442.32,100,443.02,100,442.655,200
26902,1.22,0.07,1.15,42.43000000000001,13:33:42,442.33,100,443.0,100,442.56,100
26903,1.37,0.26,1.11,43.800000000000004,13:33:43,442.09,500,442.54,100,442.5139,100
26919,1.03,0.08,0.95,0.0,13:34:00,442.5,100,443.0,100,442.74800000000005,200
26922,4.1899999999999995,3.02,1.17,6.779999999999999,13:34:06,442.49,100,443.0,100,442.735,200
26930,1.39,0.22,1.17,17.59,13:34:17,442.26,100,442.96,100,442.4545,192
26960,1.42,0.13,1.29,0.0,13:35:00,442.31,100,442.93,100,442.6176,200
26967,2.39,1.29,1.1,10.400000000000002,13:35:10,442.0,400,442.37,100,442.1864,200
26968,1.3699999999999999,0.17,1.2,11.770000000000001,13:35:11,441.95,100,442.29,100,441.98,100
27078,1.17,0.35,0.82,25.590000000000003,13:37:25,441.93,100,442.32,100,442.1303,125
27084,1.0,0.22,0.78,31.790000000000003,13:37:31,441.78,500,442.24,300,441.93,100
27093,1.03,0.07,0.96,42.60000000000001,13:37:42,441.6,1000,442.02,100,441.76,100
27129,1.36,0.24,1.12,0.0,13:38:00,441.72,100,442.32,100,441.74,100
27131,1.02,0.07,0.95,2.0300000000000002,13:38:02,441.73,100,442.31,100,442.1081,200
27147,1.01,0.21,0.8,21.240000000000006,13:38:21,441.9,300,442.32,100,442.095,200
27152,1.0,0.07,0.93,0.0,13:39:00,441.85,100,442.31,100,442.08,100
27157,3.77,2.93,0.84,10.399999999999999,13:39:10,441.85,100,442.31,100,441.86,100
27164,1.19,0.18,1.01,20.02,13:39:20,441.6,1000,442.28,100,441.9614,100
27175,1.21,0.19,1.02,33.010000000000005,13:39:33,441.75,100,442.12,200,441.77,100
27200,1.01,0.09,0.92,0.0,13:40:00,441.8,200,442.02,100,441.9138,200
27211,54.8,53.89,0.91,0.0,13:41:00,441.85,200,442.2,100,441.95,300
27235,1.1900000000000002,0.07,1.12,26.590000000000003,13:41:26,441.65,100,441.94,400,441.7006,200
27238,1.38,0.2,1.18,30.76,13:41:30,441.65,100,441.93,100,441.824,100
27243,1.4,0.2,1.2,37.17,13:41:37,441.73,100,442.32,100,442.11,100
27245,1.0,0.24,0.76,39.190000000000005,13:41:39,441.72,100,442.32,100,442.0215,200
27259,1.19,0.23,0.96,2.21,13:42:02,441.82,300,442.19,100,441.9508,200
27322,1.01,0.07,0.94,24.860000000000003,13:43:24,441.81,100,442.18,100,442.0022,100
27342,0.97,0.29,0.68,43.04,13:43:43,441.91,100,442.19,100,441.92,100
27346,1.21,0.08,1.13,47.26,13:43:47,441.91,100,442.19,100,442.035,200
27369,1.2,0.07,1.13,13.619999999999997,13:44:13,441.84,100,442.18,100,441.9376,200
27394,0.99,0.08,0.91,41.43000000000001,13:44:41,441.84,100,442.17,100,441.84,100
27396,1.0,0.07,0.93,43.440000000000005,13:44:43,441.84,100,442.16,100,441.85,100
27398,1.02,0.09,0.93,45.64000000000001,13:44:45,441.84,100,442.16,100,441.9305,200
27456,1.01,0.08,0.93,0.0,13:46:00,441.74,100,442.16,200,441.9525,200
27513,1.4,0.18,1.22,0.0,13:47:00,441.81,100,442.15,200,441.978,200
27530,1.1900000000000002,0.07,1.12,21.42,13:47:21,441.5,200,441.86,200,441.5,100
27532,1.3599999999999999,0.37,0.99,23.790000000000003,13:47:23,441.36,100,441.59,300,441.6782,195
27542,1.03,0.08,0.95,35.010000000000005,13:47:35,441.36,200,441.86,100,441.64,100
27575,1.1900000000000002,0.07,1.12,0.0,13:48:00,441.69,100,442.2,100,441.9761,115
27647,0.8200000000000001,0.07,0.75,46.00000000000001,13:49:46,441.44,100,442.2,100,441.8,200
27710,1.3900000000000001,0.08,1.31,0.0,13:51:00,441.6,100,442.19,100,441.895,100
27717,1.3699999999999999,0.23,1.14,9.379999999999999,13:51:09,441.61,100,442.17,100,441.976,200
27749,1.19,0.16,1.03,51.580000000000005,13:51:51,441.88,300,442.17,100,442.015,200
27751,1.21,0.08,1.13,53.800000000000004,13:51:53,441.88,300,442.17,100,442.0233,200
27773,0.99,0.26,0.73,0.0,13:52:00,441.88,100,442.15,100,441.88,100
27792,0.99,0.17,0.82,17.390000000000004,13:52:17,441.46,100,442.13,100,441.663,200
27799,0.99,0.07,0.92,24.580000000000005,13:52:24,441.46,100,442.0,200,441.7332,200
27879,0.99,0.25,0.74,0.0,13:54:00,441.51,100,441.99,100,441.74199999999996,200
27981,1.01,0.08,0.93,0.0,13:56:00,441.49,100,441.83,200,441.49,100
28101,1.2,0.34,0.86,11.79,13:58:11,441.58,100,442.01,100,441.805,100
28278,3.21,2.37,0.84,7.2,14:02:07,441.82,1000,442.3,1000,442.289,100
28281,2.0,0.83,1.17,11.57,14:02:11,442.1,100,442.79,100,442.365,100
28282,0.8200000000000001,0.07,0.75,12.39,14:02:12,442.11,100,442.79,100,442.4416,200
28308,0.98,0.25,0.73,40.55999999999999,14:02:40,442.2,100,442.77,100,442.3872,100
28326,1.1800000000000002,0.07,1.11,0.0,14:03:00,442.28,100,443.2,100,442.9217,200
28349,1.19,0.24,0.95,32.63,14:03:32,442.52,100,443.18,200,442.7433,200
28361,1.0,0.21,0.79,46.22,14:03:46,442.55,100,443.18,500,442.7769,200
28366,1.41,0.21,1.2,52.43999999999999,14:03:52,442.55,100,442.96,100,442.7324,100
28387,1.01,0.07,0.94,0.0,14:04:00,442.55,200,442.95,200,442.6581,200
28521,1.1800000000000002,0.08,1.1,0.0,14:07:00,442.9,400,443.2,200,443.035,200
28531,1.2000000000000002,0.08,1.12,15.82,14:07:15,442.87,100,443.2,200,443.045,200
28534,1.21,0.18,1.03,21.65,14:07:21,442.88,100,443.2,200,443.0837,200
28539,1.21,0.07,1.14,28.23,14:07:28,442.89,100,443.2,200,443.088,200
28572,1.2000000000000002,0.09,1.11,0.0,14:08:00,442.13,100,442.93,200,442.9237,100
28577,1.5899999999999999,0.57,1.02,11.79,14:08:11,442.15,200,442.93,200,442.5439,300
28592,1.2,0.07,1.13,28.8,14:08:28,442.14,1700,442.93,200,442.5525,100
28610,0.82,0.09,0.73,45.99,14:08:45,442.57,100,443.2,100,442.9743,300
28680,1.2000000000000002,0.08,1.12,4.62,14:10:04,442.96,100,443.63,300,443.3955,300
28685,0.8099999999999999,0.08,0.73,10.81,14:10:10,442.98,100,443.63,300,443.2725,100
28688,1.2000000000000002,0.08,1.12,14.41,14:10:14,443.0,100,443.63,100,443.4755,138
28744,0.8200000000000001,0.07,0.75,0.0,14:11:00,443.06,100,443.62,100,443.3472,300
28755,0.81,0.07,0.74,10.16,14:11:10,443.06,200,443.62,100,443.3422,200
28865,1.01,0.2,0.81,34.19,14:13:34,443.07,100,443.58,100,443.3909,323
28903,0.98,0.29,0.69,17.8,14:14:17,442.85,100,443.43,200,443.1328,200
28963,0.81,0.07,0.74,0.0,14:15:00,442.85,100,443.41,200,443.0043,100
29059,0.81,0.07,0.74,0.0,14:17:00,442.85,300,443.25,200,443.1278,150
29219,1.18,0.22,0.96,0.0,14:20:00,442.18,100,443.19,100,442.4656,200
29253,0.6,0.08,0.52,33.460000000000015,14:20:33,442.52,100,442.86,100,442.695,100
29695,0.61,0.08,0.53,4.44,14:25:04,442.72,100,443.0,100,442.845,200
29724,0.63,0.19,0.44,22.65,14:25:22,442.72,100,443.0,100,442.9999,151
30124,0.61,0.2,0.41,0.0,14:30:00,442.63,100,443.27,100,442.66,100
30186,0.62,0.13,0.49,0.0,14:31:00,442.77,100,443.25,300,443.005,200
30191,0.61,0.18,0.43,2.98,14:31:02,442.78,100,443.24,100,443.0086,200
30232,0.59,0.18,0.41,29.61,14:31:29,442.77,300,443.0,200,442.8956,200
30243,0.43,0.07,0.36,35.42,14:31:35,442.77,300,442.99,200,442.8806,200
30468,0.75,0.17,0.58,11.95,14:34:11,442.61,100,443.28,100,442.7536,200
30498,0.82,0.23,0.59,9.76,14:36:09,442.88,100,443.26,400,443.1279,200
30705,1.2000000000000002,0.65,0.55,7.81,14:39:07,442.73,200,443.15,200,442.9412,200
30781,0.83,0.23,0.6,0.0,14:40:00,442.87,100,443.3,100,443.0838,200
30783,0.6399999999999999,0.07,0.57,1.22,14:40:01,442.9,100,443.29,100,443.1967,200
30993,0.61,0.19,0.42,0.0,14:42:00,443.19,100,443.56,100,443.4675,100
31208,0.62,0.08,0.54,13.829999999999998,14:45:13,442.94,100,443.61,100,443.1804,200
31369,7.77,7.34,0.43,28.779999999999998,14:47:28,442.9,100,443.39,200,443.1051,100
31425,0.44,0.07,0.37,3.04,14:48:03,443.01,100,443.2,100,443.1047,200
31452,0.62,0.25,0.37,23.250000000000007,14:48:23,443.06,100,443.28,100,443.1575,100
31467,0.6,0.17,0.43,31.06000000000001,14:48:31,443.1,100,443.28,100,443.28,100
31718,0.6,0.24,0.36,30.22,14:51:30,443.01,300,443.23,100,443.0876,200
31738,0.61,0.19,0.42,42.21000000000001,14:51:42,442.91,100,443.19,100,443.085,200
31811,0.79,0.24,0.55,20.029999999999998,14:52:20,443.08,100,443.38,100,443.1005,100
32395,0.58,0.15,0.43,5.15,15:00:05,442.74,500,443.2,100,442.9841,200
32543,0.7799999999999999,0.09,0.69,56.420000000000016,15:01:56,442.62,100,442.76,100,442.67,100
32730,0.6000000000000001,0.14,0.46,30.03,15:04:30,442.62,100,443.0,200,442.8804,200
32755,0.78,0.14,0.64,46.21000000000001,15:04:46,442.4,100,442.91,200,442.5798,200
32834,0.75,0.14,0.61,43.57000000000001,15:05:43,442.7,100,442.88,100,442.8338,200
32929,2.59,1.93,0.66,4.1899999999999995,15:07:04,442.66,100,443.0,500,442.8306,200
33198,0.76,0.18,0.58,32.35,15:10:32,442.58,100,443.0,300,442.7892,200
33243,0.5700000000000001,0.14,0.43,0.0,15:11:00,442.74,100,443.0,300,442.844,100
33298,0.6599999999999999,0.18,0.48,42.43000000000001,15:11:42,442.43,100,442.69,100,442.5207,200
33350,0.94,0.36,0.58,17.970000000000006,15:12:17,442.64,100,442.88,100,442.7917,200
33424,2.9699999999999998,2.36,0.61,6.209999999999999,15:13:06,442.63,300,442.72,100,442.6749,200
33523,0.63,0.27,0.36,16.04,15:14:16,442.56,100,442.73,200,442.6458,200
33525,2.7800000000000002,2.29,0.49,19.57,15:14:19,442.4,100,442.64,200,442.5902,100
33549,0.43,0.07,0.36,31.85000000000001,15:14:31,442.4,100,442.61,100,442.57,100
33568,0.6,0.18,0.42,42.19000000000001,15:14:42,442.4,100,442.61,100,442.505,100
33702,3.4099999999999997,2.76,0.65,7.58,15:16:07,442.68,100,442.76,100,442.7149,200
33777,0.5800000000000001,0.07,0.51,3.81,15:17:03,442.69,100,442.88,200,442.77,100
33832,0.42000000000000004,0.09,0.33,44.03000000000001,15:17:44,442.56,100,442.88,300,442.7197,200
33957,0.6499999999999999,0.18,0.47,10.44,15:19:10,442.72,100,442.91,100,442.8241,100
34073,0.6,0.19,0.41,22.209999999999997,15:20:22,442.74,100,442.96,600,442.835,200
34371,0.6100000000000001,0.07,0.54,0.0,15:24:00,442.72,500,442.85,300,442.7201,250
34666,0.6,0.15,0.45,32.0,15:27:32,442.76,300,443.07,100,442.9135,151
34684,0.62,0.14,0.48,44.22000000000001,15:27:44,442.91,200,443.14,100,443.0247,139
34687,0.7699999999999999,0.08,0.69,46.20000000000002,15:27:46,442.91,100,443.14,100,443.025,1500
34693,0.6000000000000001,0.2,0.4,50.230000000000025,15:27:50,442.95,100,443.14,100,443.075,100
34719,0.5800000000000001,0.14,0.44,0.0,15:28:00,443.03,200,443.35,100,443.08099999999996,100
34945,1.59,1.09,0.5,2.18,15:31:02,442.74,100,442.88,300,442.8107,152
35255,0.43,0.08,0.35,41.390000000000015,15:34:41,442.56,100,442.76,100,442.665,200
35479,0.75,0.14,0.61,0.0,15:37:00,442.38,100,442.62,100,442.44,100
35482,0.45,0.12,0.33,1.8499999999999999,15:37:01,442.42,100,442.61,100,442.5988,100
35815,3.1799999999999997,2.59,0.59,0.0,15:41:00,442.2,100,442.29,100,442.29,100
36112,0.61,0.18,0.43,14.169999999999998,15:44:14,442.0,100,442.34,200,442.17,100
36262,0.7799999999999999,0.21,0.57,0.0,15:46:00,442.11,200,442.32,100,442.16,100
36289,0.5900000000000001,0.07,0.52,18.220000000000002,15:46:18,442.12,100,442.32,100,442.14,100
36322,0.62,0.08,0.54,42.16999999999999,15:46:42,442.11,300,442.32,100,442.1108,100
36427,0.6,0.23,0.37,0.0,15:48:00,442.28,100,442.74,100,442.43,100
36553,0.59,0.17,0.42,29.669999999999998,15:49:29,442.38,200,442.74,100,442.39,100
36674,2.0100000000000002,1.35,0.66,0.0,15:51:00,442.83,100,443.0,100,442.875,100
36712,0.8,0.2,0.6,28.780000000000005,15:51:28,443.0,400,443.2,100,443.1317,124
36906,1.9700000000000002,1.34,0.63,0.0,15:54:00,443.15,100,443.3,400,443.225,100
36914,0.61,0.08,0.53,5.03,15:54:05,443.24,100,443.42,100,443.3722,180
36956,0.95,0.07,0.88,32.0,15:54:32,443.15,100,443.42,500,443.2502,100
37072,0.44,0.13,0.31,13.84,15:56:13,443.11,100,443.13,100,443.12,100
37163,1.01,0.22,0.79,23.030000000000005,15:57:23,443.07,100,443.16,100,443.115,100
37192,1.8399999999999999,1.27,0.57,15.580000000000002,15:59:15,442.76,200,442.86,300,442.82099999999997,100
