,Total Delay,Request Delay,Saving Delay,Arrival Time,Time,Bid,Bid Size,Ask,Ask Size,Last Price,Last Size
0,0.6499999999999999,0.3,0.35,0.6499999999999999,09:30:00,63.28,200,63.37,400,63.367,100
6,0.28,0.08,0.2,2.6000000000000005,09:30:02,63.28,300,63.37,300,63.3692,100
16,0.32,0.08,0.24,6.53,09:30:06,63.28,200,63.36,400,63.28,100
28,0.5800000000000001,0.27,0.31,10.940000000000001,09:30:10,63.28,300,63.36,300,63.32,100
37,0.44,0.21,0.23,14.589999999999998,09:30:14,63.24,600,63.3,200,63.24,100
110,0.5,0.28,0.22,10.17,09:31:10,63.2,200,63.26,100,63.2,100
127,0.6000000000000001,0.27,0.33,16.150000000000002,09:31:16,63.22,200,63.27,400,63.22,300
163,0.43,0.24,0.19,30.230000000000008,09:31:30,63.18,200,63.23,200,63.18,200
197,2.11,1.93,0.18,2.9299999999999997,09:32:02,63.18,300,63.23,1000,63.19,100
209,1.96,1.75,0.21,16.53,09:32:16,63.23,200,63.28,500,63.205,100
258,0.39,0.22,0.17,32.28999999999999,09:32:32,63.15,300,63.18,200,63.15,100
264,0.24000000000000002,0.07,0.17,34.23999999999999,09:32:34,63.13,100,63.17,200,63.14,200
276,0.24000000000000002,0.07,0.17,38.11999999999998,09:32:38,63.1,100,63.14,100,63.13,100
309,0.25,0.07,0.18,48.27,09:32:48,63.1,100,63.13,300,63.1,100
320,0.69,0.28,0.41,52.63,09:32:52,63.07,200,63.1,100,63.09,100
332,0.25,0.07,0.18,56.25000000000001,09:32:56,63.03,200,63.08,100,63.05,100
344,0.36,0.18,0.18,0.0,09:33:00,63.04,200,63.08,100,63.06,100
352,0.35,0.18,0.17,6.029999999999999,09:33:06,63.04,200,63.08,200,63.04,200
354,2.19,1.96,0.23,8.799999999999999,09:33:08,62.99,100,63.03,200,62.99,200
365,0.42000000000000004,0.23,0.19,16.189999999999998,09:33:16,62.98,100,63.03,200,62.98,100
381,0.41000000000000003,0.22,0.19,22.130000000000003,09:33:22,62.99,100,63.07,100,63.03,200
399,0.38,0.21,0.17,28.180000000000003,09:33:28,63.0,100,63.1,300,63.035,100
440,0.45,0.25,0.2,42.420000000000016,09:33:42,63.05,100,63.1,400,63.08,100
522,0.33,0.07,0.26,16.43,09:34:16,63.0,100,63.04,100,63.01,100
540,0.35,0.13,0.22,23.9,09:34:23,62.98,200,63.02,100,63.0,100
546,0.45,0.2,0.25,26.039999999999996,09:34:26,63.0,100,63.04,100,63.02,100
609,0.49,0.2,0.29,50.55,09:34:50,62.96,200,62.98,300,62.97,100
614,0.38,0.08,0.3,0.0,09:35:00,62.94,200,62.98,400,62.94,200
618,0.34,0.07,0.27,5.17,09:35:05,62.92,100,62.95,200,62.93,100
622,3.44,3.13,0.31,9.790000000000001,09:35:09,62.9,1300,62.95,300,62.91,100
632,0.29000000000000004,0.07,0.22,18.68,09:35:18,62.93,200,62.95,200,62.95,100
795,0.33,0.1,0.23,14.499999999999998,09:36:14,62.99,200,63.06,100,63.025,100
818,0.32,0.14,0.18,24.539999999999992,09:36:24,63.02,200,63.09,100,63.055,100
889,0.67,0.21,0.46,8.29,09:37:08,63.1,200,63.14,100,63.1175,100
905,0.42000000000000004,0.1,0.32,20.169999999999998,09:37:20,63.16,100,63.18,100,63.17,100
989,0.36,0.07,0.29,56.32999999999998,09:37:56,63.22,200,63.26,300,63.26,100
1011,0.56,0.27,0.29,0.0,09:38:00,63.3,200,63.36,200,63.3,300
1016,4.37,4.13,0.24,6.7,09:38:06,63.29,100,63.35,200,63.29,150
1055,0.55,0.24,0.31,25.96,09:38:25,63.26,200,63.32,100,63.27,100
1075,0.30000000000000004,0.07,0.23,33.59999999999999,09:38:33,63.27,200,63.32,100,63.31,315
1090,0.55,0.22,0.33,39.84999999999998,09:38:39,63.33,100,63.36,200,63.34,100
1104,0.45,0.18,0.27,45.92999999999998,09:38:45,63.34,200,63.36,100,63.35,100
1113,0.51,0.21,0.3,49.889999999999986,09:38:49,63.35,400,63.38,100,63.36,100
1122,0.32999999999999996,0.09,0.24,0.0,09:39:00,63.35,600,63.43,100,63.39,100
1132,0.47,0.23,0.24,4.19,09:39:04,63.36,600,63.45,200,63.45,100
1137,0.31,0.08,0.23,8.25,09:39:08,63.4,300,63.5,200,63.44,100
1202,0.47,0.18,0.29,38.08000000000003,09:39:38,63.48,100,63.52,100,63.49,141
1216,0.49,0.22,0.27,44.52000000000004,09:39:44,63.53,100,63.57,1000,63.55,100
1220,0.29000000000000004,0.07,0.22,45.92000000000004,09:39:45,63.51,200,63.57,100,63.57,100
1266,0.52,0.28,0.24,2.3200000000000003,09:40:02,63.49,100,63.55,200,63.5,100
1308,0.42,0.18,0.24,26.049999999999997,09:40:26,63.46,200,63.54,800,63.53,100
1438,0.28,0.07,0.21,1.27,09:41:01,63.56,100,63.6,100,63.58,100
1463,0.27,0.07,0.2,13.239999999999997,09:41:13,63.56,100,63.62,300,63.565,100
1475,0.3,0.09,0.21,17.2,09:41:17,63.51,100,63.55,200,63.52,179
1476,0.26,0.08,0.18,17.46,09:41:17,63.51,100,63.56,100,63.51,100
1498,0.41000000000000003,0.22,0.19,25.650000000000002,09:41:25,63.46,100,63.5,100,63.48,100
1533,0.41000000000000003,0.17,0.24,39.38000000000001,09:41:39,63.46,200,63.49,200,63.46,100
1560,2.34,2.03,0.31,13.59,09:42:13,63.41,100,63.45,100,63.43,100
1565,2.37,2.09,0.28,17.970000000000002,09:42:17,63.41,100,63.45,200,63.41,100
1577,0.48,0.17,0.31,24.02,09:42:24,63.4,100,63.44,200,63.4,500
1591,0.39,0.08,0.31,29.889999999999993,09:42:29,63.4,200,63.44,300,63.42,100
1694,0.38,0.12,0.26,15.830000000000005,09:43:15,63.31,100,63.34,200,63.325,100
1700,0.31,0.1,0.21,17.930000000000003,09:43:17,63.31,100,63.35,200,63.33,100
1909,0.31,0.11,0.2,45.77,09:44:45,63.36,300,63.4,100,63.3705,100
1916,0.46,0.27,0.19,48.13000000000002,09:44:48,63.36,200,63.41,100,63.38,100
1970,1.2,0.89,0.31,0.0,09:45:00,63.32,200,63.36,200,63.355,100
2046,0.41000000000000003,0.15,0.26,33.059999999999995,09:45:33,63.35,300,63.38,100,63.37,100
2098,0.31,0.08,0.23,2.14,09:46:02,63.35,100,63.38,100,63.365,100
2334,0.6499999999999999,0.24,0.41,25.709999999999994,09:47:25,63.28,200,63.31,200,63.285,100
2405,0.63,0.25,0.38,12.280000000000001,09:48:12,63.27,300,63.3,200,63.275,100
2554,0.4,0.21,0.19,21.66,09:49:21,63.29,400,63.31,100,63.305,100
2853,0.48,0.22,0.26,34.01,09:51:34,63.38,300,63.41,200,63.395,100
2922,0.41000000000000003,0.18,0.23,0.0,09:52:00,63.44,400,63.47,100,63.455,100
2939,2.09,1.8,0.29,8.850000000000001,09:52:08,63.41,300,63.47,100,63.4425,100
2941,3.5,3.25,0.25,12.650000000000002,09:52:12,63.41,300,63.44,300,63.425,100
2992,0.39,0.19,0.2,29.950000000000003,09:52:29,63.43,400,63.48,300,63.4581,100
3018,0.36,0.07,0.29,40.13,09:52:40,63.43,300,63.46,100,63.445,100
3047,0.41000000000000003,0.18,0.23,50.06000000000001,09:52:50,63.43,200,63.44,100,63.435,100
3663,0.28,0.07,0.21,4.12,09:57:04,63.45,200,63.48,200,63.47,100
3693,0.29000000000000004,0.07,0.22,25.860000000000003,09:57:25,63.41,200,63.42,300,63.4105,2000
3941,2.56,2.22,0.34,0.0,09:59:00,63.4,300,63.43,200,63.415,100
4159,0.5,0.24,0.26,1.7200000000000002,10:00:01,63.44,100,63.46,100,63.4598,215
4169,0.32,0.07,0.25,5.85,10:00:05,63.44,300,63.46,200,63.4513,2900
4274,0.25,0.07,0.18,27.54,10:01:27,63.46,300,63.47,400,63.4601,725
4337,0.36,0.19,0.17,47.68000000000003,10:01:47,63.53,200,63.56,100,63.56,100
4342,0.28,0.1,0.18,49.48000000000003,10:01:49,63.53,200,63.56,100,63.54,100
4381,0.76,0.5,0.26,16.99,10:02:16,63.54,300,63.56,100,63.5598,300
4443,0.28,0.08,0.2,38.03,10:02:38,63.52,300,63.55,200,63.535,100
4473,0.25,0.08,0.17,47.97000000000001,10:02:47,63.54,400,63.57,200,63.555,100
4505,0.26,0.07,0.19,0.0,10:03:00,63.58,100,63.6,200,63.59,100
4538,2.86,2.63,0.23,17.950000000000003,10:03:17,63.59,200,63.62,100,63.6,100
4551,0.27,0.07,0.2,22.130000000000003,10:03:22,63.6,200,63.61,100,63.605,200
4632,0.4,0.21,0.19,47.94,10:03:47,63.59,100,63.6,300,63.595,100
4818,0.37,0.17,0.2,13.87,10:05:13,63.45,600,63.48,300,63.468,1800
5141,0.39,0.17,0.22,33.970000000000006,10:07:33,63.31,200,63.34,300,63.3174,200
5646,0.42,0.24,0.18,44.260000000000026,10:13:44,63.47,200,63.49,200,63.4867,362
5651,0.42000000000000004,0.19,0.23,45.940000000000026,10:13:45,63.47,200,63.49,200,63.4784,156
5743,0.4,0.21,0.19,28.109999999999996,10:14:28,63.47,300,63.49,400,63.4701,100
5890,0.29,0.08,0.21,27.899999999999995,10:15:27,63.47,300,63.49,400,63.4899,124
5907,0.37,0.18,0.19,33.849999999999994,10:15:33,63.44,200,63.45,600,63.4401,100
6454,0.43000000000000005,0.17,0.26,11.83,10:20:11,63.41,200,63.42,800,63.4199,500
6521,0.43,0.22,0.21,38.03000000000001,10:20:38,63.4,300,63.41,200,63.4052,234
7095,0.36,0.07,0.29,0.0,10:26:00,63.42,300,63.44,300,63.4201,400
7625,0.39,0.21,0.18,29.820000000000004,10:30:29,63.47,200,63.48,100,63.4789,100
7734,1.0,0.79,0.21,20.400000000000002,10:31:20,63.5,200,63.51,300,63.505,100
7840,0.30000000000000004,0.07,0.23,14.610000000000007,10:33:14,63.49,200,63.5,300,63.495,100
7924,0.44,0.19,0.25,42.920000000000016,10:33:42,63.51,500,63.52,100,63.513000000000005,883
8063,0.6000000000000001,0.07,0.53,58.17,10:34:58,63.47,200,63.48,200,63.475,100
8758,0.76,0.22,0.54,1.99,10:43:01,63.52,200,63.53,400,63.525,300
8868,0.6200000000000001,0.07,0.55,17.76,10:44:17,63.57,100,63.58,400,63.575,100
8930,0.61,0.24,0.37,1.7799999999999998,10:45:01,63.58,200,63.59,500,63.585,100
8952,0.5900000000000001,0.2,0.39,21.38,10:45:21,63.58,300,63.59,400,63.5842,500
9109,0.6100000000000001,0.28,0.33,6.0,10:47:06,63.57,100,63.58,300,63.573,126
9221,0.43,0.07,0.36,28.04,10:48:28,63.48,100,63.49,300,63.485,100
9232,0.43,0.07,0.36,34.230000000000004,10:48:34,63.46,100,63.47,200,63.465,100
9386,2.2,1.55,0.65,0.0,10:50:00,63.37,100,63.38,200,63.3825,100
9588,0.64,0.17,0.47,38.610000000000014,10:52:38,63.44,300,63.45,100,63.4472,1000
9975,0.5800000000000001,0.07,0.51,49.78000000000001,10:58:49,63.5,100,63.51,100,63.50899999999999,100
10125,0.61,0.18,0.43,25.839999999999996,11:00:25,63.5,200,63.51,100,63.507,100
10128,0.75,0.07,0.68,27.779999999999998,11:00:27,63.5,200,63.51,100,63.5092,100
10332,0.6200000000000001,0.28,0.34,6.59,11:05:06,63.56,100,63.57,200,63.5575,400
10342,0.5800000000000001,0.07,0.51,16.36,11:05:16,63.54,400,63.55,200,63.5489,100
10352,0.59,0.23,0.36,26.14000000000001,11:05:26,63.54,200,63.55,600,63.545,100
10407,0.44,0.08,0.36,56.25000000000001,11:05:56,63.54,200,63.55,500,63.5492,100
10645,0.6100000000000001,0.07,0.54,27.050000000000004,11:08:27,63.53,300,63.54,100,63.5325,100
10798,2.79,2.25,0.54,10.41,11:10:10,63.51,100,63.52,400,63.5125,100
10937,0.5900000000000001,0.27,0.32,19.86,11:11:19,63.47,1000,63.48,200,63.4725,100
11050,0.62,0.08,0.54,6.030000000000001,11:13:06,63.45,500,63.46,200,63.4575,100
11255,0.61,0.17,0.44,14.219999999999997,11:17:14,63.42,400,63.43,600,63.4268,200
11504,0.6,0.09,0.51,2.02,11:20:02,63.45,700,63.46,100,63.4599,300
11597,0.6,0.08,0.52,11.759999999999998,11:21:11,63.42,200,63.43,200,63.4265,249
11734,0.82,0.24,0.58,54.42000000000001,11:22:54,63.43,300,63.44,500,63.4399,328
11736,0.6100000000000001,0.07,0.54,0.0,11:23:00,63.43,300,63.44,500,63.4301,142
11831,0.5900000000000001,0.14,0.45,2.0,11:24:02,63.4,1500,63.41,300,63.405,100
11839,3.02,2.48,0.54,15.78,11:24:15,63.4,1500,63.41,200,63.4093,515
11889,0.5900000000000001,0.07,0.52,46.010000000000026,11:24:46,63.38,300,63.39,400,63.385,100
11937,0.61,0.09,0.52,30.049999999999997,11:25:30,63.39,300,63.4,200,63.3975,100
12078,0.64,0.25,0.39,0.0,11:29:00,63.39,400,63.4,600,63.3901,160
12282,0.44,0.07,0.37,0.0,11:32:00,63.34,300,63.36,500,63.3429,615
12337,0.61,0.22,0.39,37.61,11:32:37,63.34,400,63.35,100,63.3499,315
12341,0.61,0.19,0.42,39.809999999999995,11:32:39,63.34,500,63.35,100,63.345,200
12544,0.61,0.19,0.42,36.17,11:34:36,63.36,300,63.37,300,63.3673,500
12607,0.44,0.07,0.37,23.000000000000004,11:36:23,63.35,200,63.37,300,63.3613,100
12780,118.2,117.59,0.61,0.0,11:40:00,63.39,400,63.4,500,63.3949,100
13163,0.39,0.21,0.18,6.870000000000001,11:45:06,63.37,200,63.38,200,63.3793,115
13305,0.24000000000000002,0.07,0.17,16.23,11:46:16,63.38,300,63.39,300,63.3807,101
13327,0.30000000000000004,0.07,0.23,28.099999999999998,11:46:28,63.38,300,63.39,300,63.3846,146
14423,0.35,0.17,0.18,28.049999999999997,11:53:28,63.38,300,63.39,300,63.3801,665
15141,0.26,0.07,0.19,0.0,11:58:00,63.38,700,63.39,500,63.388999999999996,150
15250,0.47,0.23,0.24,34.59,11:58:34,63.4,500,63.41,100,63.407,100
15255,0.45000000000000007,0.17,0.28,0.0,11:59:00,63.39,300,63.41,300,63.4092,100
15631,0.26,0.1,0.16,8.100000000000001,12:01:08,63.39,400,63.4,100,63.397,200
15638,0.25,0.09,0.16,10.25,12:01:10,63.39,400,63.4,100,63.3992,200
16070,0.28,0.07,0.21,15.900000000000002,12:04:15,63.38,300,63.39,500,63.3899,200
16370,0.33999999999999997,0.18,0.16,17.930000000000007,12:06:17,63.37,200,63.38,200,63.3767,293
17282,0.37,0.21,0.16,35.27999999999999,12:11:35,63.37,500,63.38,200,63.371,500
17745,0.5800000000000001,0.27,0.31,46.63000000000002,12:14:46,63.38,200,63.39,300,63.3833,190
17808,0.38,0.14,0.24,29.850000000000005,12:15:29,63.36,2500,63.38,300,63.375,100
21908,0.4,0.21,0.19,22.160000000000004,12:45:22,63.41,100,63.42,500,63.4131,150
22761,0.36,0.17,0.19,0.0,12:51:00,63.35,200,63.36,600,63.354,200
24252,0.36,0.18,0.18,47.30000000000001,13:01:47,63.33,100,63.34,300,63.335,100
24734,0.42000000000000004,0.2,0.22,29.790000000000006,13:04:29,63.27,200,63.29,1000,63.2787,200
24763,3.11,2.9,0.21,0.0,13:05:00,63.26,300,63.27,200,63.2699,115
24768,3.53,3.36,0.17,6.81,13:05:06,63.2,200,63.22,400,63.25,100
24770,0.35,0.19,0.16,7.539999999999999,13:05:07,63.2,900,63.22,400,63.21,100
24942,3.78,3.59,0.19,0.0,13:09:00,63.23,200,63.25,200,63.23,100
25109,0.28,0.07,0.21,9.909999999999998,13:10:09,63.22,100,63.23,300,63.225,100
25343,0.8099999999999999,0.21,0.6,7.58,13:12:07,63.16,200,63.17,100,63.16,100
25344,0.47000000000000003,0.08,0.39,8.05,13:12:08,63.16,200,63.17,100,63.165,100
25558,3.7600000000000002,3.33,0.43,5.54,13:14:05,63.21,500,63.22,100,63.215,100
25956,0.5900000000000001,0.19,0.4,31.98000000000001,13:18:31,63.19,400,63.2,300,63.195,100
25993,0.41000000000000003,0.07,0.34,1.81,13:19:01,63.18,400,63.19,100,63.185,100
26459,0.8099999999999999,0.24,0.57,22.210000000000004,13:24:22,63.21,100,63.22,500,63.2195,654
26508,1.4,0.22,1.18,9.57,13:25:09,63.2,200,63.21,400,63.2125,100
26652,1.4,0.23,1.17,2.5999999999999996,13:28:02,63.22,500,63.24,400,63.2312,725
26826,1.41,0.18,1.23,53.400000000000006,13:31:53,63.24,300,63.25,300,63.245,100
26836,1.21,0.07,1.14,8.58,13:32:08,63.26,300,63.27,300,63.2625,100
26982,1.57,0.24,1.33,27.580000000000005,13:35:27,63.25,200,63.26,400,63.255,100
27052,0.99,0.2,0.79,53.38999999999999,13:36:53,63.26,600,63.28,300,63.265,100
27109,1.37,0.07,1.3,0.0,13:38:00,63.22,300,63.23,400,63.223,105
27157,3.77,2.93,0.84,3.77,13:39:03,63.23,700,63.24,600,63.2338,108
27211,54.8,53.89,0.91,0.0,13:41:00,63.21,200,63.23,500,63.2173,176
27406,1.22,0.08,1.14,4.2299999999999995,13:45:04,63.2,400,63.21,400,63.2043,400
27460,1.3900000000000001,0.14,1.25,0.0,13:46:00,63.15,300,63.16,500,63.155,100
27490,1.21,0.14,1.07,40.419999999999995,13:46:40,63.12,400,63.14,500,63.12,100
27499,1.5799999999999998,0.18,1.4,0.0,13:47:00,63.13,200,63.14,500,63.138000000000005,100
27561,2.6,1.57,1.03,10.6,13:48:10,63.13,200,63.14,500,63.135,100
27566,1.19,0.33,0.86,16.2,13:48:16,63.1,1600,63.11,100,63.11,100
27608,1.01,0.17,0.84,6.79,13:49:06,63.11,400,63.12,100,63.115,100
27703,1.03,0.07,0.96,51.62999999999999,13:50:51,63.1,1400,63.11,800,63.105,100
27712,1.5799999999999998,0.43,1.15,2.8,13:51:02,63.1,1400,63.11,800,63.1031,287
27713,1.22,0.07,1.15,4.02,13:51:04,63.06,400,63.07,300,63.07,100
27727,1.1900000000000002,0.07,1.12,24.759999999999998,13:51:24,63.05,300,63.06,300,63.058,128
27728,1.21,0.07,1.14,25.97,13:51:25,63.06,300,63.07,600,63.065,100
27730,1.39,0.24,1.15,28.38,13:51:28,63.06,400,63.07,600,63.0623,120
27756,1.18,0.2,0.98,0.0,13:52:00,63.05,500,63.06,400,63.051,200
27813,1.02,0.24,0.78,0.0,13:53:00,63.07,400,63.08,200,63.0575,100
27816,1.01,0.18,0.83,3.1900000000000004,13:53:03,63.05,600,63.06,100,63.0599,215
28017,0.8099999999999999,0.08,0.73,46.39999999999999,13:56:46,63.04,400,63.05,500,63.045,100
28083,3.0,2.35,0.65,0.0,13:58:00,63.01,300,63.02,200,63.015,100
28093,1.4200000000000002,0.07,1.35,17.62,13:58:17,63.01,500,63.02,300,63.0199,215
28149,1.19,0.13,1.06,30.370000000000008,13:59:30,63.0,400,63.01,200,62.995,100
28152,1.1800000000000002,0.07,1.11,33.77000000000001,13:59:33,62.99,300,63.0,500,63.005,202
28276,1.39,0.2,1.19,0.0,14:02:00,63.07,200,63.08,400,63.075,100
28316,0.99,0.07,0.92,48.16999999999998,14:02:48,63.07,300,63.08,400,63.085,100
28342,1.21,0.24,0.97,24.040000000000003,14:03:24,63.07,300,63.08,200,63.071000000000005,500
28453,1.2000000000000002,0.09,1.11,35.59,14:05:35,63.12,500,63.13,300,63.125,100
28465,1.3699999999999999,0.23,1.14,50.17,14:05:50,63.14,400,63.15,100,63.145,100
28509,1.02,0.07,0.95,50.010000000000005,14:06:50,63.17,500,63.18,100,63.175,100
28639,1.23,0.4,0.83,19.820000000000004,14:09:19,63.22,500,63.23,200,63.2295,217
28774,0.98,0.07,0.91,0.0,14:12:00,63.17,200,63.18,100,63.1705,470
28847,2.79,1.98,0.81,2.79,14:13:02,63.18,700,63.19,300,63.181000000000004,100
29250,0.78,0.18,0.6,24.380000000000006,14:20:24,63.17,800,63.18,700,63.178000000000004,600
29601,0.78,0.35,0.43,7.760000000000001,14:24:07,63.15,500,63.16,500,63.1544,600
30079,0.6000000000000001,0.07,0.53,32.21000000000001,14:29:32,63.09,300,63.1,100,63.095,300
30214,0.6,0.09,0.51,4.04,14:31:04,63.1,400,63.11,200,63.1034,600
31269,1.6400000000000001,1.29,0.35,0.0,14:46:00,63.04,200,63.05,500,63.0475,100
31550,0.61,0.09,0.52,17.409999999999997,14:49:17,63.04,200,63.05,400,63.041000000000004,100
31757,0.62,0.17,0.45,0.0,14:52:00,63.03,700,63.04,400,63.0346,298
32950,0.7799999999999999,0.21,0.57,28.02,15:07:28,63.06,500,63.07,300,63.0627,102
32953,0.77,0.07,0.7,30.389999999999997,15:07:30,63.06,500,63.07,300,63.0671,119
33278,0.64,0.19,0.45,0.0,15:11:00,63.04,1200,63.05,1400,63.0437,785
33624,0.59,0.21,0.38,24.810000000000002,15:15:24,63.02,700,63.03,400,63.0244,800
33689,0.43,0.07,0.36,0.0,15:16:00,63.03,600,63.04,500,63.038999999999994,301
33894,0.44,0.13,0.31,23.22,15:18:23,62.96,200,62.97,800,62.96,100
33954,3.53,2.8,0.73,13.959999999999999,15:19:13,62.95,1600,62.96,1200,62.955,100
34021,0.43,0.07,0.36,0.0,15:20:00,62.92,400,62.93,1000,62.925,100
34041,1.41,0.94,0.47,15.99,15:20:15,62.94,400,62.95,1000,62.945,100
34060,0.6000000000000001,0.07,0.53,29.979999999999993,15:20:29,62.95,600,62.96,300,62.9525,100
34118,0.6000000000000001,0.07,0.53,0.6000000000000001,15:21:00,62.93,500,62.94,1400,62.935,200
34233,0.64,0.21,0.43,25.989999999999995,15:22:25,63.0,1000,63.01,300,63.0101,100
34399,0.62,0.18,0.44,23.820000000000004,15:24:23,63.05,700,63.06,200,63.0516,356
34491,0.6100000000000001,0.07,0.54,34.37,15:25:34,63.04,400,63.05,700,63.042,300
34916,0.6399999999999999,0.07,0.57,26.79,15:30:26,63.0,700,63.01,500,63.0046,200
34948,0.76,0.1,0.66,5.77,15:31:05,63.0,1000,63.01,500,63.0099,100
35230,0.59,0.08,0.51,25.810000000000006,15:34:25,62.96,200,62.97,900,62.965,100
35262,0.44,0.07,0.37,45.430000000000014,15:34:45,62.97,200,62.98,500,62.975,100
35351,0.63,0.19,0.44,41.660000000000004,15:35:41,62.98,100,62.99,800,62.985,100
35508,0.6000000000000001,0.07,0.53,16.790000000000003,15:37:16,62.98,500,62.99,800,62.981,115
35599,0.45,0.08,0.37,28.22,15:38:28,63.0,800,63.01,500,63.0005,500
35748,0.8,0.33,0.47,23.46,15:40:23,63.03,1000,63.04,800,63.0301,275
35907,0.76,0.08,0.68,13.6,15:42:13,62.99,700,63.0,1300,62.9901,335
35970,0.6000000000000001,0.28,0.32,0.0,15:43:00,63.01,1300,63.02,1100,63.016999999999996,400
36025,0.6200000000000001,0.28,0.34,34.19,15:43:34,63.03,1300,63.04,700,63.0389,200
36032,0.44,0.07,0.37,38.00999999999999,15:43:38,63.03,1300,63.04,700,63.0393,1200
36043,0.43999999999999995,0.09,0.35,43.999999999999986,15:43:43,63.04,1200,63.05,900,63.047,100
36047,0.6,0.18,0.42,46.379999999999995,15:43:46,63.04,1200,63.05,1000,63.0492,100
36051,0.44,0.08,0.36,48.41,15:43:48,63.04,1400,63.05,800,63.0489,100
36650,0.77,0.18,0.59,51.80000000000002,15:50:51,63.09,500,63.1,600,63.0946,275
37153,0.6200000000000001,0.07,0.55,14.23,15:57:14,63.1,2500,63.11,6100,63.1025,100
37264,0.65,0.23,0.42,63.970000000000034,16:00:03,63.11,2200,63.12,10500,63.1154,160
