,Total Delay,Request Delay,Saving Delay,Arrival Time,Time,Bid,Bid Size,Ask,Ask Size,Last Price,Last Size
0,0.6499999999999999,0.3,0.35,0.6499999999999999,09:30:00,56.03,900,56.09,900,56.09,100
16,0.32,0.08,0.24,6.53,09:30:06,56.08,100,56.12,100,56.12,200
51,0.4,0.18,0.22,2.33,09:31:02,56.05,100,56.12,500,56.11,100
69,0.42,0.21,0.21,12.38,09:31:12,56.07,100,56.12,700,56.08,100
77,1.79,1.43,0.36,19.189999999999998,09:31:19,56.06,300,56.11,400,56.07,100
81,0.43000000000000005,0.17,0.26,22.41,09:31:22,56.04,300,56.1,600,56.058,125
110,0.5,0.28,0.22,32.580000000000005,09:31:32,56.04,300,56.1,600,56.1,100
122,0.32,0.12,0.2,36.45000000000001,09:31:36,56.07,200,56.1,200,56.085,100
200,2.27,2.05,0.22,8.01,09:32:08,56.1,300,56.11,400,56.105,100
201,4.77,4.56,0.21,12.78,09:32:12,56.1,400,56.11,400,56.1038,1000
214,0.33999999999999997,0.18,0.16,20.189999999999998,09:32:20,56.13,100,56.14,200,56.13,100
323,0.47,0.22,0.25,56.059999999999995,09:32:56,56.15,800,56.16,200,56.15,191
325,0.25,0.07,0.18,56.56999999999999,09:32:56,56.16,400,56.17,400,56.17,100
332,0.25,0.07,0.18,58.52,09:32:58,56.16,400,56.17,300,56.165,100
344,0.36,0.18,0.18,3.77,09:33:03,56.17,200,56.19,100,56.18,100
350,3.75,3.46,0.29,9.190000000000001,09:33:09,56.18,200,56.19,200,56.19,100
359,0.35,0.18,0.17,15.84,09:33:15,56.17,700,56.19,200,56.1701,1100
375,0.32,0.15,0.17,23.920000000000005,09:33:23,56.2,200,56.21,400,56.2,100
452,0.26,0.07,0.19,49.95000000000001,09:33:49,56.18,700,56.2,900,56.1926,1000
508,1.78,1.57,0.21,11.239999999999998,09:34:11,56.16,500,56.18,300,56.16,130
599,0.44,0.21,0.23,54.03999999999999,09:34:54,56.16,400,56.17,200,56.175,100
600,0.35000000000000003,0.08,0.27,54.38999999999999,09:34:54,56.16,400,56.17,100,56.1601,200
625,2.72,2.35,0.37,14.980000000000002,09:35:14,56.1,200,56.11,200,56.1099,300
668,0.26,0.07,0.19,32.669999999999995,09:35:32,56.06,300,56.07,200,56.06,100
674,0.44999999999999996,0.21,0.24,34.75,09:35:34,56.04,200,56.05,200,56.0449,400
695,0.6200000000000001,0.28,0.34,42.92,09:35:42,56.02,200,56.03,100,56.03,100
701,0.26,0.08,0.18,44.800000000000004,09:35:44,56.03,400,56.04,200,56.04,800
727,0.38,0.21,0.17,53.05000000000001,09:35:53,56.03,400,56.04,300,56.0343,100
751,0.4,0.23,0.17,0.0,09:36:00,56.01,300,56.02,100,56.02,200
759,0.38,0.21,0.17,2.25,09:36:02,56.01,400,56.02,400,56.01,100
785,0.42,0.21,0.21,22.46,09:36:22,56.07,200,56.08,100,56.075,100
846,0.75,0.21,0.54,48.57999999999999,09:36:48,56.08,200,56.09,300,56.0825,100
926,0.53,0.1,0.43,30.270000000000003,09:37:30,56.14,200,56.15,100,56.14,100
984,0.41,0.12,0.29,54.059999999999974,09:37:54,56.16,400,56.18,1900,56.1699,4000
989,0.36,0.07,0.29,56.32999999999998,09:37:56,56.16,400,56.18,1900,56.1688,100
1023,0.39,0.11,0.28,13.91,09:38:13,56.16,200,56.17,500,56.1605,1288
1028,0.34,0.08,0.26,15.91,09:38:15,56.15,400,56.16,100,56.155,100
1080,0.46,0.23,0.23,40.2,09:38:40,56.17,200,56.18,2000,56.177,1500
1132,0.47,0.23,0.24,2.16,09:39:02,56.19,500,56.2,700,56.1944,250
1137,0.31,0.08,0.23,6.22,09:39:06,56.21,600,56.22,500,56.22,100
1166,0.45,0.13,0.32,22.350000000000005,09:39:22,56.21,800,56.23,300,56.23,100
1193,0.44999999999999996,0.15,0.3,32.28000000000001,09:39:32,56.23,400,56.25,800,56.248999999999995,164
1202,0.47,0.18,0.29,36.05000000000002,09:39:36,56.22,300,56.23,500,56.2299,100
1216,0.49,0.22,0.27,42.49000000000003,09:39:42,56.24,200,56.25,800,56.24,100
1220,0.29000000000000004,0.07,0.22,43.89000000000003,09:39:43,56.26,400,56.27,100,56.25,100
1226,0.27,0.08,0.19,46.11000000000003,09:39:46,56.27,300,56.28,100,56.278,100
1231,0.29,0.08,0.21,47.83000000000003,09:39:47,56.28,200,56.29,900,56.28,100
1232,0.28,0.07,0.21,48.11000000000003,09:39:48,56.28,200,56.29,900,56.285,100
1238,0.38,0.19,0.19,50.17000000000003,09:39:50,56.28,300,56.29,900,56.29,100
1272,0.46,0.23,0.23,3.89,09:40:03,56.28,100,56.29,500,56.2847,300
1294,4.24,3.94,0.3,18.810000000000002,09:40:18,56.24,200,56.25,800,56.2458,1000
1295,0.29000000000000004,0.07,0.22,19.1,09:40:19,56.23,100,56.24,600,56.235,100
1357,0.29,0.08,0.21,41.789999999999985,09:40:41,56.23,200,56.24,300,56.238,1000
1407,1.19,0.95,0.24,4.7,09:41:04,56.22,200,56.23,500,56.2266,500
1424,0.27,0.08,0.19,10.799999999999999,09:41:10,56.22,100,56.23,300,56.225,100
1469,0.56,0.23,0.33,31.91,09:41:31,56.22,200,56.23,200,56.2263,1000
1577,0.48,0.17,0.31,20.249999999999996,09:42:20,56.21,400,56.22,300,56.21,100
1586,0.48,0.19,0.29,24.00999999999999,09:42:24,56.19,300,56.2,100,56.195,200
1680,0.45,0.2,0.25,0.0,09:43:00,56.21,300,56.22,100,56.215,200
1720,0.54,0.23,0.31,19.99,09:43:19,56.18,400,56.19,600,56.1871,250
1741,0.4,0.08,0.32,28.139999999999997,09:43:28,56.19,100,56.2,300,56.185,200
1862,0.47000000000000003,0.2,0.27,21.629999999999995,09:44:21,56.21,700,56.22,500,56.2089,400
1916,0.46,0.27,0.19,42.00000000000002,09:44:42,56.23,200,56.24,700,56.2358,1000
1972,1.42,1.15,0.27,12.809999999999999,09:45:12,56.22,400,56.23,500,56.229,200
1973,1.24,0.86,0.38,14.049999999999999,09:45:14,56.22,400,56.23,500,56.2257,300
2009,0.43,0.21,0.22,29.87000000000001,09:45:29,56.24,400,56.25,300,56.245,100
2036,0.5,0.21,0.29,40.23000000000001,09:45:40,56.24,400,56.25,700,56.2485,134
2103,0.44999999999999996,0.21,0.24,7.869999999999998,09:46:07,56.26,100,56.27,500,56.26,100
2107,2.08,1.85,0.23,11.12,09:46:11,56.26,400,56.27,100,56.27,100
2145,0.32,0.14,0.18,31.740000000000006,09:46:31,56.28,200,56.29,1100,56.2865,125
2191,0.27,0.08,0.19,47.91000000000003,09:46:47,56.27,600,56.28,1200,56.275,100
2273,0.37,0.2,0.17,21.459999999999994,09:47:21,56.27,900,56.28,1000,56.2759,1000
2309,0.32999999999999996,0.09,0.24,35.969999999999985,09:47:35,56.29,800,56.3,6300,56.3,100
2321,0.4,0.2,0.2,39.60999999999999,09:47:39,56.34,1400,56.35,800,56.34,100
2328,0.3,0.09,0.21,41.62999999999999,09:47:41,56.34,300,56.35,800,56.35,100
2358,0.36000000000000004,0.08,0.28,53.899999999999984,09:47:53,56.32,500,56.33,1000,56.335,300
2373,0.39,0.2,0.19,0.0,09:48:00,56.32,600,56.33,300,56.325,1700
2403,0.31,0.07,0.24,11.770000000000001,09:48:11,56.32,800,56.33,500,56.3299,500
2453,0.43000000000000005,0.23,0.2,34.01,09:48:34,56.32,900,56.33,900,56.33,190
2496,0.41000000000000003,0.21,0.2,49.73,09:48:49,56.32,1400,56.33,1400,56.3242,1000
2514,0.49,0.27,0.22,55.850000000000016,09:48:55,56.32,1500,56.33,1500,56.3211,228
2538,0.37,0.08,0.29,4.159999999999999,09:49:04,56.31,600,56.32,300,56.32,100
2544,0.45,0.18,0.27,10.529999999999998,09:49:10,56.31,500,56.32,700,56.315,500
2547,0.38,0.18,0.2,12.04,09:49:12,56.3,400,56.31,600,56.31,100
2550,2.28,1.94,0.34,18.669999999999998,09:49:18,56.29,600,56.3,400,56.291000000000004,404
2554,0.4,0.21,0.19,19.979999999999997,09:49:19,56.29,600,56.3,400,56.295,200
2633,0.32,0.08,0.24,51.97000000000003,09:49:51,56.28,700,56.29,600,56.2856,100
2706,0.30000000000000004,0.07,0.23,30.060000000000002,09:50:30,56.29,400,56.3,1000,56.297,110
2848,0.33999999999999997,0.09,0.25,34.190000000000005,09:51:34,56.26,500,56.27,500,56.269,460
3018,0.36,0.07,0.29,42.25,09:52:42,56.24,700,56.25,600,56.2454,178
3047,0.41000000000000003,0.18,0.23,52.18000000000001,09:52:52,56.24,800,56.25,800,56.2499,130
3140,0.34,0.17,0.17,29.570000000000004,09:53:29,56.28,500,56.29,700,56.288999999999994,600
3287,0.24000000000000002,0.07,0.17,31.73,09:54:31,56.31,1500,56.32,400,56.3153,300
3434,0.39,0.19,0.2,30.509999999999994,09:55:30,56.34,1900,56.35,2000,56.345,100
3453,0.38,0.08,0.3,37.94,09:55:37,56.34,1900,56.35,2000,56.3425,111
3489,0.43000000000000005,0.23,0.2,52.110000000000014,09:55:52,56.34,1900,56.35,2000,56.3469,300
3513,0.42000000000000004,0.23,0.19,0.0,09:56:00,56.34,2000,56.35,2000,56.3447,200
3526,2.38,2.05,0.33,8.17,09:56:08,56.34,2000,56.35,2000,56.3435,100
3581,0.48000000000000004,0.2,0.28,34.329999999999984,09:56:34,56.34,2500,56.35,2100,56.3433,150
3640,0.31,0.13,0.18,53.92999999999999,09:56:53,56.34,1900,56.35,3700,56.349,150
3718,0.37,0.17,0.2,34.21,09:57:34,56.34,3100,56.35,3000,56.3462,200
3828,0.25,0.08,0.17,20.169999999999998,09:58:20,56.34,3200,56.35,2400,56.3454,178
3851,0.25,0.07,0.18,27.870000000000008,09:58:27,56.38,2800,56.39,5000,56.39,100
3858,0.35,0.16,0.19,30.02000000000001,09:58:30,56.42,1000,56.43,500,56.415,100
3863,0.43,0.19,0.24,31.75000000000001,09:58:31,56.42,1000,56.43,500,56.42,200
3869,0.37,0.17,0.2,34.03,09:58:34,56.39,1100,56.4,1200,56.4,100
3879,0.32,0.09,0.23,37.900000000000006,09:58:37,56.35,300,56.36,900,56.36,100
3908,0.3,0.09,0.21,48.07,09:58:48,56.34,1100,56.35,300,56.3427,100
4054,0.44,0.18,0.26,48.110000000000014,09:59:48,56.3,300,56.31,400,56.305,200
4083,0.43,0.21,0.22,58.35,09:59:58,56.28,200,56.29,700,56.2811,650
4155,0.48,0.17,0.31,36.28,10:00:36,56.28,500,56.29,700,56.2864,100
4183,0.42,0.07,0.35,48.11999999999998,10:00:48,56.28,600,56.29,500,56.281000000000006,3000
4371,1.8699999999999999,1.65,0.22,7.380000000000001,10:02:07,56.29,600,56.3,600,56.2942,200
4569,0.28,0.07,0.21,31.81000000000001,10:03:31,56.29,200,56.3,600,56.292,105
4602,0.4,0.23,0.17,41.910000000000004,10:03:41,56.29,300,56.3,700,56.2901,300
4668,0.32,0.08,0.24,0.0,10:04:00,56.28,400,56.29,500,56.2806,500
4683,2.75,2.41,0.34,15.399999999999997,10:04:15,56.28,400,56.29,700,56.2875,150
4691,0.26,0.07,0.19,17.909999999999997,10:04:17,56.28,300,56.29,800,56.2836,1000
4803,0.44,0.22,0.22,5.210000000000002,10:05:05,56.27,400,56.28,400,56.2733,100
4862,0.39,0.21,0.18,32.99999999999999,10:05:32,56.28,900,56.29,300,56.287,150
4916,0.26,0.07,0.19,52.92999999999996,10:05:52,56.29,700,56.3,600,56.2951,100
4939,1.7,1.53,0.17,5.970000000000001,10:06:05,56.31,800,56.32,800,56.3149,100
5099,0.33999999999999997,0.18,0.16,19.340000000000003,10:07:19,56.33,500,56.34,500,56.3358,280
5168,0.37,0.18,0.19,43.660000000000004,10:07:43,56.33,600,56.34,600,56.3344,100
5268,0.27,0.08,0.19,22.05,10:08:22,56.33,500,56.34,400,56.3349,134
5349,0.30000000000000004,0.07,0.23,52.08000000000001,10:08:52,56.33,600,56.34,500,56.3335,433
5420,0.27,0.07,0.2,18.849999999999998,10:09:18,56.33,700,56.34,800,56.331,150
5463,0.26,0.1,0.16,0.26,10:12:00,56.31,900,56.32,400,56.3138,2148
5603,0.28,0.07,0.21,26.090000000000003,10:13:26,56.33,900,56.34,700,56.3327,300
5608,0.47,0.23,0.24,28.04,10:13:28,56.33,1400,56.34,700,56.339,100
5646,0.42,0.24,0.18,42.21000000000002,10:13:42,56.33,1300,56.34,700,56.3329,250
5890,0.29,0.08,0.21,27.899999999999995,10:15:27,56.3,1000,56.31,400,56.3044,150
5907,0.37,0.18,0.19,33.849999999999994,10:15:33,56.3,500,56.31,600,56.3017,100
5914,0.44,0.21,0.23,35.989999999999995,10:15:35,56.3,500,56.31,600,56.3053,700
5983,0.25,0.07,0.18,55.680000000000035,10:15:55,56.3,800,56.31,600,56.3034,100
6026,1.61,1.35,0.26,16.87,10:16:16,56.28,200,56.29,800,56.2885,150
6093,0.33999999999999997,0.13,0.21,39.95000000000002,10:16:39,56.24,700,56.25,200,56.2429,100
6111,0.36,0.17,0.19,45.920000000000016,10:16:45,56.24,500,56.25,400,56.2445,1500
6159,2.81,2.47,0.34,2.81,10:17:02,56.22,500,56.23,500,56.2242,150
6171,2.12,1.85,0.27,11.530000000000001,10:17:11,56.22,400,56.23,600,56.2235,150
6181,0.38,0.08,0.3,15.370000000000003,10:17:15,56.22,400,56.23,600,56.2233,200
6345,0.39,0.17,0.22,10.23,10:19:10,56.22,600,56.23,400,56.2277,150
6439,0.28,0.07,0.21,5.01,10:20:05,56.22,400,56.23,400,56.2217,600
6547,0.34,0.07,0.27,4.069999999999999,10:21:04,56.23,400,56.24,500,56.2336,300
6573,0.47,0.1,0.37,18.409999999999993,10:21:18,56.24,200,56.25,1300,56.2525,100
6651,0.45,0.18,0.27,28.000000000000007,10:22:28,56.24,100,56.25,900,56.2453,200
6674,0.7,0.24,0.46,40.590000000000025,10:22:40,56.21,600,56.22,200,56.2199,1000
6714,0.33999999999999997,0.09,0.25,57.90000000000002,10:22:57,56.21,700,56.22,700,56.2185,120
6844,0.28,0.07,0.21,52.91000000000002,10:23:52,56.21,600,56.22,1600,56.211000000000006,215
6965,0.91,0.27,0.64,0.0,10:25:00,56.16,400,56.17,400,56.1667,275
6978,0.39,0.12,0.27,11.619999999999997,10:25:11,56.17,800,56.18,500,56.1733,200
7009,0.37,0.08,0.29,27.849999999999998,10:25:27,56.17,700,56.18,500,56.1738,103
7062,0.69,0.27,0.42,51.79999999999996,10:25:51,56.12,600,56.13,600,56.1293,100
7108,0.39,0.11,0.28,22.15,10:26:22,56.13,600,56.14,1000,56.1305,100
7127,0.48,0.21,0.27,29.960000000000008,10:26:29,56.15,500,56.16,500,56.135,100
7137,0.33,0.08,0.25,33.800000000000004,10:26:33,56.13,800,56.14,500,56.1351,200
7142,0.32,0.07,0.25,35.790000000000006,10:26:35,56.13,900,56.14,600,56.1338,103
7170,0.49,0.17,0.32,49.85,10:26:49,56.13,700,56.14,700,56.1333,356
7174,0.48,0.18,0.3,51.93,10:26:51,56.13,600,56.14,700,56.1332,100
7222,0.4,0.2,0.2,12.930000000000003,10:27:12,56.12,700,56.13,300,56.1299,400
7252,0.4,0.18,0.22,24.950000000000003,10:27:24,56.13,100,56.14,700,56.1331,100
7288,0.26,0.07,0.19,10.7,10:28:10,56.12,1500,56.14,1700,56.125,100
7324,0.43000000000000005,0.2,0.23,23.81,10:28:23,56.12,400,56.13,500,56.1246,100
7434,0.39,0.21,0.18,9.930000000000001,10:29:09,56.15,400,56.16,500,56.145,215
7459,0.25,0.08,0.17,22.200000000000003,10:29:22,56.15,1400,56.16,400,56.1524,125
7472,0.34,0.07,0.27,26.070000000000007,10:29:26,56.15,1200,56.16,400,56.1501,100
7522,0.26,0.07,0.19,43.840000000000025,10:29:43,56.12,100,56.13,1300,56.1201,150
7804,0.4,0.23,0.17,0.0,10:33:00,56.11,700,56.12,900,56.111000000000004,490
7806,0.32,0.15,0.17,0.56,10:33:00,56.11,600,56.12,900,56.1199,100
7807,3.0,2.76,0.24,3.56,10:33:03,56.11,500,56.12,900,56.1158,100
7946,0.41000000000000003,0.21,0.2,4.04,10:34:04,56.11,800,56.12,1200,56.115,100
7958,3.92,3.62,0.3,11.71,10:34:11,56.09,1100,56.1,1000,56.0999,450
8081,0.75,0.19,0.56,3.97,10:35:03,56.05,900,56.06,1200,56.05,100
8089,0.5599999999999999,0.08,0.48,9.940000000000001,10:35:09,56.05,700,56.06,1100,56.0539,116
8095,0.5900000000000001,0.28,0.31,13.790000000000001,10:35:13,56.04,500,56.05,200,56.0499,200
8121,0.47000000000000003,0.08,0.39,30.050000000000004,10:35:30,56.03,1000,56.04,600,56.0368,103
8126,0.7899999999999999,0.09,0.7,34.269999999999996,10:35:34,56.03,300,56.04,900,56.0346,100
8148,0.59,0.08,0.51,4.17,10:36:04,56.05,600,56.06,500,56.045,100
8162,1.2,0.77,0.43,17.15,10:36:17,56.06,400,56.07,800,56.0621,150
8190,0.62,0.15,0.47,34.44,10:36:34,56.06,500,56.07,1100,56.0636,104
8233,0.8,0.31,0.49,0.0,10:37:00,56.08,700,56.09,900,56.089,100
8249,0.5800000000000001,0.07,0.51,13.32,10:37:13,56.08,900,56.09,400,56.081,1000
8313,0.63,0.19,0.44,51.52000000000003,10:37:51,56.06,800,56.07,1300,56.067,300
8316,0.7699999999999999,0.08,0.69,53.70000000000004,10:37:53,56.06,800,56.07,1300,56.065,100
8416,0.83,0.13,0.7,2.47,10:39:02,56.05,400,56.06,1100,56.055,151
8432,0.62,0.12,0.5,18.990000000000002,10:39:18,56.04,1100,56.05,900,56.0457,150
8472,0.7699999999999999,0.08,0.69,47.960000000000015,10:39:47,56.03,500,56.04,1300,56.0399,100
8538,0.59,0.21,0.38,39.70000000000003,10:40:39,56.01,500,56.02,900,56.0144,100
8548,0.5800000000000001,0.07,0.51,46.06000000000004,10:40:46,56.01,600,56.02,900,56.0199,200
8554,0.77,0.38,0.39,49.670000000000044,10:40:49,56.01,700,56.02,900,56.0101,100
8565,0.75,0.32,0.43,0.0,10:41:00,56.02,500,56.03,1000,56.015,100
8568,0.58,0.08,0.5,1.6099999999999999,10:41:01,56.02,400,56.03,1100,56.027,100
8621,0.5900000000000001,0.07,0.52,39.6,10:41:39,56.01,1100,56.02,3300,56.011,150
8632,0.6,0.08,0.52,46.0,10:41:46,56.0,9700,56.01,1000,56.0,500
8708,0.5800000000000001,0.07,0.51,35.5,10:42:35,56.04,1000,56.05,1100,56.0409,500
8715,0.6000000000000001,0.07,0.53,39.71000000000001,10:42:39,56.04,700,56.05,1100,56.0465,200
8740,0.57,0.09,0.48,53.850000000000016,10:42:53,56.04,700,56.05,1100,56.0401,108
8746,0.75,0.07,0.68,57.84000000000002,10:42:57,56.04,800,56.05,1200,56.0447,500
8769,2.19,1.73,0.46,3.37,10:43:03,56.03,900,56.04,600,56.035,100
8871,0.5900000000000001,0.13,0.46,21.96,10:44:21,56.04,1000,56.05,800,56.0463,1500
8905,0.63,0.27,0.36,41.96000000000001,10:44:41,56.04,700,56.05,1000,56.0462,200
8952,0.5900000000000001,0.2,0.39,21.38,10:45:21,56.06,800,56.07,700,56.0653,500
8984,0.75,0.14,0.61,41.559999999999995,10:45:41,56.06,900,56.07,600,56.0634,100
9012,0.61,0.24,0.37,0.0,10:46:00,56.07,1500,56.08,500,56.0799,100
9019,0.61,0.21,0.4,3.9899999999999998,10:46:03,56.07,1900,56.08,800,56.077,125
9077,0.6300000000000001,0.07,0.56,43.83,10:46:43,56.07,1100,56.08,1400,56.0717,2454
9092,0.59,0.18,0.41,54.030000000000015,10:46:54,56.07,1100,56.08,700,56.0784,100
9114,0.44,0.12,0.32,12.209999999999999,10:47:12,56.07,1300,56.08,700,56.0756,100
9129,0.43000000000000005,0.1,0.33,24.24,10:47:24,56.07,1600,56.08,800,56.0747,200
9154,0.61,0.21,0.4,38.22999999999998,10:47:38,56.07,1800,56.08,1000,56.0711,2104
9221,0.43,0.07,0.36,25.86,10:48:25,56.07,1600,56.08,1400,56.0742,100
9330,0.6300000000000001,0.07,0.56,28.580000000000002,10:49:28,56.03,900,56.04,1900,56.0338,197
9363,0.98,0.18,0.8,52.35,10:49:52,56.02,2400,56.03,1900,56.025,178
9386,2.2,1.55,0.65,16.57,10:50:16,56.0,5400,56.01,600,56.0001,788
9398,0.5900000000000001,0.07,0.52,25.960000000000004,10:50:25,55.99,2600,56.0,500,55.995,100
9402,0.5700000000000001,0.14,0.43,28.17000000000001,10:50:28,55.99,2400,56.0,300,55.99,100
9424,0.44,0.07,0.37,40.180000000000014,10:50:40,55.99,2500,56.0,2800,55.998999999999995,250
9430,0.5800000000000001,0.26,0.32,43.750000000000014,10:50:43,55.99,2500,56.0,2800,55.9967,200
9445,0.5700000000000001,0.2,0.37,51.940000000000005,10:50:51,55.99,2600,56.0,2400,55.9947,1100
9469,1.4100000000000001,0.74,0.67,8.66,10:51:08,55.96,900,55.97,400,55.96,100
9471,2.39,1.81,0.58,12.23,10:51:12,55.97,1400,55.98,300,55.97,100
9473,2.8099999999999996,2.34,0.47,15.620000000000001,10:51:15,55.98,100,55.99,1800,55.989,180
9477,0.64,0.18,0.46,18.220000000000002,10:51:18,55.97,600,55.98,600,55.98,100
9491,0.62,0.22,0.4,28.390000000000008,10:51:28,55.95,500,55.96,900,55.95,100
9510,0.61,0.21,0.4,40.380000000000024,10:51:40,55.95,800,55.96,600,55.955,100
9519,0.6,0.19,0.41,45.970000000000034,10:51:45,55.95,800,55.96,600,55.9592,1000
9532,0.6,0.18,0.42,54.17000000000003,10:51:54,55.93,500,55.94,600,55.93,100
9541,0.5900000000000001,0.25,0.34,0.0,10:52:00,55.92,3500,55.93,500,55.9244,100
9557,0.8200000000000001,0.18,0.64,17.78,10:52:17,55.93,200,55.94,900,55.94,100
9567,0.6200000000000001,0.07,0.55,24.570000000000007,10:52:24,55.93,400,55.94,900,55.935,100
9579,0.6300000000000001,0.07,0.56,32.38000000000001,10:52:32,55.93,300,55.94,900,55.9301,151
9665,0.44,0.07,0.37,30.23999999999999,10:53:30,55.94,500,55.95,500,55.945,200
9703,0.59,0.24,0.35,51.849999999999994,10:53:51,55.94,400,55.95,600,55.9454,100
9735,2.1799999999999997,1.65,0.53,0.0,10:54:00,55.93,200,55.94,600,55.9353,100
9750,0.61,0.17,0.44,11.039999999999997,10:54:11,55.93,200,55.94,900,55.9346,131
9754,0.5700000000000001,0.07,0.5,13.399999999999997,10:54:13,55.92,1300,55.93,5000,55.92,200
9756,118.97,118.36,0.61,0.0,10:56:00,55.91,600,55.92,500,55.91,300
9805,0.59,0.12,0.47,32.47000000000001,10:56:32,55.94,800,55.95,600,55.9446,100
9826,0.44,0.07,0.37,16.200000000000003,10:57:16,55.94,900,55.95,300,55.9468,430
9830,0.61,0.19,0.42,18.590000000000003,10:57:18,55.94,700,55.95,400,55.9411,197
9831,2.98,2.41,0.57,21.570000000000004,10:57:21,55.94,700,55.95,400,55.9462,100
9919,1.4,0.93,0.47,14.569999999999999,10:58:14,55.93,800,55.94,800,55.9331,220
9955,0.61,0.18,0.43,37.800000000000004,10:58:37,55.92,400,55.93,700,55.925,1400
10007,2.17,1.58,0.59,6.220000000000001,10:59:06,55.91,4300,55.92,1200,55.915,100
10024,0.59,0.22,0.37,19.42,10:59:19,55.91,4100,55.92,1100,55.917,150
10075,0.6,0.23,0.37,47.40000000000003,10:59:47,55.92,500,55.93,400,55.9213,2000
10089,0.62,0.16,0.46,0.0,11:00:00,55.9,200,55.91,1100,55.9,100
10092,4.41,3.87,0.54,5.6,11:00:05,55.9,1300,55.91,800,55.9099,2000
10179,1.6,0.98,0.62,0.0,11:01:00,55.91,700,55.92,600,55.9145,101
10192,0.5900000000000001,0.27,0.32,16.59,11:01:16,55.93,400,55.94,700,55.9343,272
10264,0.6000000000000001,0.14,0.46,0.0,11:04:00,55.93,800,55.94,700,55.9335,261
10332,0.6200000000000001,0.28,0.34,0.0,11:05:00,55.93,1000,55.94,1200,55.9392,2700
10370,0.77,0.36,0.41,29.370000000000015,11:05:29,55.91,1300,55.92,800,55.9143,500
10477,0.43,0.12,0.31,42.01,11:06:42,55.9,1000,55.91,400,55.895,100
10496,0.62,0.23,0.39,52.38999999999999,11:06:52,55.9,1300,55.91,400,55.905,200
10632,0.59,0.08,0.51,24.23,11:08:24,55.93,700,55.94,1800,55.9313,2000
10675,0.5900000000000001,0.07,0.52,54.28000000000001,11:08:54,55.94,1300,55.95,1100,55.9497,200
10820,0.43,0.07,0.36,11.81,11:10:11,55.93,1500,55.94,400,55.9334,500
10881,3.19,2.73,0.46,4.97,11:11:04,55.9,400,55.91,1500,55.9034,500
10923,0.5800000000000001,0.14,0.44,34.02000000000001,11:11:34,55.89,4000,55.9,1200,55.89,100
10940,0.78,0.25,0.53,43.810000000000024,11:11:43,55.88,1500,55.89,2300,55.885,100
10995,0.77,0.25,0.52,27.73,11:12:27,55.89,500,55.9,1000,55.8946,200
11022,0.62,0.08,0.54,45.60000000000001,11:12:45,55.88,1900,55.89,700,55.8899,207
11068,0.8300000000000001,0.18,0.65,18.240000000000002,11:13:18,55.88,1700,55.89,1400,55.8846,100
11109,0.5800000000000001,0.07,0.51,45.980000000000004,11:13:45,55.87,1000,55.88,1000,55.88,100
11112,0.58,0.09,0.49,47.760000000000005,11:13:47,55.87,1300,55.88,300,55.87,100
11137,0.5700000000000001,0.2,0.37,11.600000000000001,11:14:11,55.86,1300,55.87,200,55.8701,200
11139,1.21,0.6,0.61,13.790000000000003,11:14:13,55.86,1200,55.87,500,55.8643,100
11155,0.5800000000000001,0.07,0.51,23.810000000000002,11:14:23,55.87,800,55.88,900,55.8765,300
11179,0.5700000000000001,0.24,0.33,37.79999999999999,11:14:37,55.86,1000,55.87,700,55.86,100
11211,0.6599999999999999,0.18,0.48,5.670000000000001,11:16:05,55.88,5200,55.89,600,55.8807,156
11349,4.0,3.22,0.78,9.61,11:18:09,55.9,1300,55.91,1300,55.9043,123
11426,0.62,0.08,0.54,0.0,11:19:00,55.9,1000,55.91,1900,55.9046,330
11518,0.6100000000000001,0.07,0.54,21.429999999999996,11:20:21,55.91,1200,55.92,1600,55.9166,100
11523,0.63,0.15,0.48,24.619999999999997,11:20:24,55.91,1200,55.92,1600,55.9169,200
11600,0.62,0.1,0.52,25.41000000000001,11:21:25,55.88,7100,55.89,900,55.8832,468
11614,0.78,0.07,0.71,36.00000000000001,11:21:36,55.88,7000,55.89,900,55.8868,250
11680,0.61,0.08,0.53,25.769999999999996,11:22:25,55.86,6600,55.87,1200,55.865,100
11711,0.43,0.07,0.36,44.0,11:22:44,55.86,6600,55.87,900,55.8652,112
11753,0.77,0.18,0.59,10.2,11:23:10,55.86,6600,55.87,1600,55.8644,500
11864,0.59,0.12,0.47,35.21000000000002,11:24:35,55.86,6200,55.87,1200,55.8634,1000
11889,0.5900000000000001,0.07,0.52,49.81000000000003,11:24:49,55.88,1000,55.89,500,55.883,100
11898,0.6399999999999999,0.07,0.57,55.83000000000003,11:24:55,55.88,1100,55.89,200,55.887,100
11934,0.96,0.18,0.78,28.2,11:25:28,55.89,700,55.9,800,55.8992,100
11943,0.64,0.21,0.43,34.04999999999999,11:25:34,55.89,700,55.9,500,55.8967,150
11949,0.7999999999999999,0.09,0.71,38.24999999999999,11:25:38,55.89,1000,55.9,900,55.891000000000005,324
11992,2.45,1.84,0.61,8.45,11:26:08,55.88,500,55.89,800,55.8867,175
12013,0.74,0.2,0.54,25.62,11:26:25,55.86,3000,55.87,900,55.863,100
12035,30.98,30.48,0.5,0.0,11:27:00,55.84,2800,55.85,800,55.84,100
12036,0.5599999999999999,0.21,0.35,0.5599999999999999,11:27:00,55.85,500,55.86,500,55.855,400
12057,0.5700000000000001,0.13,0.44,0.0,11:28:00,55.88,900,55.89,200,55.8831,100
12099,0.63,0.08,0.55,29.99,11:29:29,55.91,1300,55.92,500,55.911,250
12139,0.99,0.23,0.76,0.0,11:30:00,55.89,700,55.9,400,55.8907,116
12289,0.44,0.07,0.37,0.0,11:32:00,55.86,500,55.87,800,55.8673,424
12317,0.7699999999999999,0.08,0.69,19.59,11:32:19,55.87,800,55.88,800,55.875,100
12337,0.61,0.22,0.39,31.009999999999998,11:32:31,55.87,900,55.88,600,55.8721,3000
12405,0.5900000000000001,0.07,0.52,6.029999999999999,11:33:06,55.87,1200,55.88,1100,55.8751,100
12447,0.43,0.07,0.36,29.409999999999997,11:33:29,55.85,300,55.86,600,55.8571,100
12455,0.43,0.07,0.36,33.61,11:33:33,55.83,2500,55.84,1400,55.83,100
12502,0.74,0.2,0.54,26.150000000000006,11:34:26,55.84,1000,55.85,300,55.85,100
12524,0.63,0.2,0.43,40.2,11:34:40,55.85,200,55.86,800,55.8501,100
12605,0.83,0.21,0.62,21.8,11:36:21,55.84,500,55.85,1200,55.8431,300
12625,0.98,0.41,0.57,6.57,11:37:06,55.84,600,55.85,700,55.845,100
12669,0.6000000000000001,0.28,0.32,33.97,11:37:33,55.84,700,55.85,800,55.8439,200
12680,0.62,0.24,0.38,40.16,11:37:40,55.84,700,55.85,700,55.8438,132
12705,0.5700000000000001,0.12,0.45,54.19999999999998,11:37:54,55.82,400,55.83,1000,55.82,100
12719,1.99,1.45,0.54,9.65,11:38:09,55.8,3500,55.81,700,55.81,208
13094,0.51,0.24,0.27,27.840000000000007,11:43:27,55.86,1100,55.87,1700,55.8631,222
13189,0.35,0.17,0.18,14.800000000000002,11:45:14,55.85,800,55.86,900,55.8515,100
13229,0.39,0.22,0.17,26.969999999999995,11:45:26,55.85,500,55.86,1200,55.8543,189
13322,0.29000000000000004,0.07,0.22,14.200000000000003,11:46:14,55.84,2100,55.85,1900,55.849,100
13377,0.29000000000000004,0.07,0.22,32.11000000000001,11:46:32,55.84,1200,55.85,900,55.8454,115
13447,0.8200000000000001,0.51,0.31,6.590000000000001,11:47:06,55.86,1300,55.87,900,55.8668,400
13595,0.58,0.22,0.36,0.0,11:48:00,55.86,1200,55.87,700,55.861000000000004,200
13628,0.56,0.22,0.34,21.759999999999994,11:48:21,55.86,400,55.87,900,55.8633,250
13634,0.33999999999999997,0.16,0.18,23.559999999999995,11:48:23,55.86,600,55.87,1000,55.864,234
13652,0.3,0.09,0.21,29.58,11:48:29,55.86,800,55.87,1300,55.8601,100
13738,0.30000000000000004,0.14,0.16,0.0,11:49:00,55.86,1100,55.87,900,55.8646,160
13768,0.38,0.21,0.17,21.969999999999995,11:49:21,55.86,1100,55.87,700,55.868,200
13913,1.82,1.55,0.27,0.0,11:50:00,55.86,1900,55.87,1300,55.8666,572
13958,0.44000000000000006,0.27,0.17,15.139999999999999,11:50:15,55.88,400,55.89,800,55.8801,100
14091,0.27,0.07,0.2,16.22,11:51:16,55.87,1500,55.88,1200,55.878,200
14233,0.39,0.21,0.18,22.130000000000003,11:52:22,55.86,1200,55.87,500,55.8695,100
14330,0.4,0.2,0.2,53.43,11:52:53,55.87,500,55.88,900,55.8742,107
14378,2.21,1.97,0.24,12.850000000000001,11:53:12,55.87,900,55.88,1100,55.8746,160
14390,0.39,0.22,0.17,18.140000000000004,11:53:18,55.87,900,55.88,800,55.8754,300
14458,0.25,0.08,0.17,39.940000000000026,11:53:39,55.86,2100,55.87,1500,55.8693,855
14543,0.27,0.08,0.19,20.34,11:54:20,55.86,800,55.87,1600,55.8654,100
14694,0.44,0.21,0.23,11.939999999999996,11:55:11,55.87,1000,55.88,600,55.871,317
14787,0.39,0.21,0.18,46.260000000000026,11:55:46,55.88,1400,55.89,1000,55.8844,100
15038,0.33999999999999997,0.13,0.21,31.20999999999999,11:57:31,55.87,700,55.88,1200,55.8775,4538
15088,0.29000000000000004,0.07,0.22,49.32,11:57:49,55.87,900,55.88,1500,55.8728,200
15215,0.56,0.23,0.33,46.339999999999996,11:58:46,55.87,1300,55.88,1800,55.8799,508
15364,0.3,0.09,0.21,47.55,11:59:47,55.9,1500,55.91,600,55.9085,200
15370,0.5900000000000001,0.27,0.32,49.839999999999996,11:59:49,55.9,1400,55.91,600,55.9033,500
15553,0.38,0.22,0.16,53.86000000000002,12:00:53,55.9,1200,55.91,500,55.9044,200
15587,3.81,3.46,0.35,6.0,12:01:06,55.9,1300,55.91,900,55.9016,175
15588,0.30000000000000004,0.13,0.17,6.3,12:01:06,55.9,1300,55.91,900,55.9032,100
15599,0.28,0.1,0.18,12.939999999999998,12:01:12,55.9,1300,55.91,1000,55.9036,380
15616,0.24000000000000002,0.07,0.17,18.91999999999999,12:01:18,55.9,900,55.91,900,55.901,208
15742,0.33999999999999997,0.18,0.16,6.760000000000001,12:02:06,55.89,700,55.9,1000,55.8954,1000
15911,2.04,1.72,0.32,6.94,12:03:06,55.91,600,55.92,500,55.9156,300
15987,0.46,0.23,0.23,33.93,12:03:33,55.89,1000,55.9,900,55.8925,100
15993,0.37,0.14,0.23,36.150000000000006,12:03:36,55.89,1000,55.9,800,55.8901,200
16014,0.37,0.17,0.2,43.85,12:03:43,55.89,1000,55.9,800,55.898999999999994,100
16152,0.25,0.07,0.18,49.870000000000005,12:04:49,55.88,900,55.89,900,55.8853,250
16169,0.33999999999999997,0.18,0.16,55.040000000000006,12:04:55,55.88,1100,55.89,600,55.8833,1000
16252,0.25,0.08,0.17,31.979999999999983,12:05:31,55.88,600,55.89,1100,55.8858,100
16515,0.24000000000000002,0.07,0.17,15.700000000000001,12:07:15,55.86,1400,55.87,600,55.8663,1000
16646,0.43000000000000005,0.23,0.2,2.0,12:08:02,55.87,900,55.88,600,55.8724,700
16673,0.32,0.14,0.18,19.919999999999998,12:08:19,55.86,500,55.87,900,55.8624,700
16703,0.4,0.21,0.19,29.84999999999999,12:08:29,55.86,500,55.87,900,55.8638,300
16899,0.23,0.07,0.16,41.81000000000001,12:09:41,55.85,3700,55.86,300,55.8584,200
17041,0.31,0.13,0.18,26.029999999999994,12:10:26,55.85,1100,55.86,700,55.8549,175
17087,0.41000000000000003,0.24,0.17,39.87999999999997,12:10:39,55.86,700,55.87,400,55.8628,333
17115,0.35,0.18,0.17,47.88999999999998,12:10:47,55.86,300,55.87,800,55.8651,245
17160,0.42,0.24,0.18,8.209999999999999,12:11:08,55.86,500,55.87,600,55.8699,100
17199,0.23,0.07,0.16,22.290000000000003,12:11:22,55.85,1800,55.86,700,55.8554,100
17434,0.3,0.09,0.21,50.69000000000001,12:12:50,55.85,2800,55.86,600,55.853,1262
17457,0.38,0.2,0.18,2.13,12:13:02,55.86,600,55.87,500,55.8667,403
17458,3.11,2.8,0.31,5.24,12:13:05,55.86,900,55.87,500,55.8672,200
17585,0.44,0.26,0.18,54.27,12:13:54,55.86,1900,55.87,1100,55.8642,355
17787,0.30000000000000004,0.07,0.23,12.339999999999998,12:15:12,55.85,2300,55.86,400,55.8599,320
17793,0.44999999999999996,0.21,0.24,14.569999999999999,12:15:14,55.85,2500,55.86,400,55.8546,235
18332,0.36,0.2,0.16,37.83,12:18:37,55.86,1600,55.87,1200,55.869,315
18530,0.28,0.09,0.19,52.27000000000002,12:19:52,55.86,1100,55.87,1300,55.8625,100
18571,0.36,0.19,0.17,6.44,12:20:06,55.86,3000,55.87,1400,55.8635,428
18580,1.5,1.25,0.25,14.270000000000001,12:20:14,55.86,900,55.87,1600,55.8632,150
18622,0.4,0.21,0.19,30.260000000000005,12:20:30,55.86,900,55.87,1600,55.8661,200
18912,0.41000000000000003,0.18,0.23,30.020000000000003,12:22:30,55.86,1900,55.87,1800,55.8687,550
19128,0.29,0.08,0.21,52.20000000000001,12:23:52,55.85,1900,55.86,1100,55.8524,1200
19268,0.5700000000000001,0.19,0.38,42.04999999999998,12:24:42,55.85,1900,55.86,1400,55.8586,172
19283,0.31,0.08,0.23,48.22999999999998,12:24:48,55.85,1900,55.86,1400,55.8563,1000
19322,0.56,0.12,0.44,19.22,12:25:19,55.85,2200,55.86,1500,55.8577,100
19543,0.48,0.21,0.27,48.22,12:26:48,55.85,1400,55.86,600,55.858999999999995,2000
19547,0.49,0.21,0.28,50.050000000000004,12:26:50,55.85,1300,55.86,600,55.857,100
19694,0.24000000000000002,0.07,0.17,51.59999999999998,12:27:51,55.85,2700,55.86,800,55.8534,400
19757,3.4000000000000004,3.2,0.2,17.880000000000003,12:28:17,55.84,1300,55.85,1000,55.8444,150
19766,0.41000000000000003,0.24,0.17,22.15,12:28:22,55.84,1100,55.85,1100,55.8401,150
20153,0.47000000000000003,0.27,0.2,44.280000000000015,12:30:44,55.86,900,55.87,1100,55.8647,200
20656,1.94,1.58,0.36,1.94,12:34:01,55.84,400,55.85,900,55.8457,100
20671,0.46,0.27,0.19,7.920000000000001,12:34:07,55.84,400,55.85,1000,55.8428,300
20716,0.37,0.21,0.16,25.889999999999993,12:34:25,55.84,600,55.85,1200,55.8424,700
20837,3.3000000000000003,3.08,0.22,17.06,12:35:17,55.84,1100,55.85,1300,55.841,100
20958,0.29000000000000004,0.12,0.17,55.10999999999997,12:35:55,55.84,1000,55.85,1800,55.847,170
20961,0.33999999999999997,0.18,0.16,0.0,12:36:00,55.84,1000,55.85,1800,55.8446,400
21077,0.34,0.17,0.17,48.21999999999999,12:36:48,55.84,1300,55.85,1700,55.8473,120
21192,0.28,0.07,0.21,29.899999999999995,12:37:29,55.83,3100,55.84,1400,55.835,100
21219,0.45999999999999996,0.21,0.25,39.97,12:37:39,55.83,1000,55.84,1000,55.8399,803
21230,0.42000000000000004,0.2,0.22,44.18000000000001,12:37:44,55.83,1000,55.84,1000,55.8352,100
21331,0.27,0.08,0.19,17.709999999999994,12:38:17,55.83,1100,55.84,1700,55.8332,200
21343,0.31,0.09,0.22,21.619999999999997,12:38:21,55.83,1100,55.84,1200,55.8325,100
21403,0.24000000000000002,0.07,0.17,43.790000000000006,12:38:43,55.82,400,55.83,1400,55.8201,100
21422,0.24000000000000002,0.07,0.17,4.970000000000001,12:39:04,55.81,1100,55.82,1400,55.8128,400
21429,0.23,0.07,0.16,6.9300000000000015,12:39:06,55.81,1100,55.82,1400,55.8156,340
21443,0.25,0.07,0.18,10.890000000000004,12:39:10,55.79,600,55.8,1100,55.795,200
21450,0.41000000000000003,0.24,0.17,13.140000000000004,12:39:13,55.79,1400,55.8,500,55.8,160
21587,0.29000000000000004,0.07,0.22,32.23999999999999,12:40:32,55.79,3200,55.8,1500,55.79,100
21771,0.41000000000000003,0.21,0.2,3.86,12:41:03,55.79,1700,55.8,2300,55.7943,100
21800,0.30000000000000004,0.14,0.16,4.68,12:44:04,55.79,2700,55.8,2400,55.7944,250
21895,3.22,2.99,0.23,11.76,12:45:11,55.79,1800,55.8,2800,55.797,136
21948,0.42,0.24,0.18,29.880000000000003,12:45:29,55.79,2000,55.8,2800,55.798,200
21983,0.26,0.07,0.19,41.85999999999999,12:45:41,55.79,1700,55.8,2800,55.7966,233
22029,3.1500000000000004,2.89,0.26,3.5400000000000005,12:46:03,55.79,1800,55.8,2700,55.799,130
22129,0.27,0.07,0.2,43.05,12:46:43,55.77,1300,55.78,1800,55.77,100
22160,0.42000000000000004,0.19,0.23,53.10000000000001,12:46:53,55.77,1200,55.78,2600,55.7731,100
22285,0.39,0.2,0.19,46.900000000000006,12:47:46,55.81,1000,55.82,500,55.8075,200
22290,0.28,0.07,0.21,48.510000000000005,12:47:48,55.81,800,55.82,500,55.8134,204
22436,0.31000000000000005,0.14,0.17,24.159999999999997,12:48:24,55.81,800,55.82,800,55.81100000000001,100
22478,0.41000000000000003,0.22,0.19,0.0,12:49:00,55.81,800,55.82,1400,55.815,100
22498,3.1100000000000003,2.95,0.16,9.060000000000002,12:49:09,55.81,1200,55.82,900,55.8144,150
22581,0.45,0.27,0.18,48.46,12:49:48,55.81,1200,55.82,700,55.8175,200
22603,0.43,0.24,0.19,56.21999999999999,12:49:56,55.81,1200,55.82,900,55.8199,120
22608,0.46,0.23,0.23,58.05999999999999,12:49:58,55.81,1200,55.82,900,55.8193,100
22646,0.37,0.18,0.19,20.1,12:50:20,55.81,1200,55.82,1400,55.8152,170
22705,0.35,0.18,0.17,39.790000000000035,12:50:39,55.81,1900,55.82,1000,55.8132,100
22908,0.41000000000000003,0.23,0.18,45.82,12:51:45,55.81,2200,55.82,600,55.8168,218
22914,0.25,0.09,0.16,47.730000000000004,12:51:47,55.81,2200,55.82,600,55.818999999999996,100
22923,0.39,0.23,0.16,50.83000000000002,12:51:50,55.81,2200,55.82,700,55.8146,400
23025,0.41000000000000003,0.23,0.18,19.509999999999998,12:52:19,55.8,1400,55.81,1500,55.805,400
23066,0.36,0.18,0.18,33.34,12:52:33,55.8,1100,55.81,1500,55.8052,245
23258,0.37,0.21,0.16,0.0,12:54:00,55.8,800,55.81,1400,55.8043,100
23341,0.49,0.23,0.26,37.93000000000003,12:54:37,55.8,1000,55.81,2100,55.8005,500
23412,0.33999999999999997,0.16,0.18,5.090000000000001,12:55:05,55.8,2100,55.81,1400,55.8057,100
23571,0.38,0.21,0.17,0.0,12:56:00,55.81,1700,55.82,1400,55.8108,100
23596,0.24000000000000002,0.07,0.17,9.79,12:56:09,55.81,1800,55.82,2200,55.8158,100
23609,0.35,0.18,0.17,13.94,12:56:13,55.82,2100,55.83,1100,55.825,100
23658,0.24000000000000002,0.07,0.17,29.800000000000004,12:56:29,55.82,2100,55.83,1300,55.821000000000005,100
23892,1.23,0.99,0.24,10.570000000000004,12:58:10,55.82,1500,55.83,1100,55.8256,172
23981,0.26,0.09,0.17,39.469999999999956,12:58:39,55.82,1500,55.83,1400,55.8225,100
24336,0.24,0.08,0.16,30.119999999999987,13:02:30,55.81,800,55.82,1800,55.8154,130
24362,0.28,0.08,0.2,37.979999999999976,13:02:37,55.81,900,55.82,1400,55.8101,158
24710,0.31,0.07,0.24,42.17000000000001,13:04:42,55.85,1800,55.86,1300,55.851000000000006,111
24849,0.44000000000000006,0.28,0.16,33.58999999999999,13:05:33,55.85,2800,55.86,2400,55.8505,850
24942,3.78,3.59,0.19,8.2,13:09:08,55.85,1800,55.86,1000,55.8545,100
24943,0.32,0.12,0.2,8.52,13:09:08,55.85,1800,55.86,1000,55.8557,100
25294,0.44,0.07,0.37,36.16999999999999,13:11:36,55.87,2200,55.88,1100,55.876999999999995,200
25326,0.52,0.09,0.43,52.139999999999965,13:11:52,55.87,2100,55.88,1100,55.8744,100
25355,1.95,1.68,0.27,10.7,13:12:10,55.87,2100,55.88,1200,55.8758,400
25433,0.38,0.16,0.22,45.69000000000002,13:12:45,55.87,2200,55.88,1400,55.8733,120
25519,0.76,0.35,0.41,39.73000000000002,13:13:39,55.88,1100,55.89,600,55.8865,304
25638,0.62,0.19,0.43,0.0,13:15:00,55.89,2600,55.9,1200,55.8915,175
25745,0.67,0.21,0.46,23.63,13:16:23,55.89,2300,55.9,1500,55.8922,162
25829,0.56,0.27,0.29,15.61,13:17:15,55.89,2400,55.9,900,55.8996,130
26124,0.56,0.07,0.49,31.16,13:20:31,55.88,1800,55.89,1500,55.888999999999996,100
26230,0.7899999999999999,0.22,0.57,38.64,13:21:38,55.89,2900,55.9,500,55.8999,100
26446,4.06,3.4,0.66,11.06,13:24:11,55.89,1900,55.9,1100,55.8936,763
26691,1.2,0.07,1.13,55.24000000000003,13:28:55,55.83,1100,55.84,1100,55.831,103
26695,1.19,0.12,1.07,0.0,13:29:00,55.83,1200,55.84,2000,55.8361,309
26711,1.2000000000000002,0.09,1.11,29.81,13:29:29,55.83,3100,55.84,1300,55.8387,222
26813,1.21,0.27,0.94,35.81000000000001,13:31:35,55.83,800,55.84,1800,55.836999999999996,1342
26953,1.0,0.08,0.92,29.440000000000005,13:34:29,55.82,1300,55.83,1900,55.823,1000
27014,1.01,0.08,0.93,8.809999999999999,13:36:08,55.82,1300,55.83,1700,55.8213,235
27018,1.6099999999999999,0.43,1.18,13.989999999999998,13:36:13,55.82,1300,55.83,1700,55.82899999999999,100
27032,1.18,0.36,0.82,31.389999999999997,13:36:31,55.82,1200,55.83,1400,55.8267,185
27152,1.0,0.07,0.93,0.0,13:39:00,55.82,2100,55.83,1800,55.8299,100
27173,1.21,0.21,1.0,30.610000000000003,13:39:30,55.82,2300,55.83,2100,55.8236,1000
27194,1.35,0.23,1.12,54.379999999999995,13:39:54,55.82,2000,55.83,2100,55.8235,500
27200,1.01,0.09,0.92,2.2,13:40:02,55.82,2000,55.83,2100,55.8258,175
27228,1.2,0.07,1.13,19.200000000000003,13:41:19,55.82,2900,55.83,2700,55.8205,1830
27251,1.2,0.17,1.03,45.580000000000005,13:41:45,55.82,2900,55.83,2500,55.8248,100
27262,3.59,2.35,1.24,11.609999999999998,13:42:11,55.82,2600,55.83,2700,55.8234,100
27277,1.41,0.24,1.17,31.379999999999995,13:42:31,55.82,2600,55.83,2800,55.8246,100
27308,1.02,0.12,0.9,12.4,13:43:12,55.82,2400,55.83,3000,55.8269,100
27398,1.02,0.09,0.93,53.639999999999986,13:44:53,55.82,2500,55.83,3100,55.8217,4288
27414,1.21,0.07,1.14,18.020000000000003,13:45:18,55.82,2700,55.83,2700,55.8254,200
27488,1.21,0.08,1.13,34.809999999999995,13:46:34,55.81,1600,55.82,1900,55.8125,100
27537,0.98,0.07,0.91,47.18999999999999,13:47:47,55.81,1400,55.82,2300,55.812,100
27557,3.2199999999999998,2.57,0.65,13.21,13:48:13,55.81,1600,55.82,2300,55.813,100
27631,1.1900000000000002,0.07,1.12,32.79,13:49:32,55.8,5300,55.81,3100,55.8033,126
27647,0.8200000000000001,0.07,0.75,49.209999999999994,13:49:49,55.8,4100,55.81,3100,55.8051,125
27660,1.01,0.07,0.94,1.01,13:50:01,55.8,3900,55.81,2900,55.8069,200
27672,1.21,0.13,1.08,17.400000000000002,13:50:17,55.8,4200,55.81,2900,55.8046,115
27681,1.17,0.37,0.8,27.0,13:50:27,55.78,3200,55.79,900,55.78,100
27683,0.98,0.24,0.74,28.8,13:50:28,55.78,4000,55.79,900,55.785,169
27684,0.81,0.07,0.74,29.61,13:50:29,55.78,4000,55.79,900,55.7854,300
27699,1.18,0.23,0.95,46.199999999999996,13:50:46,55.79,1100,55.8,4800,55.7939,1111
27712,1.5799999999999998,0.43,1.15,2.8,13:51:02,55.79,1000,55.8,4900,55.7927,299
27719,1.2,0.21,0.99,11.579999999999998,13:51:11,55.79,2200,55.8,3600,55.7931,192
27722,3.8,2.78,1.02,17.779999999999998,13:51:17,55.79,2200,55.8,3600,55.792,100
27762,0.98,0.15,0.83,0.0,13:52:00,55.79,2100,55.8,3600,55.7969,200
27868,1.16,0.18,0.98,0.0,13:54:00,55.79,1600,55.8,4300,55.7958,1000
27940,1.58,0.08,1.5,27.179999999999993,13:55:27,55.79,700,55.8,5200,55.791000000000004,150
28055,0.8099999999999999,0.08,0.73,35.77,13:57:35,55.78,900,55.79,2500,55.788000000000004,400
28063,0.99,0.07,0.92,44.17,13:57:44,55.78,800,55.79,2600,55.788999999999994,200
28109,1.3900000000000001,0.08,1.31,36.38000000000001,13:58:36,55.78,1000,55.79,1100,55.781000000000006,2000
28117,1.38,0.14,1.24,47.15000000000001,13:58:47,55.78,1100,55.79,1100,55.7869,100
28133,1.4,0.24,1.16,10.81,13:59:10,55.77,1000,55.78,1500,55.775,100
28137,1.03,0.08,0.95,15.620000000000001,13:59:15,55.76,1700,55.77,700,55.76,100
28139,1.1900000000000002,0.07,1.12,18.000000000000004,13:59:18,55.76,1700,55.77,700,55.765,100
28179,1.02,0.07,0.95,2.21,14:00:02,55.76,200,55.77,2600,55.7656,126
28226,1.0,0.14,0.86,0.0,14:01:00,55.76,1400,55.77,2700,55.7669,100
28227,1.03,0.07,0.96,1.03,14:01:01,55.76,1400,55.77,2700,55.7632,130
28254,1.02,0.18,0.84,33.61000000000001,14:01:33,55.76,900,55.77,2700,55.7643,279
28327,1.01,0.07,0.94,2.1900000000000004,14:03:02,55.78,1300,55.79,1800,55.7846,100
28376,1.3900000000000001,0.37,1.02,2.4000000000000004,14:04:02,55.75,2400,55.76,1900,55.7562,197
28383,3.59,2.54,1.05,15.360000000000001,14:04:15,55.75,2400,55.76,1100,55.755,100
28393,1.37,0.29,1.08,28.170000000000005,14:04:28,55.75,2400,55.76,700,55.75,100
28404,0.8200000000000001,0.07,0.75,37.790000000000006,14:04:37,55.74,1000,55.75,900,55.74,100
28406,1.0,0.2,0.8,39.77,14:04:39,55.74,1000,55.75,900,55.7431,480
28409,0.82,0.09,0.73,42.39000000000001,14:04:42,55.74,1000,55.75,1000,55.745,100
28429,4.3999999999999995,3.57,0.83,0.0,14:05:00,55.74,800,55.75,2700,55.7499,485
28439,1.21,0.16,1.05,15.390000000000004,14:05:15,55.74,900,55.75,2100,55.7458,100
28458,1.2,0.15,1.05,36.99000000000001,14:05:36,55.74,700,55.75,700,55.7435,1300
28486,1.0,0.27,0.73,15.98,14:06:15,55.74,1200,55.75,1500,55.7425,100
28511,1.2,0.07,1.13,44.59,14:06:44,55.74,2000,55.75,600,55.7469,100
28512,0.81,0.07,0.74,45.400000000000006,14:06:45,55.74,2000,55.75,600,55.74100000000001,120
28546,1.4000000000000001,0.08,1.32,40.00999999999999,14:07:40,55.73,2000,55.74,1600,55.7399,1600
28549,1.2000000000000002,0.12,1.08,43.61999999999999,14:07:43,55.73,2000,55.74,1700,55.73,100
28561,1.02,0.07,0.95,57.62,14:07:57,55.73,2000,55.74,1200,55.731,340
28578,1.21,0.19,1.02,0.0,14:08:00,55.73,1800,55.74,1800,55.7344,700
28595,0.98,0.24,0.74,18.8,14:08:18,55.73,2000,55.74,1100,55.735,115
28599,1.0,0.14,0.86,23.169999999999998,14:08:23,55.73,1900,55.74,1100,55.7357,131
28610,0.82,0.09,0.73,32.98999999999999,14:08:32,55.73,1900,55.74,1500,55.7301,200
28624,1.01,0.07,0.94,9.41,14:09:09,55.73,1900,55.74,1500,55.7366,100
28646,1.19,0.14,1.05,35.0,14:09:35,55.73,2100,55.74,2100,55.7343,700
28669,1.36,0.24,1.12,0.0,14:10:00,55.73,2000,55.74,2600,55.7346,125
28688,1.2000000000000002,0.08,1.12,25.02,14:10:25,55.74,1600,55.75,1600,55.7434,100
28695,1.21,0.07,1.14,33.230000000000004,14:10:33,55.74,1600,55.75,1600,55.748999999999995,100
28768,0.97,0.07,0.9,49.35000000000001,14:11:49,55.74,1700,55.75,2000,55.7433,100
28776,0.8200000000000001,0.16,0.66,1.82,14:12:01,55.74,2000,55.75,2000,55.7401,142
28881,0.82,0.08,0.74,37.39999999999999,14:13:37,55.74,1800,55.75,2800,55.7438,382
28963,0.81,0.07,0.74,25.999999999999996,14:15:25,55.73,3600,55.74,1400,55.7347,100
28991,1.03,0.07,0.96,51.61999999999999,14:15:51,55.73,4300,55.74,1500,55.7367,225
29019,1.22,0.23,0.99,24.990000000000002,14:16:24,55.72,500,55.73,2900,55.72,100
29038,2.15,0.19,1.96,50.13,14:16:50,55.72,2400,55.73,2800,55.7278,185
29042,1.43,0.2,1.23,56.41,14:16:56,55.72,2400,55.73,2800,55.725,100
29052,1.2000000000000002,0.14,1.06,10.190000000000001,14:17:10,55.71,1300,55.72,1700,55.71,100
29055,0.81,0.14,0.67,13.600000000000001,14:17:13,55.71,1300,55.72,2000,55.715,100
29059,0.81,0.07,0.74,18.8,14:17:18,55.71,1600,55.72,2200,55.7146,166
29122,1.18,0.21,0.97,24.39,14:18:24,55.7,6000,55.71,2300,55.708,500
29124,1.2,0.24,0.96,26.79,14:18:26,55.7,6000,55.71,1400,55.7086,127
29127,1.19,0.19,1.0,30.36,14:18:30,55.7,1500,55.71,3400,55.7,526
29139,0.97,0.23,0.74,42.38,14:18:42,55.69,1000,55.7,2100,55.69,100
29154,0.8200000000000001,0.07,0.75,0.0,14:19:00,55.67,1300,55.68,1300,55.675,200
29157,0.81,0.07,0.74,2.6,14:19:02,55.67,800,55.68,1200,55.68,100
29159,1.0,0.24,0.76,4.6,14:19:04,55.67,700,55.68,1200,55.6744,134
29178,0.98,0.14,0.84,27.999999999999993,14:19:27,55.69,1300,55.7,1900,55.6915,200
29198,1.0,0.23,0.77,46.02999999999998,14:19:46,55.69,1500,55.7,1700,55.6901,346
29205,0.8200000000000001,0.07,0.75,52.22999999999998,14:19:52,55.69,1600,55.7,1700,55.6925,100
29210,0.98,0.1,0.88,56.61999999999998,14:19:56,55.69,1600,55.7,2600,55.6946,423
29238,0.6000000000000001,0.07,0.53,29.230000000000004,14:20:29,55.67,2100,55.68,1300,55.6799,350
29240,0.6000000000000001,0.07,0.53,30.440000000000005,14:20:30,55.67,2100,55.68,1300,55.6739,348
29244,0.6000000000000001,0.07,0.53,33.2,14:20:33,55.67,2200,55.68,1300,55.6733,100
29250,0.78,0.18,0.6,37.230000000000004,14:20:37,55.67,2300,55.68,1300,55.6715,100
29256,0.76,0.07,0.69,41.03,14:20:41,55.67,2000,55.68,1300,55.67,100
29288,0.5900000000000001,0.07,0.52,1.8,14:21:01,55.67,2500,55.68,1400,55.67100000000001,375
29307,0.5700000000000001,0.14,0.43,15.78,14:21:15,55.67,1400,55.68,2600,55.6731,221
29338,0.61,0.2,0.41,37.84000000000001,14:21:37,55.67,1500,55.68,2200,55.6785,1000
29345,0.6,0.08,0.52,41.82000000000002,14:21:41,55.67,1500,55.68,2200,55.678000000000004,400
29359,0.77,0.24,0.53,50.38000000000003,14:21:50,55.67,1400,55.68,2700,55.6701,165
29497,3.17,2.73,0.44,16.35,14:23:16,55.67,3400,55.68,1200,55.6746,250
29500,0.43,0.07,0.36,17.790000000000003,14:23:17,55.67,3400,55.68,1300,55.6734,100
29534,0.5700000000000001,0.18,0.39,35.95000000000002,14:23:35,55.67,3600,55.68,1100,55.677,456
29601,0.78,0.35,0.43,7.760000000000001,14:24:07,55.68,1800,55.69,800,55.685,405
29634,0.5900000000000001,0.07,0.52,28.169999999999995,14:24:28,55.68,1600,55.69,1500,55.6801,200
29672,1.57,0.79,0.78,5.180000000000001,14:25:05,55.68,1700,55.69,900,55.6812,200
29761,0.45,0.14,0.31,11.009999999999998,14:26:11,55.67,2000,55.68,1500,55.673,5000
29948,0.5900000000000001,0.07,0.52,19.619999999999994,14:28:19,55.67,1400,55.68,2000,55.6757,300
30027,0.6000000000000001,0.07,0.53,19.77,14:29:19,55.66,2200,55.67,5100,55.66,100
30043,0.5900000000000001,0.07,0.52,29.75,14:29:29,55.65,1400,55.66,3000,55.655,100
30046,0.5900000000000001,0.13,0.46,31.55,14:29:31,55.65,1000,55.66,3500,55.65,100
30082,0.61,0.21,0.4,53.780000000000044,14:29:53,55.64,300,55.65,2500,55.64,477
30113,2.0,1.42,0.58,0.0,14:30:00,55.64,1400,55.65,1700,55.645,100
30186,0.62,0.13,0.49,0.0,14:31:00,55.65,900,55.66,1500,55.6546,320
30370,0.62,0.08,0.54,6.180000000000001,14:33:06,55.64,2000,55.65,1600,55.6443,100
30446,1.46,0.95,0.51,8.41,14:34:08,55.64,3000,55.65,1200,55.6493,100
30454,0.6100000000000001,0.07,0.54,16.79,14:34:16,55.64,2000,55.65,1900,55.6499,157
30471,0.94,0.42,0.52,29.140000000000008,14:34:29,55.63,1000,55.64,2900,55.635,100
30474,0.65,0.17,0.48,30.990000000000006,14:34:30,55.63,1000,55.64,2600,55.6301,500
30496,0.7799999999999999,0.08,0.7,7.97,14:36:07,55.63,1500,55.64,1700,55.6352,1200
30504,0.64,0.21,0.43,13.790000000000001,14:36:13,55.63,1800,55.64,1700,55.6342,128
30535,0.8300000000000001,0.27,0.56,0.0,14:37:00,55.63,1700,55.64,2700,55.63,100
30586,0.6599999999999999,0.07,0.59,40.38000000000001,14:37:40,55.62,1900,55.63,1300,55.625,100
30592,0.81,0.18,0.63,44.360000000000014,14:37:44,55.62,2000,55.63,1100,55.62,100
30618,4.17,3.55,0.62,10.26,14:38:10,55.61,1700,55.62,1300,55.61,100
30645,0.5900000000000001,0.14,0.45,31.400000000000002,14:38:31,55.61,2400,55.62,800,55.615,100
30775,0.75,0.25,0.5,53.910000000000025,14:39:53,55.63,1700,55.64,2200,55.6354,180
30794,1.05,0.54,0.51,9.06,14:40:09,55.63,2000,55.64,2200,55.6399,200
30895,0.6300000000000001,0.07,0.56,25.999999999999996,14:41:25,55.64,1300,55.65,1900,55.6401,100
30965,0.75,0.24,0.51,12.190000000000001,14:42:12,55.64,1300,55.65,2300,55.6446,127
31076,0.43,0.07,0.36,36.210000000000015,14:43:36,55.63,1400,55.64,2100,55.6358,100
31115,0.76,0.07,0.69,0.0,14:44:00,55.63,1400,55.64,2400,55.6365,165
31118,0.44,0.07,0.37,1.83,14:44:01,55.63,1500,55.64,2400,55.6357,290
31208,0.62,0.08,0.54,12.019999999999998,14:45:12,55.62,2400,55.63,900,55.6268,145
31281,0.76,0.1,0.66,15.979999999999999,14:46:15,55.64,7000,55.65,1000,55.6466,200
31379,0.62,0.23,0.39,34.599999999999994,14:47:34,55.64,800,55.65,1600,55.6444,110
31408,0.42,0.07,0.35,50.37999999999999,14:47:50,55.64,4300,55.65,1800,55.6467,200
31433,1.19,0.73,0.46,11.03,14:48:11,55.65,1100,55.66,1400,55.6545,200
31533,1.79,1.14,0.65,13.219999999999999,14:49:13,55.65,6100,55.66,4100,55.6595,200
31540,0.61,0.08,0.53,19.609999999999996,14:49:19,55.65,6100,55.66,4100,55.6599,177
31615,4.23,3.71,0.52,0.0,14:50:00,55.66,1800,55.67,700,55.6667,100
31616,3.81,3.33,0.48,3.81,14:50:03,55.66,1500,55.67,2200,55.665,100
31630,0.8,0.07,0.73,17.220000000000002,14:50:17,55.67,1000,55.68,1700,55.676,167
31754,0.5800000000000001,0.07,0.51,0.0,14:52:00,55.66,2100,55.67,2500,55.6699,100
31776,3.17,2.64,0.53,20.39,14:52:20,55.67,900,55.68,1600,55.6767,350
31859,3.1799999999999997,2.57,0.61,9.55,14:53:09,55.68,1800,55.69,600,55.6865,200
31868,0.44999999999999996,0.15,0.3,16.19,14:53:16,55.69,900,55.7,1600,55.6943,168
31940,0.76,0.09,0.67,0.0,14:54:00,55.69,1500,55.7,1700,55.6962,185
32049,0.85,0.24,0.61,22.600000000000005,14:55:22,55.71,1000,55.72,2200,55.7157,180
32139,0.75,0.2,0.55,22.23,14:57:22,55.72,2100,55.73,1500,55.7288,150
32164,0.79,0.23,0.56,38.220000000000006,14:57:38,55.72,1000,55.73,1000,55.7241,8300
32290,0.6000000000000001,0.14,0.46,0.0,14:59:00,55.73,1400,55.74,1100,55.7356,200
32331,0.6,0.24,0.36,30.01,14:59:30,55.73,1400,55.74,2000,55.7315,100
32557,0.78,0.13,0.65,0.0,15:02:00,55.72,3400,55.73,2200,55.7289,165
32676,0.62,0.12,0.5,35.18,15:03:35,55.73,1700,55.74,1300,55.7369,200
32726,0.61,0.08,0.53,29.269999999999996,15:04:29,55.74,3500,55.75,2100,55.7462,200
32871,0.8,0.18,0.62,24.150000000000002,15:06:24,55.72,3300,55.73,1400,55.7243,102
32943,0.6399999999999999,0.07,0.57,20.39,15:07:20,55.72,1700,55.73,1900,55.7268,125
32950,0.7799999999999999,0.21,0.57,25.8,15:07:25,55.72,2000,55.73,1900,55.7271,312
32958,0.81,0.18,0.63,32.01,15:07:32,55.72,2000,55.73,1600,55.7244,104
33052,0.6000000000000001,0.07,0.53,14.19,15:08:14,55.73,2700,55.74,2800,55.7331,100
33090,1.99,1.51,0.48,18.179999999999996,15:09:18,55.73,3900,55.74,2200,55.7334,3300
33175,1.77,1.25,0.52,9.389999999999999,15:10:09,55.75,3500,55.76,1200,55.757,100
33184,0.6,0.13,0.47,21.380000000000003,15:10:21,55.75,3000,55.76,1200,55.751000000000005,400
33188,0.63,0.18,0.45,23.810000000000002,15:10:23,55.75,3100,55.76,1200,55.7543,670
33262,3.9800000000000004,3.49,0.49,17.159999999999997,15:11:17,55.75,1300,55.76,1500,55.7546,100
33335,0.61,0.17,0.44,7.99,15:12:07,55.75,1700,55.76,1800,55.7512,289
33338,0.62,0.13,0.49,10.399999999999999,15:12:10,55.75,1700,55.76,1900,55.7569,200
33353,0.58,0.08,0.5,24.15,15:12:24,55.75,1500,55.76,3300,55.7525,100
33380,0.6100000000000001,0.07,0.54,42.00000000000001,15:12:42,55.73,1200,55.74,1100,55.7375,100
33489,0.76,0.07,0.69,45.679999999999986,15:13:45,55.72,1400,55.73,2400,55.727,153
33512,0.75,0.08,0.67,8.4,15:14:08,55.72,1700,55.73,2400,55.7266,200
33613,1.43,0.85,0.58,16.189999999999998,15:15:16,55.72,1900,55.73,2300,55.7234,300
33616,0.59,0.08,0.51,19.979999999999997,15:15:19,55.72,1900,55.73,2300,55.7246,400
33644,0.5700000000000001,0.07,0.5,35.56,15:15:35,55.72,1900,55.73,2400,55.7299,108
33699,1.02,0.48,0.54,6.600000000000001,15:16:06,55.72,2000,55.73,2500,55.7284,200
33703,0.6,0.08,0.52,12.39,15:16:12,55.72,2000,55.73,2900,55.723,204
33706,0.44,0.08,0.36,15.790000000000001,15:16:15,55.72,2100,55.73,2900,55.7272,433
33790,3.0,2.53,0.47,7.37,15:17:07,55.72,2700,55.73,2300,55.7296,200
33910,0.5900000000000001,0.07,0.52,36.030000000000015,15:18:36,55.72,4300,55.73,1900,55.7265,201
33954,3.53,2.8,0.73,13.959999999999999,15:19:13,55.72,2100,55.73,2900,55.7213,160
33968,0.61,0.09,0.52,26.0,15:19:26,55.7,2000,55.71,1100,55.705,100
34095,0.44,0.07,0.37,48.06000000000001,15:20:48,55.67,1900,55.68,2400,55.6783,250
34117,3.81,3.17,0.64,0.0,15:21:00,55.66,1800,55.67,1500,55.661,500
34124,1.81,1.18,0.63,6.42,15:21:06,55.66,2300,55.67,1600,55.6638,110
34143,0.62,0.2,0.42,21.450000000000003,15:21:21,55.65,2900,55.66,2000,55.6568,269
34215,0.5700000000000001,0.14,0.43,19.57,15:22:19,55.67,1300,55.68,1600,55.6732,398
34235,0.6200000000000001,0.07,0.55,33.57999999999999,15:22:33,55.68,1000,55.69,1500,55.6842,1000
34238,0.59,0.21,0.38,35.37,15:22:35,55.68,1300,55.69,1600,55.6883,125
34245,0.62,0.2,0.42,39.56,15:22:39,55.68,1500,55.69,1100,55.6832,100
34278,0.5900000000000001,0.07,0.52,0.0,15:23:00,55.68,1500,55.69,1200,55.687,186
34377,3.59,3.01,0.58,10.75,15:24:10,55.68,2400,55.69,1400,55.6869,489
34406,0.5900000000000001,0.07,0.52,34.400000000000006,15:24:34,55.69,2400,55.7,600,55.6932,200
34421,0.83,0.24,0.59,44.809999999999995,15:24:44,55.7,2700,55.71,1100,55.7041,500
34484,0.5900000000000001,0.07,0.52,27.939999999999998,15:25:27,55.69,4900,55.7,1400,55.695,100
34627,0.6,0.16,0.44,1.81,15:27:01,55.69,2200,55.7,2100,55.6928,600
34655,0.43999999999999995,0.09,0.35,26.01,15:27:26,55.69,2700,55.7,2700,55.6944,125
34676,0.78,0.24,0.54,38.59000000000001,15:27:38,55.69,2700,55.7,2700,55.6931,100
34781,0.6000000000000001,0.14,0.46,49.56000000000002,15:28:49,55.69,3000,55.7,2800,55.6947,200
34865,0.8,0.07,0.73,0.0,15:30:00,55.69,3600,55.7,1500,55.6913,679
34876,1.02,0.27,0.75,19.84,15:30:19,55.7,2300,55.71,1200,55.7001,100
34902,0.62,0.08,0.54,39.78999999999999,15:30:39,55.7,1800,55.71,1900,55.708999999999996,250
34930,0.6,0.08,0.52,0.0,15:31:00,55.7,2100,55.71,1900,55.701,405
34940,0.8200000000000001,0.18,0.64,6.37,15:31:06,55.7,2100,55.71,2400,55.7088,196
35143,0.59,0.08,0.51,21.559999999999995,15:33:21,55.7,2100,55.71,2600,55.7043,292
35146,0.45,0.07,0.38,23.389999999999997,15:33:23,55.7,2100,55.71,3200,55.7099,500
35288,0.75,0.08,0.67,0.0,15:35:00,55.69,1500,55.7,1400,55.6966,144
35351,0.63,0.19,0.44,37.66,15:35:37,55.71,1700,55.72,700,55.7143,100
35362,0.58,0.08,0.5,43.85,15:35:43,55.71,1700,55.72,1000,55.7199,166
35393,2.83,2.39,0.44,13.57,15:36:13,55.71,3800,55.72,1700,55.7166,200
35462,0.5700000000000001,0.07,0.5,53.74,15:36:53,55.71,4400,55.72,2300,55.7135,176
35576,0.43999999999999995,0.09,0.35,23.210000000000004,15:38:23,55.72,5000,55.73,2100,55.7218,200
35580,0.5900000000000001,0.19,0.4,25.620000000000008,15:38:25,55.72,5000,55.73,2100,55.7216,250
35656,1.9700000000000002,1.36,0.61,16.39,15:39:16,55.72,4800,55.73,2300,55.7269,150
35742,2.42,1.85,0.57,16.03,15:40:16,55.71,3400,55.72,600,55.7193,100
35792,0.66,0.23,0.43,49.629999999999995,15:40:49,55.71,2200,55.72,4000,55.7142,100
35805,0.59,0.09,0.5,0.0,15:41:00,55.7,1400,55.71,3200,55.7084,145
36348,0.5900000000000001,0.07,0.52,19.830000000000002,15:47:19,55.65,1400,55.66,5700,55.6527,198
36395,0.59,0.18,0.41,48.07000000000004,15:47:48,55.65,3000,55.66,5800,55.6519,1000
36571,0.5700000000000001,0.07,0.5,51.970000000000006,15:49:51,55.65,5000,55.66,5400,55.651,100
36699,0.8,0.24,0.56,34.40999999999999,15:51:34,55.69,6400,55.7,1000,55.6935,300
36857,0.77,0.07,0.7,42.01,15:53:42,55.71,5200,55.72,4400,55.7101,116
36874,0.45,0.07,0.38,53.82999999999999,15:53:53,55.69,2300,55.7,6500,55.6975,100
37103,0.78,0.37,0.41,40.24000000000001,15:56:40,55.68,5200,55.69,8400,55.681000000000004,500
37196,0.78,0.19,0.59,18.560000000000002,15:59:18,55.71,16000,55.72,6500,55.7175,100
