,Total Delay,Request Delay,Saving Delay,Arrival Time,Time,Bid,Bid Size,Ask,Ask Size,Last Price,Last Size
0,0.6499999999999999,0.3,0.35,0.6499999999999999,09:30:00,153.23,100,153.32,200,153.27,100
12,0.35,0.16,0.19,4.76,09:30:04,153.24,100,153.32,200,153.3,17900
28,0.5800000000000001,0.27,0.31,10.940000000000001,09:30:10,153.18,200,153.32,500,153.19,100
56,0.30000000000000004,0.07,0.23,0.0,09:31:00,153.12,200,153.26,300,153.14,100
65,0.31,0.07,0.24,5.0,09:31:05,153.13,800,153.26,300,153.2,100
77,1.79,1.43,0.36,13.86,09:31:13,153.15,500,153.26,100,153.22,200
80,1.4100000000000001,1.07,0.34,16.65,09:31:16,153.13,1100,153.26,100,153.17,100
152,0.74,0.21,0.53,43.39000000000001,09:31:43,153.15,100,153.25,200,153.24,100
197,2.11,1.93,0.18,0.0,09:32:00,153.15,100,153.23,100,153.21,100
214,0.33999999999999997,0.18,0.16,14.990000000000002,09:32:14,153.17,200,153.25,200,153.25,100
227,0.36,0.19,0.17,18.990000000000002,09:32:18,153.24,100,153.3,100,153.29,100
246,0.36,0.18,0.18,25.039999999999996,09:32:25,153.3,100,153.38,100,153.36,200
283,0.25,0.09,0.16,37.160000000000004,09:32:37,153.28,200,153.35,200,153.34,132
295,0.33999999999999997,0.18,0.16,41.170000000000016,09:32:41,153.3,300,153.39,400,153.37,100
300,0.36,0.19,0.17,42.69000000000002,09:32:42,153.33,100,153.41,100,153.4,100
344,0.36,0.18,0.18,0.36,09:33:00,153.35,200,153.41,100,153.41,200
362,2.69,2.48,0.21,15.6,09:33:15,153.35,300,153.41,600,153.35,100
464,0.39,0.17,0.22,50.95,09:33:50,153.31,200,153.39,100,153.31,100
540,0.35,0.13,0.22,25.719999999999995,09:34:25,153.31,500,153.38,600,153.345,100
614,0.38,0.08,0.3,0.0,09:35:00,153.35,1000,153.42,100,153.39,100
617,3.8,3.55,0.25,4.83,09:35:04,153.37,300,153.46,100,153.42,100
618,0.34,0.07,0.27,5.17,09:35:05,153.48,400,153.61,800,153.55,180
622,3.44,3.13,0.31,9.790000000000001,09:35:09,153.52,300,153.64,1000,153.59,100
623,1.67,1.41,0.26,11.46,09:35:11,153.54,400,153.64,400,153.61,100
625,2.72,2.35,0.37,14.980000000000002,09:35:14,153.56,500,153.65,200,153.64,100
628,0.45,0.22,0.23,16.62,09:35:16,153.59,1000,153.69,100,153.66,100
641,0.4,0.18,0.22,22.53,09:35:22,153.59,1800,153.71,300,153.69,100
647,0.43000000000000005,0.16,0.27,24.77,09:35:24,153.62,1000,153.75,700,153.71,175
662,0.56,0.29,0.27,30.749999999999996,09:35:30,153.64,300,153.76,800,153.73,200
668,0.26,0.07,0.19,32.669999999999995,09:35:32,153.7,200,153.78,400,153.75,100
680,0.33,0.07,0.26,36.78000000000001,09:35:36,153.63,900,153.76,100,153.705,200
686,0.6200000000000001,0.28,0.34,39.32000000000001,09:35:39,153.65,900,153.8,400,153.79,100
733,0.35,0.19,0.16,54.79000000000001,09:35:54,153.59,1100,153.68,100,153.65,100
774,2.31,2.11,0.2,14.610000000000001,09:36:14,153.64,500,153.72,200,153.68,200
780,0.43,0.19,0.24,20.580000000000002,09:36:20,153.64,100,153.72,400,153.7,100
805,0.65,0.28,0.37,30.470000000000006,09:36:30,153.65,100,153.72,200,153.685,100
809,0.42,0.12,0.3,32.2,09:36:32,153.66,300,153.72,100,153.72,100
842,0.52,0.21,0.31,46.46999999999999,09:36:46,153.67,100,153.72,100,153.67,100
901,2.69,2.4,0.29,14.19,09:37:14,153.62,1300,153.73,100,153.63,100
949,0.4,0.09,0.31,36.01,09:37:36,153.67,600,153.71,100,153.6701,100
1216,0.49,0.22,0.27,44.52000000000004,09:39:44,153.65,200,153.73,200,153.6777,500
1261,0.35,0.17,0.18,0.0,09:40:00,153.51,300,153.56,100,153.54,100
1330,0.38,0.19,0.19,33.98,09:40:33,153.48,200,153.56,100,153.48,100
1346,0.45,0.19,0.26,39.949999999999996,09:40:39,153.48,200,153.54,100,153.53,100
1407,1.19,0.95,0.24,4.99,09:41:04,153.48,200,153.54,100,153.52,100
1451,0.31,0.08,0.23,26.179999999999996,09:41:26,153.49,800,153.54,100,153.5122,120
1555,0.30000000000000004,0.07,0.23,0.0,09:42:00,153.5,200,153.57,200,153.56,100
1566,0.41000000000000003,0.09,0.32,9.52,09:42:09,153.5,300,153.55,100,153.5219,300
1637,0.4,0.18,0.22,41.02,09:42:41,153.5,200,153.56,200,153.51,100
1676,0.54,0.25,0.29,3.8200000000000003,09:43:03,153.42,900,153.53,100,153.475,100
1752,0.28,0.07,0.21,37.82,09:43:37,153.48,300,153.53,100,153.49,100
1933,0.41000000000000003,0.18,0.23,49.81000000000001,09:44:49,153.45,900,153.52,100,153.47,154
1966,0.42000000000000004,0.19,0.23,0.0,09:45:00,153.41,1000,153.47,100,153.44,100
1985,0.5700000000000001,0.28,0.29,16.139999999999997,09:45:16,153.45,100,153.51,100,153.46,120
2014,0.5700000000000001,0.26,0.31,28.250000000000004,09:45:28,153.42,700,153.49,100,153.4474,200
2440,0.24000000000000002,0.07,0.17,0.0,09:48:00,153.4,700,153.51,1100,153.4488,103
2654,0.33,0.08,0.25,0.0,09:50:00,153.38,600,153.45,100,153.43,100
2656,0.45,0.18,0.27,0.8500000000000001,09:50:00,153.38,600,153.45,100,153.45,100
2936,0.42,0.21,0.21,8.100000000000001,09:52:08,153.35,100,153.42,1100,153.38,128
3132,0.26,0.07,0.19,0.0,09:53:00,153.27,400,153.35,500,153.32,100
3240,2.9800000000000004,2.74,0.24,2.9800000000000004,09:54:02,153.27,100,153.33,700,153.292,100
3469,0.52,0.24,0.28,9.590000000000002,09:55:09,153.31,200,153.37,1300,153.33,100
3504,0.44,0.21,0.23,23.380000000000003,09:55:23,153.24,1500,153.33,300,153.26,300
3990,0.25,0.07,0.18,10.05,09:59:10,153.28,300,153.33,200,153.28,100
4155,0.48,0.17,0.31,0.0,10:00:00,153.31,500,153.39,500,153.3333,290
4196,0.74,0.17,0.57,19.94,10:00:19,153.31,800,153.42,800,153.3579,102
4484,0.4,0.18,0.22,42.88999999999999,10:02:42,153.23,300,153.34,1100,153.2975,133
4934,0.28,0.08,0.2,0.0,10:06:00,153.31,300,153.37,200,153.335,100
5194,0.26,0.07,0.19,51.60000000000002,10:07:51,153.23,300,153.28,100,153.265,200
5213,0.4,0.2,0.2,57.60000000000002,10:07:57,153.22,200,153.29,300,153.255,100
5439,0.46,0.27,0.19,23.83,10:09:23,153.23,200,153.26,800,153.23,100
5748,0.36,0.17,0.19,26.0,10:14:26,153.3,300,153.34,100,153.328,1000
6261,0.6,0.18,0.42,49.91000000000002,10:17:49,153.41,400,153.45,100,153.433,150
6521,0.43,0.22,0.21,30.049999999999997,10:20:30,153.49,500,153.57,200,153.498,361
6559,0.6000000000000001,0.07,0.53,10.14,10:21:10,153.56,100,153.61,100,153.62,100
6637,2.21,1.94,0.27,15.350000000000001,10:22:15,153.56,500,153.65,100,153.6,100
8363,0.59,0.09,0.5,22.149999999999995,10:38:22,153.43,200,153.48,1600,153.455,200
9030,0.63,0.21,0.42,0.63,10:46:00,153.46,500,153.52,1100,153.5,100
9109,0.6100000000000001,0.28,0.33,0.0,10:47:00,153.54,100,153.59,200,153.57,100
9163,0.64,0.18,0.46,38.22999999999999,10:47:38,153.55,100,153.59,100,153.567,200
9402,0.5700000000000001,0.14,0.43,20.160000000000004,10:50:20,153.58,400,153.63,800,153.605,100
9497,0.5800000000000001,0.07,0.51,19.939999999999998,10:51:19,153.62,200,153.68,100,153.6291,100
9500,0.59,0.22,0.37,21.75,10:51:21,153.62,100,153.68,300,153.644,500
9567,0.6200000000000001,0.07,0.55,24.570000000000007,10:52:24,153.58,300,153.62,300,153.582,100
9646,0.5900000000000001,0.07,0.52,12.190000000000001,10:53:12,153.54,600,153.61,100,153.58,100
9809,0.6100000000000001,0.07,0.54,0.0,10:57:00,153.52,100,153.59,100,153.563,1258
10012,0.58,0.29,0.29,13.82,10:59:13,153.61,300,153.69,1400,153.662,200
10546,0.44,0.07,0.37,5.86,11:07:05,153.55,600,153.61,100,153.575,100
11115,0.44,0.13,0.31,53.40000000000001,11:13:53,153.68,300,153.75,300,153.715,400
11143,0.5700000000000001,0.2,0.37,10.82,11:14:10,153.73,600,153.75,100,153.77,100
11197,0.45,0.08,0.37,42.85999999999999,11:14:42,153.77,300,153.78,100,153.78,100
11518,0.6100000000000001,0.07,0.54,0.0,11:20:00,153.69,300,153.77,400,153.76,300
11660,0.7899999999999999,0.22,0.57,0.0,11:22:00,153.72,400,153.75,300,153.74,100
11837,0.8,0.39,0.41,14.4,11:24:14,153.63,1600,153.72,700,153.631,110
12099,0.63,0.08,0.55,27.439999999999998,11:29:27,153.67,200,153.74,800,153.718,200
12179,0.7999999999999999,0.22,0.58,49.04999999999999,11:30:49,153.61,100,153.76,100,153.6125,2000
12205,0.6000000000000001,0.07,0.53,0.0,11:31:00,153.57,100,153.74,100,153.6658,100
12247,0.6000000000000001,0.14,0.46,25.75,11:31:25,153.6,200,153.65,100,153.625,179
12538,0.63,0.21,0.42,50.0,11:34:50,153.39,100,153.46,100,153.425,100
12566,79.02,78.7,0.32,0.0,11:36:00,153.49,100,153.55,200,153.52200000000002,130
12766,0.45,0.07,0.38,0.0,11:38:00,153.43,100,153.54,100,153.4732,100
13480,0.29000000000000004,0.07,0.22,20.899999999999995,11:47:20,153.53,200,153.63,100,153.5862,300
13487,0.4,0.18,0.22,23.04,11:47:23,153.53,200,153.62,100,153.586,100
13715,0.42000000000000004,0.22,0.2,24.13000000000001,11:48:24,153.54,200,153.62,100,153.60399999999998,150
14318,0.27,0.07,0.2,0.0,11:52:00,153.54,300,153.6,100,153.5736,100
14526,0.25,0.07,0.18,4.04,11:54:04,153.54,400,153.6,100,153.5799,123
16848,0.27,0.09,0.18,21.669999999999995,12:09:21,153.55,100,153.62,100,153.6077,125
17451,0.38,0.18,0.2,0.0,12:13:00,153.56,100,153.66,200,153.6235,148
19014,0.42,0.18,0.24,0.0,12:23:00,153.73,100,153.81,200,153.809,100
19017,0.48,0.24,0.24,1.37,12:23:01,153.73,100,153.81,200,153.8,100
19310,0.38,0.14,0.24,0.0,12:25:00,153.73,100,153.81,300,153.7661,267
19319,2.81,2.41,0.4,10.900000000000002,12:25:10,153.74,200,153.81,300,153.81,100
19537,0.4,0.19,0.21,2.0700000000000003,12:26:02,153.75,200,153.86,100,153.86,100
19727,0.24000000000000002,0.07,0.17,0.0,12:28:00,153.77,200,153.87,100,153.826,100
19807,0.32,0.13,0.19,33.82000000000001,12:28:33,153.82,200,153.91,100,153.88,100
19838,0.35,0.14,0.21,43.910000000000004,12:28:43,153.82,200,153.93,200,153.93,100
20051,0.4,0.18,0.22,0.0,12:30:00,153.83,200,153.93,100,153.89,100
20147,0.37,0.17,0.2,40.000000000000014,12:30:40,153.83,100,153.93,200,153.85,100
20532,0.3,0.08,0.22,0.0,12:33:00,153.78,100,153.87,200,153.83,100
21665,0.24000000000000002,0.07,0.17,0.0,12:41:00,153.63,100,153.7,200,153.6533,411
22029,3.1500000000000004,2.89,0.26,8.45,12:46:08,153.76,100,153.86,100,153.8116,150
22248,0.38,0.18,0.2,30.24,12:47:30,153.83,200,153.94,200,153.91,100
23089,0.45,0.27,0.18,0.0,12:52:00,153.89,200,154.0,100,153.95,100
23095,0.27,0.08,0.19,1.7999999999999998,12:52:01,153.95,100,154.01,100,153.98,100
23161,0.36,0.19,0.17,0.0,12:53:00,153.97,200,154.01,200,153.97,100
23261,0.24000000000000002,0.07,0.17,0.0,12:54:00,153.97,300,154.01,300,154.01,100
23436,0.26,0.07,0.19,27.65,12:55:27,153.97,300,154.01,100,154.0,100
23443,0.25,0.07,0.18,29.789999999999996,12:55:29,153.98,100,154.04,100,154.04,100
23456,0.26,0.09,0.17,33.78,12:55:33,153.99,200,154.07,400,154.07,100
23462,0.25,0.08,0.17,35.870000000000005,12:55:35,153.99,200,154.07,400,154.03,100
23475,0.38,0.22,0.16,39.77000000000001,12:55:39,153.99,200,154.07,400,154.02,100
24019,0.42000000000000004,0.22,0.2,0.0,13:00:00,153.99,300,154.07,400,154.0182,150
24309,0.23,0.07,0.16,0.0,13:02:00,153.88,100,154.03,200,153.99,100
24356,0.28,0.07,0.21,13.800000000000008,13:02:13,153.91,100,154.0,200,153.92,100
24628,0.24000000000000002,0.07,0.17,0.0,13:04:00,153.86,100,153.92,100,153.9,100
24911,174.01,173.76,0.25,0.0,13:08:00,153.9,100,154.02,400,153.9001,100
25122,0.4,0.18,0.22,4.010000000000001,13:10:04,153.9,100,154.02,500,153.96,100
25360,2.24,1.97,0.27,2.7,13:12:02,153.9,100,153.95,100,153.9109,100
25456,0.58,0.08,0.5,0.0,13:13:00,153.86,200,153.95,200,153.905,100
25739,3.4000000000000004,2.99,0.41,8.61,13:16:08,153.88,200,153.95,100,153.915,100
25812,0.58,0.09,0.49,0.0,13:17:00,153.94,100,154.01,200,153.941,200
25904,3.24,2.6,0.64,0.0,13:18:00,153.9,100,153.95,200,153.925,100
26002,0.56,0.19,0.37,0.0,13:19:00,153.88,100,153.91,300,153.895,132
26567,1.18,0.19,0.99,0.0,13:26:00,153.93,1000,154.06,400,153.9748,100
26622,1.42,0.26,1.16,0.0,13:27:00,153.93,100,154.06,400,154.05,100
26626,1.21,0.08,1.13,4.58,13:27:04,154.07,200,154.16,100,154.16,100
26629,1.0,0.13,0.87,7.779999999999999,13:27:07,154.15,2200,154.16,100,154.15,300
26631,1.0,0.08,0.92,9.959999999999999,13:27:09,154.15,2100,154.18,200,154.18,100
26637,1.3800000000000001,0.07,1.31,16.749999999999996,13:27:16,154.16,100,154.2,100,154.19,100
26709,1.01,0.07,0.94,0.0,13:29:00,154.19,200,154.22,100,154.2,100
26717,1.19,0.21,0.98,9.780000000000001,13:29:09,154.2,100,154.22,100,154.21,100
26724,1.2000000000000002,0.09,1.11,18.77,13:29:18,154.2,200,154.25,200,154.22,100
26818,1.02,0.09,0.93,0.0,13:31:00,154.2,200,154.25,400,154.23,100
26829,1.4,0.18,1.22,0.0,13:32:00,154.2,200,154.25,400,154.225,100
26967,2.39,1.29,1.1,0.0,13:35:00,154.11,100,154.18,200,154.13,100
26969,2.59,1.44,1.15,3.96,13:35:03,154.11,200,154.18,200,154.17,100
26987,1.2000000000000002,0.1,1.1,27.81,13:35:27,154.11,100,154.18,100,154.145,100
27082,1.0,0.24,0.76,0.0,13:37:00,154.11,300,154.2,200,154.1543,100
27243,1.4,0.2,1.2,0.0,13:41:00,154.11,400,154.19,400,154.159,1700
27288,1.4000000000000001,0.07,1.33,31.180000000000003,13:42:31,154.12,100,154.18,300,154.12,100
27443,0.99,0.23,0.76,18.609999999999996,13:45:18,154.14,100,154.23,300,154.175,122
27577,0.8099999999999999,0.08,0.73,36.99,13:48:36,154.19,100,154.29,100,154.25,100
27599,1.03,0.07,0.96,57.58999999999999,13:48:57,154.19,200,154.29,400,154.285,200
27656,0.8300000000000001,0.18,0.65,0.0,13:49:00,154.22,100,154.29,300,154.28,100
27712,1.5799999999999998,0.43,1.15,0.0,13:51:00,154.22,100,154.25,200,154.249,100
27722,3.8,2.78,1.02,14.98,13:51:14,154.23,600,154.25,300,154.2436,170
27730,1.39,0.24,1.15,25.580000000000002,13:51:25,154.23,100,154.3,500,154.26,100
27733,1.2000000000000002,0.09,1.11,29.19,13:51:29,154.23,300,154.3,500,154.278,108
27773,0.99,0.26,0.73,0.0,13:52:00,154.23,200,154.3,400,154.265,100
27816,1.01,0.18,0.83,0.0,13:53:00,154.24,400,154.26,200,154.245,100
27818,0.83,0.08,0.75,1.81,13:53:01,154.24,300,154.25,400,154.24,390
27835,1.02,0.08,0.94,22.830000000000005,13:53:22,154.26,100,154.28,100,154.27,100
27838,1.03,0.22,0.81,26.03000000000001,13:53:26,154.27,200,154.3,300,154.3,100
27858,0.82,0.08,0.74,44.22000000000001,13:53:44,154.28,100,154.34,200,154.31,100
27883,3.41,2.69,0.72,7.02,13:54:07,154.28,100,154.33,200,154.3006,118
28032,0.81,0.07,0.74,0.0,13:57:00,154.3,100,154.38,200,154.33,100
28142,1.02,0.09,0.93,18.23,13:59:18,154.32,200,154.38,200,154.38,100
28181,3.6100000000000003,2.62,0.99,0.0,14:00:00,154.33,100,154.38,300,154.3775,150
28229,2.23,1.28,0.95,0.0,14:01:00,154.32,100,154.35,100,154.35,100
28337,1.18,0.21,0.97,0.0,14:03:00,154.31,100,154.32,100,154.32,100
28442,1.02,0.13,0.89,0.0,14:05:00,154.31,200,154.35,200,154.36,100
28477,1.4,0.23,1.17,0.0,14:06:00,154.31,300,154.35,200,154.34,100
28521,1.1800000000000002,0.08,1.1,0.0,14:07:00,154.31,200,154.35,200,154.336,124
28548,1.01,0.07,0.94,40.03999999999999,14:07:40,154.28,200,154.31,200,154.29,100
28556,1.2000000000000002,0.08,1.12,50.02,14:07:50,154.27,100,154.3,100,154.2884,436
28770,0.8200000000000001,0.07,0.75,0.0,14:12:00,154.28,300,154.34,300,154.3058,198
28839,0.8200000000000001,0.07,0.75,8.38,14:13:08,154.34,300,154.39,200,154.39,100
28883,0.8099999999999999,0.09,0.72,53.97,14:13:53,154.34,200,154.38,100,154.365,100
28889,0.83,0.12,0.71,0.0,14:14:00,154.29,200,154.36,200,154.3056,106
28908,0.8099999999999999,0.08,0.73,24.789999999999996,14:14:24,154.3,200,154.36,300,154.3276,107
29403,0.6,0.17,0.43,0.0,14:22:00,154.19,200,154.26,700,154.2145,204
30089,0.5700000000000001,0.14,0.43,57.55000000000005,14:29:57,154.22,300,154.3,300,154.248,167
30451,0.7799999999999999,0.21,0.57,0.0,14:34:00,154.26,300,154.29,200,154.275,100
30485,104.82,104.3,0.52,0.0,14:35:00,154.23,100,154.26,200,154.255,100
31429,2.42,1.76,0.66,0.0,14:48:00,154.28,200,154.35,200,154.335,100
31567,0.45,0.08,0.37,17.62,14:49:17,154.28,200,154.35,300,154.315,100
31889,0.5800000000000001,0.07,0.51,13.76,14:53:13,154.12,100,154.23,100,154.14,100
31981,0.76,0.07,0.69,10.139999999999999,14:54:10,154.13,100,154.23,300,154.1735,811
32569,0.79,0.07,0.72,16.78,15:02:16,154.15,100,154.21,400,154.1839,150
32979,0.77,0.07,0.7,41.830000000000005,15:07:41,154.19,300,154.24,400,154.215,100
33007,0.8300000000000001,0.18,0.65,0.0,15:08:00,154.25,200,154.26,100,154.235,100
33284,0.61,0.23,0.38,0.0,15:11:00,154.16,100,154.25,200,154.2201,100
33294,0.6000000000000001,0.14,0.46,5.960000000000001,15:11:05,154.17,100,154.25,200,154.205,100
33390,0.5900000000000001,0.13,0.46,34.00000000000001,15:12:34,154.15,300,154.21,200,154.184,140
33476,0.6,0.08,0.52,33.85,15:13:33,154.16,100,154.25,300,154.2039,137
33598,0.7699999999999999,0.08,0.69,0.0,15:15:00,154.15,200,154.25,400,154.2167,100
33799,0.5900000000000001,0.07,0.52,0.0,15:17:00,154.15,300,154.24,300,154.195,100
33913,0.6,0.08,0.52,18.180000000000003,15:18:18,154.1,100,154.14,300,154.11,100
33919,0.78,0.2,0.58,21.980000000000004,15:18:21,154.06,100,154.12,200,154.1,100
33925,0.81,0.18,0.63,26.380000000000003,15:18:26,154.04,100,154.1,200,154.06,100
34014,0.5700000000000001,0.07,0.5,0.0,15:19:00,154.04,200,154.14,200,154.09,100
34046,0.7899999999999999,0.21,0.58,0.0,15:20:00,154.04,300,154.13,200,154.085,100
34856,1.05,0.12,0.93,0.0,15:29:00,154.08,200,154.17,200,154.125,100
34873,0.7899999999999999,0.08,0.71,0.0,15:30:00,154.08,100,154.15,100,154.1066,165
35458,0.5700000000000001,0.07,0.5,49.740000000000016,15:36:49,154.07,100,154.12,200,154.08,100
35769,0.5800000000000001,0.27,0.31,0.0,15:40:00,154.14,200,154.18,200,154.155,100
35870,0.6100000000000001,0.07,0.54,34.290000000000006,15:41:34,154.15,100,154.18,200,154.165,100
36346,0.44,0.07,0.37,18.660000000000004,15:47:18,154.23,400,154.26,200,154.2541,243
36553,0.59,0.17,0.42,42.02000000000002,15:49:42,154.21,300,154.23,200,154.227,100
36687,0.8099999999999999,0.08,0.73,24.139999999999993,15:51:24,154.18,200,154.21,300,154.1925,100
36758,0.6100000000000001,0.07,0.54,14.199999999999996,15:52:14,154.16,100,154.18,300,154.1691,331
37185,2.19,1.61,0.58,9.8,15:59:09,154.09,100,154.11,200,154.1105,129
