,Total Delay,Request Delay,Saving Delay,Arrival Time,Time,Bid,Bid Size,Ask,Ask Size,Last Price,Last Size
0,0.6499999999999999,0.3,0.35,0.6499999999999999,09:30:00,33.83,500,33.87,200,33.83,100
6,0.28,0.08,0.2,2.6000000000000005,09:30:02,33.83,500,33.87,100,33.86,100
12,0.35,0.16,0.19,4.76,09:30:04,33.83,500,33.91,300,33.85,100
69,0.42,0.21,0.21,5.86,09:31:05,33.83,500,33.88,100,33.87,100
110,0.5,0.28,0.22,26.060000000000002,09:31:26,33.81,100,33.89,800,33.88,100
117,0.3,0.08,0.22,28.21,09:31:28,33.79,500,33.93,300,33.89,500
127,0.6000000000000001,0.27,0.33,32.04,09:31:32,33.8,700,33.93,200,33.92,200
169,0.27,0.07,0.2,47.85000000000001,09:31:47,33.81,200,33.93,100,33.9,100
175,0.32,0.14,0.18,49.800000000000004,09:31:49,33.82,600,33.93,100,33.93,200
258,0.39,0.22,0.17,26.549999999999994,09:32:26,34.0,200,34.01,400,34.0,100
264,0.24000000000000002,0.07,0.17,28.499999999999996,09:32:28,34.0,100,34.02,500,34.01,100
343,2.23,1.98,0.25,0.0,09:33:00,34.0,400,34.02,100,34.0085,100
350,3.75,3.46,0.29,5.78,09:33:05,34.02,100,34.03,100,34.0116,2000
354,2.19,1.96,0.23,9.16,09:33:09,34.01,200,34.03,400,34.02,100
362,2.69,2.48,0.21,15.6,09:33:15,34.02,200,34.04,200,34.03,100
365,0.42000000000000004,0.23,0.19,16.55,09:33:16,34.02,200,34.04,200,34.04,240
370,0.66,0.28,0.38,18.680000000000003,09:33:18,34.02,400,34.03,300,34.0217,100
387,0.42000000000000004,0.22,0.2,24.710000000000004,09:33:24,34.03,100,34.04,200,34.0353,2000
423,0.28,0.07,0.21,36.62000000000001,09:33:36,34.03,100,34.04,200,34.035,150
452,0.26,0.07,0.19,46.540000000000006,09:33:46,33.97,200,33.98,200,33.97,100
458,0.27,0.09,0.18,48.7,09:33:48,33.97,400,33.99,400,33.98,100
464,0.39,0.17,0.22,50.95,09:33:50,34.0,100,34.01,400,33.99,100
479,0.38,0.12,0.26,56.03000000000001,09:33:56,34.06,200,34.08,200,34.07,100
480,0.28,0.11,0.17,0.0,09:34:00,34.05,800,34.08,300,34.08,400
492,0.34,0.14,0.2,4.010000000000001,09:34:04,34.08,700,34.1,6500,34.09,100
508,1.78,1.57,0.21,11.239999999999998,09:34:11,34.15,400,34.16,100,34.15,100
509,2.14,1.95,0.19,13.379999999999999,09:34:13,34.16,100,34.18,300,34.17,100
513,2.17,1.87,0.3,16.61,09:34:16,34.1,400,34.13,100,34.1,600
514,3.77,3.6,0.17,20.38,09:34:20,34.07,200,34.1,200,34.06,100
561,0.26,0.08,0.18,40.00999999999999,09:34:40,34.05,600,34.08,1100,34.05,100
636,0.43,0.22,0.21,20.59,09:35:20,34.13,100,34.15,300,34.14,200
641,0.4,0.18,0.22,22.53,09:35:22,34.13,100,34.15,300,34.1347,1500
662,0.56,0.29,0.27,30.749999999999996,09:35:30,34.17,300,34.19,300,34.18,100
674,0.44999999999999996,0.21,0.24,34.75,09:35:34,34.17,600,34.19,300,34.1701,5000
677,0.42,0.21,0.21,35.86000000000001,09:35:35,34.19,100,34.2,500,34.19,200
695,0.6200000000000001,0.28,0.34,42.92,09:35:42,34.19,100,34.22,400,34.22,121
701,0.26,0.08,0.18,44.800000000000004,09:35:44,34.21,200,34.24,2000,34.2,600
727,0.38,0.21,0.17,53.05000000000001,09:35:53,34.26,100,34.27,300,34.25,755
732,0.25,0.07,0.18,54.44000000000001,09:35:54,34.26,100,34.28,300,34.27,300
741,0.23,0.07,0.16,56.81000000000002,09:35:56,34.32,500,34.33,200,34.31,145
751,0.4,0.23,0.17,0.0,09:36:00,34.32,400,34.34,200,34.32,100
764,0.29,0.08,0.21,3.9400000000000004,09:36:03,34.33,400,34.35,47800,34.333,200
765,0.44000000000000006,0.17,0.27,4.380000000000001,09:36:04,34.33,400,34.35,47800,34.33,126
769,0.36000000000000004,0.08,0.28,9.370000000000001,09:36:09,34.3,1100,34.33,1300,34.3238,711
772,0.24000000000000002,0.07,0.17,12.05,09:36:12,34.31,400,34.34,3100,34.3269,150
785,0.42,0.21,0.21,22.46,09:36:22,34.35,300,34.39,300,34.38,147
790,0.38,0.09,0.29,24.490000000000002,09:36:24,34.35,500,34.39,300,34.37,100
800,0.44000000000000006,0.17,0.27,28.390000000000008,09:36:28,34.36,500,34.39,400,34.39,100
828,0.26,0.08,0.18,40.329999999999984,09:36:40,34.39,300,34.42,200,34.405,400
850,0.34,0.08,0.26,50.269999999999996,09:36:50,34.35,500,34.36,300,34.36,300
855,0.35000000000000003,0.07,0.28,52.44,09:36:52,34.41,600,34.43,400,34.43,800
860,0.29,0.08,0.21,54.279999999999994,09:36:54,34.42,500,34.43,400,34.421,500
875,0.42000000000000004,0.08,0.34,0.0,09:37:00,34.44,400,34.46,100,34.46,100
878,0.5900000000000001,0.07,0.52,1.7600000000000002,09:37:01,34.45,500,34.46,100,34.45,100
889,0.67,0.21,0.46,7.869999999999999,09:37:07,34.46,200,34.48,2400,34.464,400
893,0.28,0.07,0.21,9.77,09:37:09,34.47,200,34.49,500,34.48,100
898,1.7399999999999998,1.38,0.36,13.839999999999998,09:37:13,34.42,700,34.44,1000,34.41,100
901,2.69,2.4,0.29,18.139999999999997,09:37:18,34.44,500,34.45,1000,34.44,1000
902,0.39,0.14,0.25,18.529999999999998,09:37:18,34.47,400,34.49,500,34.49,300
914,0.41000000000000003,0.21,0.2,23.889999999999997,09:37:23,34.48,800,34.49,1000,34.4813,1500
918,0.49,0.14,0.35,25.749999999999996,09:37:25,34.48,300,34.49,100,34.4884,500
922,0.43,0.08,0.35,27.889999999999997,09:37:27,34.5,2600,34.52,500,34.51,300
934,0.35000000000000003,0.07,0.28,33.71,09:37:33,34.47,700,34.49,500,34.47,200
949,0.4,0.09,0.31,39.959999999999994,09:37:39,34.42,400,34.46,200,34.424,3900
954,0.47,0.21,0.26,41.829999999999984,09:37:41,34.42,1100,34.45,1000,34.42,100
970,0.46,0.2,0.26,47.84999999999998,09:37:47,34.44,400,34.45,900,34.435,100
984,0.41,0.12,0.29,53.639999999999965,09:37:53,34.44,900,34.45,900,34.4469,300
989,0.36,0.07,0.29,55.90999999999997,09:37:55,34.45,100,34.48,400,34.465,300
998,0.48,0.21,0.27,0.0,09:38:00,34.45,900,34.47,200,34.4669,100
1016,4.37,4.13,0.24,12.880000000000003,09:38:12,34.5,100,34.52,100,34.5,100
1028,0.34,0.08,0.26,17.89,09:38:17,34.5,200,34.52,100,34.5068,2000
1080,0.46,0.23,0.23,42.17999999999999,09:38:42,34.5,200,34.52,200,34.5116,200
1084,0.41000000000000003,0.17,0.24,43.72999999999998,09:38:43,34.5,200,34.52,100,34.52,100
1123,0.44999999999999996,0.21,0.24,0.0,09:39:00,34.53,100,34.54,100,34.53,100
1137,0.31,0.08,0.23,7.8,09:39:07,34.55,500,34.57,500,34.56,100
1142,0.37,0.18,0.19,9.600000000000001,09:39:09,34.52,100,34.55,600,34.54,100
1181,0.43,0.18,0.25,29.51000000000001,09:39:29,34.5,200,34.53,100,34.515,150
1295,0.29000000000000004,0.07,0.22,19.1,09:40:19,34.4,200,34.44,200,34.425,700
1319,0.49,0.28,0.21,27.800000000000004,09:40:27,34.39,300,34.43,200,34.416,100
1401,0.29000000000000004,0.1,0.19,1.8,09:41:01,34.42,200,34.45,200,34.431,400
1456,0.37,0.15,0.22,27.689999999999998,09:41:27,34.43,200,34.46,200,34.445,1600
1503,0.3,0.08,0.22,43.91999999999999,09:41:43,34.43,300,34.46,400,34.4323,100
1600,0.33,0.08,0.25,33.92999999999999,09:42:33,34.46,100,34.49,1400,34.475,200
1658,0.76,0.29,0.47,58.21999999999998,09:42:58,34.39,200,34.41,200,34.4,100
1686,0.31,0.07,0.24,5.789999999999999,09:43:05,34.38,500,34.4,500,34.385,300
1778,0.48,0.21,0.27,45.830000000000005,09:43:45,34.37,200,34.4,200,34.3855,200
1815,0.33,0.07,0.26,4.07,09:44:04,34.41,200,34.43,100,34.411,330
1847,0.46,0.18,0.28,21.99,09:44:21,34.44,400,34.46,600,34.443000000000005,700
1868,0.33999999999999997,0.12,0.22,30.06,09:44:30,34.43,500,34.45,100,34.4498,100
1962,0.38,0.08,0.3,2.25,09:45:02,34.49,100,34.5,100,34.495,100
1969,5.109999999999999,4.93,0.18,9.59,09:45:09,34.49,500,34.5,200,34.4943,100
2001,0.5800000000000001,0.27,0.31,26.28000000000001,09:45:26,34.5,600,34.51,200,34.505,100
2025,0.35000000000000003,0.08,0.27,36.00000000000001,09:45:36,34.53,200,34.54,100,34.525,125
2052,0.39,0.15,0.24,46.16000000000001,09:45:46,34.52,100,34.53,700,34.531,135
2103,0.44999999999999996,0.21,0.24,8.159999999999998,09:46:08,34.51,400,34.52,900,34.510999999999996,400
2107,2.08,1.85,0.23,11.409999999999998,09:46:11,34.51,400,34.52,1000,34.5162,200
2145,0.32,0.14,0.18,32.03,09:46:32,34.48,400,34.5,200,34.482,200
2158,0.32999999999999996,0.09,0.24,36.34,09:46:36,34.48,500,34.49,100,34.485,100
2309,0.32999999999999996,0.09,0.24,36.40999999999999,09:47:36,34.44,300,34.46,400,34.455,100
2328,0.3,0.09,0.21,42.06999999999999,09:47:42,34.43,200,34.44,300,34.4343,130
2338,0.48,0.24,0.24,46.259999999999984,09:47:46,34.38,300,34.4,400,34.381,200
2389,0.31,0.09,0.22,5.930000000000001,09:48:05,34.41,100,34.42,100,34.4136,1000
2435,0.47,0.24,0.23,27.689999999999994,09:48:27,34.36,500,34.38,200,34.3688,575
2474,0.5900000000000001,0.25,0.34,42.129999999999995,09:48:42,34.34,300,34.35,100,34.34,100
2479,0.27,0.08,0.19,43.82,09:48:43,34.35,200,34.36,100,34.355,100
2485,0.34,0.07,0.27,45.93,09:48:45,34.32,400,34.34,400,34.35,200
2524,0.51,0.2,0.31,0.0,09:49:00,34.3,1400,34.32,400,34.3001,130
2528,0.48000000000000004,0.2,0.28,1.6800000000000002,09:49:01,34.29,400,34.3,300,34.29,900
2543,2.41,1.99,0.42,11.760000000000002,09:49:11,34.29,400,34.31,200,34.3,100
2547,0.38,0.18,0.2,13.720000000000002,09:49:13,34.3,300,34.31,100,34.3035,1000
2586,0.54,0.24,0.3,35.779999999999994,09:49:35,34.31,100,34.32,100,34.3188,1000
2683,3.7800000000000002,3.45,0.33,21.87,09:50:21,34.28,500,34.29,200,34.28,100
2695,0.28,0.07,0.21,25.92,09:50:25,34.26,300,34.28,700,34.26,100
2751,5.26,5.09,0.17,52.030000000000015,09:50:52,34.23,400,34.25,400,34.24,100
2755,0.28,0.07,0.21,53.51000000000002,09:50:53,34.23,400,34.25,400,34.23,100
2831,0.38,0.14,0.24,27.95,09:51:27,34.25,800,34.27,100,34.2501,500
2853,0.48,0.22,0.26,36.11,09:51:36,34.25,800,34.27,400,34.2578,125
2932,1.1,0.85,0.25,4.620000000000001,09:52:04,34.25,500,34.27,200,34.2588,200
2953,0.25,0.07,0.18,17.85,09:52:17,34.25,400,34.26,200,34.2559,500
3004,0.26,0.07,0.19,34.0,09:52:34,34.25,500,34.27,400,34.2608,400
3046,0.38,0.21,0.17,49.65000000000001,09:52:49,34.27,400,34.29,700,34.289,200
3053,0.44,0.23,0.21,52.03000000000001,09:52:52,34.27,100,34.28,100,34.275,100
3244,3.73,3.54,0.19,10.690000000000001,09:54:10,34.21,400,34.23,200,34.21,400
3349,0.39,0.2,0.19,44.10000000000004,09:54:44,34.14,400,34.17,400,34.16,100
3372,0.26,0.09,0.17,0.0,09:55:00,34.16,600,34.17,100,34.165,200
3403,1.42,0.92,0.5,16.879999999999995,09:55:16,34.16,100,34.17,800,34.1647,200
3414,0.55,0.18,0.37,22.409999999999997,09:55:22,34.17,200,34.18,100,34.1799,100
3444,0.6799999999999999,0.25,0.43,34.559999999999995,09:55:34,34.15,700,34.17,300,34.155,300
3448,0.45,0.25,0.2,36.22,09:55:36,34.15,700,34.17,300,34.150999999999996,100
3529,0.52,0.2,0.32,12.39,09:56:12,34.13,400,34.15,400,34.13,300
3538,1.61,1.37,0.24,16.790000000000003,09:56:16,34.13,400,34.15,300,34.1387,1000
3789,0.29000000000000004,0.07,0.22,57.949999999999996,09:57:57,34.11,100,34.12,400,34.1107,100
3801,0.41000000000000003,0.22,0.19,0.0,09:58:00,34.12,500,34.13,300,34.125,400
3807,0.37,0.18,0.19,2.0500000000000003,09:58:02,34.12,600,34.13,200,34.12,100
3869,0.37,0.17,0.2,36.08,09:58:36,34.01,300,34.02,500,34.012,100
3897,0.28,0.08,0.2,45.89999999999999,09:58:45,34.01,100,34.03,500,34.0281,810
3929,0.42000000000000004,0.23,0.19,0.0,09:59:00,34.0,300,34.01,400,34.0099,250
3955,0.39,0.22,0.17,12.809999999999999,09:59:12,34.1,300,34.11,100,34.1044,313
3959,1.3099999999999998,1.14,0.17,15.02,09:59:15,34.1,200,34.11,100,34.11,200
3978,0.26,0.08,0.18,22.13,09:59:22,34.1,300,34.11,100,34.1046,218
3990,0.25,0.07,0.18,25.98,09:59:25,34.11,100,34.12,100,34.115,100
4094,0.32,0.07,0.25,0.0,10:00:00,34.06,400,34.09,400,34.0797,303
4099,0.39,0.07,0.32,2.0100000000000002,10:00:02,34.06,400,34.09,600,34.0738,125
4169,0.32,0.07,0.25,40.289999999999985,10:00:40,34.13,200,34.14,1500,34.1353,2000
4227,0.28,0.08,0.2,15.86,10:01:15,34.14,400,34.15,700,34.1475,1000
4300,0.36,0.19,0.17,41.590000000000025,10:01:41,34.13,600,34.14,100,34.1399,100
4360,0.26,0.08,0.18,1.9700000000000002,10:02:01,34.13,300,34.14,700,34.135,400
4416,0.36000000000000004,0.08,0.28,32.17999999999999,10:02:32,34.17,500,34.18,100,34.175,100
4595,0.27,0.1,0.17,39.790000000000006,10:03:39,34.15,200,34.16,400,34.1563,1500
4621,0.36,0.15,0.21,47.67,10:03:47,34.15,800,34.16,500,34.1546,144
4652,0.24000000000000002,0.07,0.17,57.85,10:03:57,34.15,700,34.16,400,34.159,750
4673,0.38,0.14,0.24,0.38,10:04:00,34.14,1000,34.15,500,34.1474,100
4722,0.27,0.07,0.2,22.540000000000006,10:04:22,34.14,200,34.15,800,34.145,200
4818,0.37,0.17,0.2,16.070000000000004,10:05:16,34.16,100,34.17,400,34.1646,150
5069,0.29000000000000004,0.09,0.2,0.0,10:07:00,34.15,700,34.16,500,34.157,1000
5083,0.45999999999999996,0.25,0.21,4.99,10:07:04,34.15,800,34.16,500,34.1547,140
5125,0.38,0.18,0.2,27.960000000000008,10:07:27,34.09,400,34.1,500,34.0901,100
5131,0.55,0.24,0.31,30.370000000000008,10:07:30,34.09,300,34.1,400,34.0925,100
5147,0.28,0.07,0.21,36.230000000000004,10:07:36,34.08,100,34.09,600,34.0825,100
5194,0.26,0.07,0.19,51.97000000000002,10:07:51,34.02,200,34.03,1100,34.022,100
5207,0.31,0.12,0.19,55.910000000000025,10:07:55,34.03,700,34.04,600,34.0325,100
5249,2.8200000000000003,2.62,0.2,15.55,10:08:15,34.02,1400,34.03,200,34.0225,100
5349,0.30000000000000004,0.07,0.23,52.08000000000001,10:08:52,34.03,600,34.04,300,34.025,100
5361,0.29000000000000004,0.07,0.22,55.900000000000006,10:08:55,34.04,400,34.05,200,34.041,1012
5376,0.37,0.17,0.2,0.0,10:09:00,34.04,200,34.05,400,34.0481,100
5381,3.4,3.07,0.33,9.22,10:09:09,34.03,500,34.05,500,34.0401,100
5824,0.4,0.21,0.19,54.180000000000014,10:14:54,34.13,300,34.14,400,34.1368,300
5953,0.24,0.08,0.16,46.200000000000024,10:15:46,34.14,400,34.15,100,34.1438,8000
6003,1.88,1.71,0.17,0.0,10:16:00,34.14,200,34.15,400,34.1442,100
6253,0.53,0.22,0.31,45.90000000000001,10:17:45,34.13,300,34.14,500,34.1493,1750
6441,0.44,0.22,0.22,5.580000000000001,10:20:05,34.14,600,34.15,400,34.1464,700
6442,0.36,0.15,0.21,5.940000000000001,10:20:05,34.14,700,34.15,300,34.1468,250
6489,0.30000000000000004,0.07,0.23,25.960000000000008,10:20:25,34.14,600,34.15,400,34.1447,100
6608,0.6799999999999999,0.21,0.47,0.0,10:22:00,34.12,600,34.13,300,34.1268,250
6626,0.79,0.29,0.5,12.490000000000002,10:22:12,34.12,500,34.13,300,34.123000000000005,110
6638,0.34,0.07,0.27,21.950000000000003,10:22:21,34.12,400,34.13,300,34.126999999999995,200
6734,2.37,1.92,0.45,2.91,10:23:02,34.13,300,34.14,600,34.1358,100
6784,0.36,0.09,0.27,27.100000000000005,10:23:27,34.13,700,34.14,700,34.1331,415
6939,0.48,0.19,0.29,50.330000000000005,10:24:50,34.15,1300,34.16,600,34.1538,400
6978,0.39,0.12,0.27,11.619999999999997,10:25:11,34.18,200,34.19,300,34.1833,500
6982,0.36,0.09,0.27,13.459999999999997,10:25:13,34.18,600,34.19,400,34.1832,200
7020,0.44,0.18,0.26,33.53999999999999,10:25:33,34.17,500,34.18,400,34.179,400
7306,0.26,0.08,0.18,22.06,10:28:22,34.18,500,34.19,800,34.185,100
7454,0.28,0.07,0.21,13.679999999999998,10:29:13,34.16,1000,34.17,600,34.1668,250
7522,0.26,0.07,0.19,37.660000000000025,10:29:37,34.16,1500,34.17,900,34.169000000000004,400
7649,0.37,0.14,0.23,37.459999999999994,10:30:37,34.2,300,34.21,400,34.205,100
7665,0.45,0.18,0.27,43.519999999999996,10:30:43,34.2,400,34.21,400,34.2068,207
7756,0.32,0.11,0.21,28.040000000000006,10:31:28,34.2,500,34.21,400,34.2042,125
7919,0.34,0.08,0.26,40.85000000000002,10:33:40,34.21,500,34.22,500,34.2147,509
7929,0.31,0.07,0.24,45.02000000000002,10:33:45,34.21,1000,34.22,500,34.219,150
7958,3.92,3.62,0.3,11.71,10:34:11,34.23,500,34.24,400,34.235,100
8047,0.42000000000000004,0.19,0.23,50.24,10:34:50,34.21,800,34.22,400,34.2156,120
8111,0.62,0.08,0.54,23.820000000000004,10:35:23,34.21,200,34.22,300,34.2182,250
8128,0.98,0.18,0.8,36.22999999999999,10:35:36,34.21,300,34.22,300,34.2157,325
8155,2.19,1.58,0.61,0.0,10:36:00,34.21,700,34.22,400,34.2153,1000
8162,1.2,0.77,0.43,7.160000000000001,10:36:07,34.22,200,34.23,500,34.2268,250
8268,0.5800000000000001,0.07,0.51,24.500000000000007,10:37:24,34.22,200,34.23,500,34.2265,659
8343,2.58,1.97,0.61,11.35,10:38:11,34.21,1500,34.22,300,34.2174,1000
8357,0.45,0.07,0.38,20.01,10:38:20,34.21,1500,34.22,200,34.215,100
8406,0.66,0.16,0.5,49.809999999999995,10:38:49,34.21,1400,34.22,400,34.211,500
8449,0.7999999999999999,0.09,0.71,34.11,10:39:34,34.21,1200,34.22,300,34.2111,100
8598,0.59,0.21,0.38,25.83,10:41:25,34.21,500,34.22,600,34.2166,250
8662,0.56,0.07,0.49,0.0,10:42:00,34.21,500,34.22,1200,34.2131,231
8783,0.7799999999999999,0.08,0.7,5.62,10:43:05,34.22,600,34.23,600,34.225,100
8797,0.59,0.09,0.5,15.800000000000002,10:43:15,34.22,500,34.23,600,34.221,100
8937,0.5900000000000001,0.07,0.52,0.0,10:45:00,34.22,500,34.23,800,34.227,135
9012,0.61,0.24,0.37,0.0,10:46:00,34.22,700,34.23,1300,34.2254,100
9101,0.6399999999999999,0.29,0.35,0.0,10:47:00,34.22,300,34.23,1300,34.226,100
9162,0.8,0.2,0.6,43.58999999999998,10:47:43,34.21,900,34.22,200,34.2143,600
9395,0.61,0.2,0.41,24.190000000000005,10:50:24,34.22,700,34.23,500,34.2243,176
9409,0.44,0.13,0.31,31.80000000000001,10:50:31,34.22,700,34.23,500,34.229,146
9424,0.44,0.07,0.37,40.180000000000014,10:50:40,34.22,700,34.23,500,34.2269,345
9487,0.6000000000000001,0.07,0.53,17.34,10:51:17,34.21,600,34.22,700,34.2142,600
9519,0.6,0.19,0.41,37.31000000000001,10:51:37,34.22,300,34.23,400,34.2229,1200
9541,0.5900000000000001,0.25,0.34,0.0,10:52:00,34.21,500,34.22,600,34.2155,200
9644,2.5799999999999996,2.01,0.57,17.219999999999995,10:53:17,34.24,1500,34.25,3800,34.245,100
9689,0.76,0.39,0.37,43.83999999999999,10:53:43,34.25,1100,34.26,1100,34.255,100
9707,0.58,0.09,0.49,54.239999999999995,10:53:54,34.26,600,34.27,900,34.2697,500
9721,0.56,0.07,0.49,2.18,10:54:02,34.26,800,34.27,500,34.265,300
9780,0.6,0.11,0.49,16.23,10:56:16,34.28,900,34.29,500,34.2852,200
9786,0.6000000000000001,0.14,0.46,20.240000000000002,10:56:20,34.28,900,34.29,500,34.285,100
10012,0.58,0.29,0.29,5.24,10:59:05,34.26,500,34.27,800,34.2644,250
10095,0.79,0.19,0.6,10.579999999999998,11:00:10,34.26,1000,34.27,500,34.2656,161
10121,0.57,0.08,0.49,29.979999999999993,11:00:29,34.26,900,34.27,500,34.2625,100
10151,0.5700000000000001,0.07,0.5,47.75000000000001,11:00:47,34.25,1300,34.26,1400,34.2536,1500
10256,135.06,134.46,0.6,0.0,11:04:00,34.29,900,34.3,1300,34.295,100
10338,0.8200000000000001,0.07,0.75,8.21,11:05:08,34.31,300,34.32,600,34.319,500
10340,1.56,0.89,0.67,10.760000000000002,11:05:10,34.31,900,34.32,500,34.315,100
10392,0.62,0.21,0.41,43.820000000000014,11:05:43,34.32,600,34.33,300,34.325,100
10434,0.58,0.09,0.49,20.18,11:06:20,34.33,900,34.34,200,34.335,100
10496,0.62,0.23,0.39,54.16999999999999,11:06:54,34.33,1400,34.34,200,34.3306,150
10503,0.6,0.22,0.38,57.97999999999999,11:06:57,34.34,700,34.35,400,34.345,100
10520,0.59,0.17,0.42,3.8,11:07:03,34.34,500,34.35,200,34.3427,200
10525,2.18,1.6,0.58,11.379999999999999,11:07:11,34.34,600,34.35,200,34.3441,600
10535,0.56,0.12,0.44,19.999999999999996,11:07:19,34.36,400,34.37,500,34.3665,200
10557,0.43000000000000005,0.09,0.34,31.83,11:07:31,34.36,500,34.37,100,34.365,100
10594,0.58,0.08,0.5,51.599999999999994,11:07:51,34.34,700,34.35,400,34.3424,2100
10692,0.43,0.07,0.36,0.0,11:09:00,34.36,800,34.37,1200,34.3699,171
10699,4.99,4.47,0.52,8.15,11:09:08,34.36,800,34.37,1200,34.3669,200
10713,0.5800000000000001,0.07,0.51,15.969999999999999,11:09:15,34.36,800,34.37,1200,34.363,100
10802,0.44,0.07,0.37,15.62,11:10:15,34.36,200,34.37,900,34.3694,2000
10855,0.59,0.17,0.42,46.980000000000025,11:10:46,34.36,600,34.37,700,34.3656,200
10873,0.5900000000000001,0.19,0.4,56.97000000000003,11:10:56,34.36,600,34.37,700,34.3646,400
11030,0.82,0.23,0.59,46.449999999999996,11:12:46,34.35,500,34.36,400,34.356,100
11182,0.62,0.18,0.44,11.809999999999999,11:14:11,34.34,800,34.35,1300,34.347,900
11345,0.46,0.07,0.39,0.0,11:18:00,34.31,600,34.32,700,34.3146,600
11423,0.6499999999999999,0.08,0.57,2.25,11:19:02,34.3,700,34.31,1400,34.3034,200
11496,0.76,0.08,0.68,0.0,11:20:00,34.28,900,34.29,900,34.2801,100
11690,0.5900000000000001,0.07,0.52,30.059999999999995,11:22:30,34.3,700,34.31,200,34.305,100
11910,0.59,0.08,0.51,0.0,11:25:00,34.3,900,34.31,1100,34.3099,2300
11946,0.77,0.36,0.41,30.0,11:25:30,34.29,500,34.3,500,34.2932,102
12141,0.95,0.22,0.73,0.0,11:30:00,34.21,400,34.22,1700,34.2133,100
12566,79.02,78.7,0.32,0.0,11:36:00,34.27,600,34.28,600,34.2799,100
12629,0.5800000000000001,0.07,0.51,3.62,11:37:03,34.27,600,34.28,900,34.2769,200
12664,0.45,0.08,0.37,24.41999999999999,11:37:24,34.27,1100,34.28,1000,34.2719,100
12680,0.62,0.24,0.38,33.589999999999996,11:37:33,34.27,1000,34.28,1000,34.2738,100
12728,0.62,0.12,0.5,23.810000000000006,11:38:23,34.28,200,34.29,700,34.2807,300
12955,0.29000000000000004,0.07,0.22,12.060000000000002,11:42:12,34.27,100,34.28,700,34.2731,113
13176,0.34,0.17,0.17,10.840000000000002,11:45:10,34.25,1300,34.26,1200,34.253,100
13209,0.44,0.23,0.21,21.009999999999998,11:45:21,34.25,1200,34.26,900,34.2543,1000
13462,0.32,0.12,0.2,11.97,11:47:11,34.24,1600,34.25,800,34.241,2000
13541,0.4,0.18,0.22,37.72,11:47:37,34.26,400,34.27,900,34.271,100
13652,0.3,0.09,0.21,19.200000000000003,11:48:19,34.27,300,34.28,400,34.2785,241
14229,0.4,0.2,0.2,6.69,11:52:06,34.27,400,34.28,1100,34.277,500
14305,0.33999999999999997,0.18,0.16,32.09000000000002,11:52:32,34.26,500,34.27,1000,34.2634,250
14531,0.33999999999999997,0.15,0.19,0.0,11:54:00,34.28,300,34.29,700,34.2893,300
14563,0.27,0.07,0.2,9.989999999999998,11:54:09,34.28,400,34.29,700,34.2885,300
14606,0.4,0.23,0.17,23.990000000000002,11:54:23,34.28,400,34.29,700,34.2835,484
14711,0.4,0.18,0.22,0.0,11:55:00,34.28,400,34.29,1100,34.283,185
16053,0.28,0.07,0.21,3.1900000000000004,12:04:03,34.26,500,34.27,1100,34.2664,500
16362,3.7199999999999998,3.4,0.32,13.110000000000003,12:06:13,34.26,700,34.27,2500,34.2654,350
16567,0.28,0.08,0.2,28.850000000000012,12:07:28,34.26,800,34.27,2600,34.2642,300
16692,0.29,0.08,0.21,0.0,12:08:00,34.26,1600,34.27,1400,34.269,300
16725,0.48,0.22,0.26,11.900000000000002,12:08:11,34.27,1000,34.28,1000,34.2729,1000
16893,0.4,0.23,0.17,19.89,12:09:19,34.31,900,34.32,400,34.3133,100
17061,0.41000000000000003,0.2,0.21,42.199999999999996,12:10:42,34.31,1100,34.32,500,34.3131,441
17481,0.36,0.2,0.16,19.879999999999995,12:13:19,34.33,1200,34.34,500,34.3349,100
17627,0.35,0.19,0.16,13.8,12:14:13,34.33,1200,34.34,1600,34.3358,1000
17688,0.49,0.19,0.3,36.400000000000006,12:14:36,34.33,1200,34.34,2500,34.3301,100
17899,0.25,0.08,0.17,0.0,12:16:00,34.32,700,34.33,1600,34.3288,600
17936,3.98,3.64,0.34,18.400000000000002,12:16:18,34.32,700,34.33,1800,34.3244,143
17978,0.48,0.25,0.23,33.930000000000014,12:16:33,34.32,500,34.33,1200,34.3268,290
18138,0.37,0.21,0.16,34.25999999999999,12:17:34,34.32,600,34.33,1200,34.3235,1000
18211,0.36,0.19,0.17,56.21,12:17:56,34.32,600,34.33,1900,34.329,500
18758,0.42,0.21,0.21,6.079999999999998,12:21:06,34.36,900,34.37,300,34.3692,200
18868,0.9199999999999999,0.72,0.2,0.0,12:22:00,34.37,1300,34.38,400,34.375,100
19001,0.31,0.13,0.18,0.0,12:23:00,34.37,700,34.38,900,34.3746,211
19128,0.29,0.08,0.21,52.20000000000001,12:23:52,34.38,1400,34.39,2200,34.3843,800
19228,0.5700000000000001,0.23,0.34,0.0,12:24:00,34.38,1600,34.39,2400,34.3846,200
19790,0.27,0.09,0.18,19.18,12:28:19,34.44,600,34.45,2200,34.449,145
19917,0.42,0.18,0.24,0.0,12:29:00,34.44,1000,34.45,2100,34.4456,100
19973,0.27,0.07,0.2,20.549999999999997,12:29:20,34.44,1000,34.45,2100,34.4446,308
20184,0.29,0.08,0.21,56.250000000000014,12:30:56,34.41,1100,34.42,1800,34.415,100
20222,0.35,0.18,0.17,18.06,12:31:18,34.4,1200,34.41,3400,34.4042,4700
20917,0.30000000000000004,0.14,0.16,35.93999999999997,12:35:35,34.37,800,34.38,2300,34.3758,285
20930,0.55,0.22,0.33,40.169999999999966,12:35:40,34.37,800,34.38,2300,34.3731,149
20967,0.41000000000000003,0.24,0.17,1.9500000000000002,12:36:01,34.37,400,34.38,2300,34.379,100
21219,0.45999999999999996,0.21,0.25,30.760000000000005,12:37:30,34.35,500,34.36,300,34.3599,300
21406,44.300000000000004,43.96,0.34,0.0,12:39:00,34.36,800,34.37,700,34.3667,190
21528,0.5700000000000001,0.27,0.3,24.07,12:40:24,34.36,500,34.37,1000,34.3668,150
21771,0.41000000000000003,0.21,0.2,53.91000000000001,12:41:53,34.35,600,34.36,1100,34.3552,100
21849,0.28,0.07,0.21,20.590000000000007,12:44:20,34.38,1000,34.39,1300,34.3852,276
21955,0.42,0.21,0.21,31.78000000000001,12:45:31,34.38,900,34.39,1400,34.3865,177
22129,0.27,0.07,0.2,38.09000000000001,12:46:38,34.37,1100,34.38,2100,34.376999999999995,170
22272,0.26,0.07,0.19,47.82000000000003,12:47:47,34.37,900,34.38,1600,34.3725,300
22638,0.25,0.08,0.17,16.26,12:50:16,34.36,700,34.37,2000,34.3653,100
22926,0.37,0.21,0.16,56.090000000000025,12:51:56,34.34,1700,34.35,1600,34.3443,144
22980,0.25,0.08,0.17,16.110000000000003,12:52:16,34.33,400,34.34,2500,34.3351,108
23126,0.36,0.2,0.16,1.6600000000000001,12:53:01,34.35,600,34.36,500,34.3517,138
23272,0.29,0.08,0.21,0.0,12:54:00,34.35,500,34.36,700,34.3538,1108
23765,0.33999999999999997,0.18,0.16,24.880000000000003,12:57:24,34.37,700,34.38,800,34.373000000000005,100
23931,0.24000000000000002,0.07,0.17,29.889999999999983,12:58:29,34.37,900,34.38,400,34.3701,100
23967,0.23,0.07,0.16,41.85999999999998,12:58:41,34.37,900,34.38,800,34.3757,250
24019,0.42000000000000004,0.22,0.2,0.0,13:00:00,34.38,500,34.39,2000,34.3868,155
25035,0.34,0.07,0.27,47.840000000000025,13:09:47,34.37,1600,34.38,2400,34.376,1000
25177,0.4,0.2,0.2,24.3,13:10:24,34.37,1800,34.38,2500,34.3765,100
25344,0.47000000000000003,0.08,0.39,0.0,13:12:00,34.37,2000,34.38,2400,34.3777,820
25456,0.58,0.08,0.5,0.0,13:13:00,34.37,2000,34.38,2900,34.3766,200
25542,0.6000000000000001,0.14,0.46,56.13000000000001,13:13:56,34.37,2100,34.38,2900,34.3756,100
25577,0.63,0.2,0.43,18.4,13:14:18,34.37,2000,34.38,3000,34.3799,150
25759,0.57,0.21,0.36,18.56,13:16:18,34.37,1800,34.38,2700,34.3742,5000
26079,0.5800000000000001,0.07,0.51,0.0,13:20:00,34.37,600,34.38,1800,34.3787,475
26226,0.62,0.16,0.46,45.6,13:21:45,34.39,900,34.4,1100,34.3954,400
26419,0.8,0.19,0.61,12.54,13:23:12,34.39,600,34.4,1700,34.395,100
26459,0.8099999999999999,0.24,0.57,5.54,13:24:05,34.38,800,34.39,1000,34.387,421
26699,1.4100000000000001,0.07,1.34,1.4100000000000001,13:29:01,34.39,1900,34.4,2100,34.3999,195
26705,1.4100000000000001,0.12,1.29,14.210000000000003,13:29:14,34.39,2200,34.4,1600,34.3969,100
26713,1.3599999999999999,0.23,1.13,24.380000000000006,13:29:24,34.39,2200,34.4,1600,34.3932,122
26840,0.99,0.08,0.91,4.61,13:32:04,34.39,1400,34.4,2200,34.393,130
26880,1.1900000000000002,0.07,1.12,17.6,13:33:17,34.39,1500,34.4,2500,34.3963,104
26972,2.62,1.65,0.97,19.39,13:35:19,34.39,800,34.4,2600,34.397,300
27000,1.3900000000000001,0.37,1.02,54.19000000000001,13:35:54,34.39,1200,34.4,2600,34.3946,245
27262,3.59,2.35,1.24,0.0,13:42:00,34.38,1100,34.39,1900,34.3844,110
27662,0.99,0.17,0.82,0.0,13:50:00,34.34,1300,34.35,1000,34.3495,1000
27702,1.19,0.2,0.99,46.40999999999999,13:50:46,34.34,1400,34.35,1400,34.3401,783
27716,1.23,0.29,0.94,5.209999999999999,13:51:05,34.34,1200,34.35,1600,34.3433,231
27723,2.3899999999999997,1.63,0.76,17.37,13:51:17,34.34,1200,34.35,1600,34.3485,155
27949,1.2000000000000002,0.08,1.12,37.8,13:55:37,34.34,1500,34.35,500,34.3445,200
28203,1.0,0.24,0.76,37.22,14:00:37,34.35,900,34.36,800,34.3558,250
28217,1.0,0.19,0.81,50.8,14:00:50,34.35,200,34.36,600,34.357,200
28220,1.17,0.23,0.94,53.99,14:00:53,34.35,100,34.36,600,34.3593,200
28472,1.39,0.19,1.2,0.0,14:06:00,34.35,1100,34.36,1900,34.3501,100
28592,1.2,0.07,1.13,32.410000000000004,14:08:32,34.34,2200,34.35,900,34.3456,500
28768,0.97,0.07,0.9,46.53,14:11:46,34.28,1100,34.29,1300,34.2899,169
28790,0.81,0.14,0.67,11.600000000000001,14:12:11,34.28,1100,34.29,1700,34.2857,142
28901,3.58,2.89,0.69,18.39,14:14:18,34.26,1000,34.28,1300,34.2733,191
28918,0.82,0.08,0.74,33.99999999999999,14:14:33,34.27,500,34.28,800,34.273,203
28923,1.01,0.08,0.93,38.58999999999999,14:14:38,34.27,500,34.28,700,34.2754,100
28947,0.99,0.26,0.73,0.0,14:15:00,34.25,300,34.26,1100,34.2554,200
29029,1.3900000000000001,0.07,1.32,37.580000000000005,14:16:37,34.24,1000,34.25,1800,34.2444,1500
29088,1.01,0.08,0.93,48.00999999999999,14:17:48,34.21,1800,34.22,600,34.2138,193
29090,1.01,0.07,0.94,50.22999999999999,14:17:50,34.21,1800,34.22,900,34.2197,100
29119,1.37,0.33,1.04,25.190000000000005,14:18:25,34.2,700,34.21,1000,34.2061,200
29159,1.0,0.24,0.76,4.6,14:19:04,34.19,100,34.2,1800,34.195,100
29295,0.5700000000000001,0.07,0.5,0.0,14:21:00,34.17,1200,34.18,300,34.1731,100
29487,3.95,3.48,0.47,0.0,14:23:00,34.17,700,34.18,300,34.1796,200
29857,0.62,0.18,0.44,9.79,14:27:09,34.16,400,34.17,900,34.1685,100
29967,0.66,0.2,0.46,34.42,14:28:34,34.15,700,34.16,700,34.153,179
30016,4.21,3.43,0.78,6.45,14:29:06,34.15,400,34.16,700,34.1561,550
30037,0.74,0.07,0.67,22.200000000000003,14:29:22,34.14,500,34.15,1200,34.1425,100
30243,0.43,0.07,0.36,23.639999999999997,14:31:23,34.14,100,34.15,1200,34.1443,300
30286,0.62,0.09,0.53,0.0,14:32:00,34.13,2700,34.14,1700,34.1301,600
30487,0.76,0.23,0.53,1.35,14:36:01,34.09,600,34.1,1500,34.095,100
30514,0.58,0.08,0.5,19.75,14:36:19,34.1,1500,34.11,700,34.0975,100
30568,0.7899999999999999,0.09,0.7,22.130000000000003,14:37:22,34.1,500,34.11,1000,34.1026,384
30579,0.63,0.08,0.55,30.729999999999997,14:37:30,34.1,500,34.11,800,34.105,100
30675,0.76,0.3,0.46,51.21000000000003,14:38:51,34.12,800,34.13,600,34.1294,2000
30752,0.61,0.14,0.47,39.75000000000001,14:39:39,34.12,700,34.13,1300,34.1285,100
30973,0.76,0.08,0.68,27.63,14:42:27,34.12,1000,34.13,1800,34.1213,196
31082,0.6200000000000001,0.07,0.55,42.210000000000015,14:43:42,34.12,1100,34.13,1700,34.1299,250
31213,0.62,0.15,0.47,19.419999999999998,14:45:19,34.12,1300,34.13,1700,34.1256,788
31550,0.61,0.09,0.52,9.37,14:49:09,34.23,700,34.24,700,34.2338,300
31866,0.6,0.17,0.43,4.16,14:53:04,34.2,1100,34.21,1000,34.2054,1000
32020,0.64,0.12,0.52,0.0,14:55:00,34.22,1800,34.23,600,34.2299,500
32068,0.79,0.14,0.65,7.8100000000000005,14:56:07,34.22,600,34.23,1600,34.2285,200
32338,0.43,0.07,0.36,7.96,14:59:07,34.23,2400,34.24,1000,34.2393,100
32415,0.5800000000000001,0.14,0.44,28.18,15:00:28,34.22,800,34.23,500,34.2231,300
32534,0.61,0.18,0.43,22.00999999999999,15:01:22,34.22,1100,34.23,1400,34.2257,401
32703,0.6000000000000001,0.07,0.53,11.629999999999999,15:04:11,34.19,300,34.2,2000,34.1956,100
32755,0.78,0.14,0.64,47.85000000000001,15:04:47,34.17,500,34.18,1300,34.1747,107
32780,0.61,0.08,0.53,0.0,15:05:00,34.17,2000,34.18,1300,34.1766,500
32954,0.8300000000000001,0.19,0.64,31.22,15:07:31,34.23,300,34.24,900,34.239000000000004,381
33037,0.9299999999999999,0.24,0.69,20.779999999999994,15:08:20,34.23,500,34.24,900,34.234,207
33191,0.6000000000000001,0.07,0.53,8.229999999999999,15:10:08,34.23,700,34.24,1200,34.2362,114
33512,0.75,0.08,0.67,0.0,15:14:00,34.23,1100,34.24,1300,34.2343,100
34255,0.59,0.18,0.41,44.10000000000003,15:22:44,34.22,1800,34.23,3500,34.2212,109
34518,0.5800000000000001,0.07,0.51,49.94,15:25:49,34.24,600,34.25,600,34.2434,100
34699,0.61,0.19,0.42,41.630000000000024,15:27:41,34.25,700,34.26,800,34.2585,500
34890,0.76,0.07,0.69,31.73999999999999,15:30:31,34.24,600,34.25,1000,34.2485,300
35173,0.77,0.21,0.56,46.980000000000004,15:33:46,34.23,200,34.24,2900,34.2301,100
35479,0.75,0.14,0.61,4.359999999999999,15:37:04,34.22,1000,34.23,2100,34.2246,124
35995,0.44,0.08,0.36,20.220000000000002,15:43:20,34.25,2100,34.26,1000,34.2546,134
36093,0.44,0.14,0.3,22.23,15:44:22,34.24,3300,34.25,1200,34.2446,175
36381,0.5900000000000001,0.07,0.52,39.85000000000003,15:47:39,34.29,2400,34.3,1300,34.2919,148
36822,0.6,0.12,0.48,11.839999999999998,15:53:11,34.32,1300,34.33,1800,34.3299,100
36850,0.78,0.25,0.53,36.64,15:53:36,34.33,1300,34.34,1900,34.3333,100
