,Total Delay,Request Delay,Saving Delay,Arrival Time,Time,Bid,Bid Size,Ask,Ask Size,Last Price,Last Size
0,0.6499999999999999,0.3,0.35,0.6499999999999999,09:30:00,105.43,200,105.84,300,105.53,100
32,0.43,0.21,0.22,12.59,09:30:12,105.21,300,105.48,100,105.47,100
77,1.79,1.43,0.36,0.0,09:31:00,105.15,500,105.48,400,105.3355,2000
117,0.3,0.08,0.22,15.54,09:31:15,105.16,100,105.48,400,105.48,100
144,0.46,0.18,0.28,25.620000000000005,09:31:25,105.16,100,105.48,300,105.22,100
148,0.4,0.08,0.32,27.3,09:31:27,105.16,100,105.48,300,105.2,100
156,0.48,0.21,0.27,31.360000000000003,09:31:31,105.18,100,105.48,300,105.43,100
214,0.33999999999999997,0.18,0.16,0.0,09:32:00,105.24,100,105.45,200,105.35,100
320,0.69,0.28,0.41,34.70999999999999,09:32:34,105.24,200,105.45,200,105.353,1000
387,0.42000000000000004,0.22,0.2,0.0,09:33:00,105.26,100,105.39,100,105.26,100
515,1.4000000000000001,1.06,0.34,0.0,09:34:00,105.24,100,105.38,300,105.37,100
594,0.38,0.14,0.24,30.499999999999993,09:34:30,105.23,100,105.38,300,105.29,100
614,0.38,0.08,0.3,0.0,09:35:00,105.23,100,105.38,300,105.305,100
636,0.43,0.22,0.21,20.59,09:35:20,105.23,100,105.36,200,105.295,100
765,0.44000000000000006,0.17,0.27,0.0,09:36:00,105.45,100,105.55,400,105.45,100
767,1.8299999999999998,1.63,0.2,2.23,09:36:02,105.4,100,105.53,400,105.41,110
774,2.31,2.11,0.2,10.230000000000002,09:36:10,105.35,200,105.5,200,105.4,200
795,0.33,0.1,0.23,21.930000000000007,09:36:21,105.35,100,105.48,100,105.351,116
822,0.30000000000000004,0.07,0.23,33.760000000000005,09:36:33,105.35,100,105.48,100,105.39,100
837,0.67,0.44,0.23,39.870000000000005,09:36:39,105.29,200,105.37,100,105.31,100
866,0.42,0.21,0.21,52.170000000000016,09:36:52,105.34,100,105.62,100,105.36,100
931,0.5,0.07,0.43,0.0,09:37:00,105.28,100,105.36,100,105.38,100
934,0.35000000000000003,0.07,0.28,1.4700000000000002,09:37:01,105.24,100,105.36,100,105.28,100
970,0.46,0.2,0.26,15.610000000000005,09:37:15,105.25,100,105.39,100,105.32,300
1137,0.31,0.08,0.23,7.8,09:39:07,105.15,400,105.27,100,105.25,100
1142,0.37,0.18,0.19,9.600000000000001,09:39:09,105.17,100,105.34,100,105.27,100
1161,0.37,0.09,0.28,21.900000000000002,09:39:21,105.18,100,105.32,100,105.2558,1200
1172,0.31,0.07,0.24,25.76,09:39:25,105.16,100,105.3,100,105.1968,100
1197,0.53,0.17,0.36,35.73000000000002,09:39:35,105.17,200,105.34,100,105.235,100
1362,0.4,0.2,0.2,0.0,09:40:00,105.17,100,105.3,100,105.24,100
1387,0.5700000000000001,0.27,0.3,10.540000000000001,09:40:10,105.15,100,105.26,500,105.15,100
1427,0.33,0.13,0.2,0.0,09:41:00,105.15,100,105.26,600,105.205,100
1451,0.31,0.08,0.23,14.02,09:41:14,105.15,100,105.26,100,105.1783,300
1606,0.48,0.22,0.26,12.19,09:42:12,105.15,100,105.31,100,105.2371,300
1904,0.4,0.2,0.2,0.0,09:44:00,105.32,300,105.43,100,105.34,100
1909,0.31,0.11,0.2,1.7000000000000002,09:44:01,105.32,200,105.45,100,105.385,100
1951,0.39,0.2,0.19,0.0,09:45:00,105.41,100,105.53,100,105.52,100
1996,0.37,0.12,0.25,26.14,09:45:26,105.23,100,105.37,100,105.2301,199
2005,0.43,0.07,0.36,30.040000000000006,09:45:30,105.26,100,105.38,100,105.33,100
2020,0.47,0.26,0.21,36.07000000000002,09:45:36,105.28,100,105.4,100,105.32600000000001,150
2110,0.37,0.1,0.27,0.0,09:46:00,105.42,100,105.52,100,105.455,100
2118,2.44,2.1,0.34,9.219999999999999,09:46:09,105.47,100,105.59,100,105.525,100
2145,0.32,0.14,0.18,19.610000000000003,09:46:19,105.49,200,105.64,100,105.64,100
2239,0.28,0.07,0.21,0.0,09:47:00,105.67,100,105.78,100,105.68,100
2245,0.37,0.08,0.29,2.3200000000000003,09:47:02,105.67,200,105.78,100,105.76,100
2263,1.56,1.22,0.34,14.930000000000001,09:47:14,105.67,100,105.78,100,105.67,119
2273,0.37,0.2,0.17,17.86,09:47:17,105.67,100,105.78,100,105.725,100
2373,0.39,0.2,0.19,0.0,09:48:00,105.7,100,105.78,100,105.74,100
2469,0.37,0.09,0.28,40.04999999999999,09:48:40,105.61,100,105.72,200,105.6782,170
2586,0.54,0.24,0.3,0.0,09:49:00,105.71,300,105.8,300,105.72,100
2638,0.33,0.1,0.23,19.739999999999995,09:49:19,105.67,300,105.8,300,105.7266,300
2712,0.5,0.27,0.23,0.0,09:50:00,105.69,300,105.8,300,105.745,300
2870,0.29000000000000004,0.07,0.22,19.84999999999999,09:51:19,105.78,300,105.84,200,105.84,100
2932,1.1,0.85,0.25,2.47,09:52:02,105.8,300,105.91,100,105.855,100
2941,3.5,3.25,0.25,10.5,09:52:10,105.83,300,105.91,200,105.9,161
2978,0.38,0.21,0.17,23.850000000000005,09:52:23,105.83,300,105.9,100,105.89,130
2992,0.39,0.19,0.2,27.8,09:52:27,105.83,300,105.9,100,105.83,100
3014,0.5,0.18,0.32,35.970000000000006,09:52:35,105.83,300,105.93,100,105.831,1000
3071,0.4,0.17,0.23,0.0,09:53:00,105.83,300,105.93,200,105.92,100
3087,3.0,2.81,0.19,9.41,09:53:09,105.83,400,105.93,300,105.93,103
3140,0.34,0.17,0.17,31.650000000000002,09:53:31,105.83,400,105.93,200,105.85,100
3214,0.24000000000000002,0.07,0.17,55.72999999999997,09:53:55,105.86,200,105.93,200,105.91,100
3239,0.31,0.12,0.19,7.7299999999999995,09:54:07,105.86,200,105.96,200,105.9572,200
3261,0.45,0.27,0.18,24.060000000000006,09:54:24,105.86,300,105.96,200,105.95,100
3281,0.23,0.07,0.16,29.910000000000004,09:54:29,105.86,300,105.97,100,105.96,100
3367,0.36,0.18,0.18,58.05000000000003,09:54:58,105.98,300,106.03,100,106.0,100
3373,0.43,0.25,0.18,0.0,09:55:00,105.98,200,106.03,100,105.98,100
3424,0.38,0.12,0.26,25.729999999999993,09:55:25,105.97,100,106.05,2200,106.02,100
3464,0.28,0.07,0.21,41.72,09:55:41,106.01,200,106.12,300,106.06,100
3494,0.3,0.09,0.21,53.47000000000001,09:55:53,106.02,200,106.11,100,106.1,100
3509,0.5,0.26,0.24,0.0,09:56:00,106.02,100,106.07,200,106.045,100
3522,0.33,0.07,0.26,5.89,09:56:05,105.99,100,106.04,100,106.015,100
3526,2.38,2.05,0.33,10.07,09:56:10,105.97,100,105.99,100,105.99,100
3533,0.45,0.23,0.22,13.96,09:56:13,105.97,100,105.99,100,105.9878,350
3540,1.38,1.03,0.35,18.560000000000002,09:56:18,105.96,100,105.99,100,105.97,100
3603,0.31,0.13,0.18,43.879999999999995,09:56:43,105.85,400,105.94,100,105.9006,180
3622,0.37,0.12,0.25,49.919999999999995,09:56:49,105.9,200,105.97,100,105.94,100
3821,0.39,0.23,0.16,6.11,09:58:06,105.96,300,106.06,100,106.01,200
3845,0.37,0.2,0.17,14.049999999999999,09:58:14,105.96,300,106.06,100,105.9601,500
3984,0.3,0.12,0.18,23.88,09:59:23,105.88,200,105.94,200,105.90100000000001,1000
4123,2.46,2.22,0.24,19.600000000000005,10:00:19,105.91,200,106.01,200,105.944,1200
4199,0.48000000000000004,0.08,0.4,56.279999999999966,10:00:56,106.04,100,106.12,100,106.0845,500
4256,0.29000000000000004,0.09,0.2,16.22,10:01:16,106.0,100,106.06,100,106.04,100
4293,0.44000000000000006,0.27,0.17,28.300000000000004,10:01:28,105.95,100,106.04,200,105.995,100
4595,0.27,0.1,0.17,0.0,10:03:00,105.99,300,106.04,100,106.0394,180
4712,0.32,0.08,0.24,0.0,10:04:00,106.02,300,106.07,200,106.07,100
4803,0.44,0.22,0.22,0.0,10:05:00,106.11,300,106.15,100,106.15,100
4817,0.31,0.08,0.23,7.819999999999999,10:05:07,106.16,300,106.2,100,106.16,200
4833,0.29,0.08,0.21,17.919999999999998,10:05:17,106.08,100,106.12,100,106.11,100
4839,0.4,0.18,0.22,19.989999999999995,10:05:19,106.08,100,106.12,100,106.08,100
4844,0.44,0.22,0.22,22.049999999999994,10:05:22,105.99,200,106.05,100,106.05,100
4886,0.39,0.09,0.3,36.04999999999999,10:05:36,106.07,200,106.12,100,106.09,100
4938,3.37,3.21,0.16,4.2700000000000005,10:06:04,106.12,100,106.16,100,106.14,100
4949,0.38,0.21,0.17,9.920000000000003,10:06:09,106.05,200,106.14,100,106.06200000000001,600
4952,2.39,2.14,0.25,16.930000000000003,10:06:16,106.05,300,106.14,200,106.095,100
5168,0.37,0.18,0.19,43.660000000000004,10:07:43,106.04,100,106.09,100,106.065,100
5391,0.45999999999999996,0.22,0.24,19.790000000000006,10:09:19,105.92,200,106.05,100,106.03,100
5462,168.17,168.0,0.17,0.0,10:12:00,105.99,100,106.06,100,106.0353,200
5575,1.53,1.22,0.31,17.02,10:13:17,106.09,100,106.14,1100,106.12,100
5743,0.4,0.21,0.19,6.140000000000001,10:14:06,105.9,200,105.97,100,105.935,100
5754,0.55,0.26,0.29,10.200000000000001,10:14:10,105.9,200,105.97,100,105.905,100
5830,0.25,0.07,0.18,34.03999999999999,10:14:34,105.72,100,105.83,100,105.8,100
5849,0.49,0.22,0.27,0.0,10:15:00,105.84,100,105.94,100,105.865,100
5866,0.30000000000000004,0.07,0.23,14.810000000000002,10:15:14,105.86,100,105.94,200,105.86,300
6563,0.71,0.23,0.48,12.68,10:21:12,106.08,100,106.14,1100,106.13,100
6618,0.62,0.23,0.39,6.26,10:22:06,105.98,300,106.06,300,106.02600000000001,300
6643,0.5700000000000001,0.24,0.33,24.190000000000005,10:22:24,105.98,200,106.05,200,105.9801,100
6724,0.64,0.25,0.39,0.0,10:23:00,106.04,100,106.09,100,106.0618,100
6742,0.53,0.24,0.29,19.610000000000007,10:23:19,106.04,100,106.09,200,106.041,500
6844,0.28,0.07,0.21,0.0,10:24:00,106.14,300,106.19,100,106.19,100
6873,0.51,0.24,0.27,20.3,10:24:20,106.19,200,106.25,100,106.25,100
6930,0.44999999999999996,0.21,0.24,46.160000000000004,10:24:46,106.14,200,106.2,100,106.17,100
6982,0.36,0.09,0.27,0.0,10:25:00,106.2,200,106.25,200,106.21,100
6984,0.42,0.07,0.35,2.9299999999999997,10:25:02,106.2,200,106.25,200,106.2184,542
6992,0.31,0.07,0.24,6.27,10:25:06,106.2,300,106.25,100,106.225,100
7058,0.43,0.18,0.25,36.410000000000004,10:25:36,106.16,200,106.21,500,106.185,100
7075,0.51,0.27,0.24,0.0,10:26:00,106.13,200,106.18,300,106.155,100
7127,0.48,0.21,0.27,29.960000000000008,10:26:29,106.15,200,106.22,100,106.1971,464
7228,0.27,0.07,0.2,2.0500000000000003,10:27:02,106.2,300,106.25,400,106.22,100
7265,0.4,0.2,0.2,0.0,10:28:00,106.16,100,106.25,600,106.205,100
7271,0.44,0.25,0.19,2.03,10:28:02,106.16,200,106.24,400,106.23,100
7388,0.39,0.2,0.19,48.100000000000016,10:28:48,106.21,100,106.27,200,106.24,100
7394,0.26,0.07,0.19,50.13000000000001,10:28:50,106.21,100,106.27,100,106.27,100
7406,0.4,0.18,0.22,54.120000000000005,10:28:54,106.21,200,106.27,100,106.26,100
7422,0.42000000000000004,0.2,0.22,2.12,10:29:02,106.29,100,106.35,100,106.29,184
7427,0.41000000000000003,0.21,0.2,4.260000000000001,10:29:04,106.29,100,106.39,100,106.35,100
7542,0.36,0.19,0.17,47.97000000000002,10:29:47,106.36,200,106.39,100,106.39,100
7561,0.38,0.17,0.21,54.11000000000002,10:29:54,106.39,100,106.45,1400,106.41,148
7566,0.52,0.19,0.33,56.14000000000002,10:29:56,106.4,200,106.45,1300,106.42,100
7575,0.41000000000000003,0.08,0.33,0.0,10:30:00,106.45,300,106.5,400,106.45,255
7654,0.33999999999999997,0.09,0.25,37.43000000000001,10:30:37,106.42,200,106.47,200,106.46,100
7665,0.45,0.18,0.27,41.71000000000001,10:30:41,106.42,300,106.47,200,106.445,100
7693,0.62,0.24,0.38,53.640000000000015,10:30:53,106.43,100,106.47,200,106.43,100
7725,2.15,1.77,0.38,0.0,10:31:00,106.45,100,106.48,100,106.47,100
7726,0.32,0.07,0.25,0.32,10:31:00,106.44,100,106.47,100,106.4525,100
7766,0.30000000000000004,0.07,0.23,16.099999999999998,10:31:16,106.43,300,106.46,100,106.44,100
7840,0.30000000000000004,0.07,0.23,14.610000000000007,10:33:14,106.45,200,106.57,100,106.49,100
7985,0.27,0.08,0.19,0.0,10:34:00,106.5,100,106.55,100,106.5,100
8013,0.75,0.27,0.48,10.709999999999999,10:34:10,106.5,200,106.55,100,106.525,100
8022,0.42000000000000004,0.19,0.23,14.48,10:34:14,106.5,200,106.55,100,106.5394,500
8031,0.47,0.18,0.29,18.16,10:34:18,106.5,200,106.55,100,106.5001,100
8047,0.42000000000000004,0.19,0.23,24.319999999999997,10:34:24,106.54,200,106.6,100,106.58,100
8075,0.63,0.17,0.46,0.0,10:35:00,106.49,200,106.56,200,106.54,100
8099,0.57,0.08,0.49,15.980000000000002,10:35:15,106.48,100,106.54,200,106.52,100
8132,1.57,0.07,1.5,40.79999999999999,10:35:40,106.46,400,106.5,200,106.48,100
8137,1.21,0.08,1.13,50.01999999999999,10:35:50,106.47,100,106.5,300,106.485,100
8145,0.6100000000000001,0.07,0.54,0.0,10:36:00,106.47,100,106.5,300,106.4924,100
8155,2.19,1.58,0.61,7.8100000000000005,10:36:07,106.49,200,106.53,100,106.51,100
8196,0.5700000000000001,0.07,0.5,35.82999999999999,10:36:35,106.5,200,106.52,100,106.53,100
8273,0.44,0.12,0.32,29.510000000000012,10:37:29,106.49,300,106.54,100,106.507,800
8461,0.7799999999999999,0.08,0.7,20.39,10:39:20,106.4,200,106.46,500,106.435,100
8466,0.6499999999999999,0.07,0.58,23.83,10:39:23,106.4,200,106.45,400,106.425,100
8477,0.78,0.18,0.6,31.979999999999997,10:39:31,106.4,200,106.45,400,106.4,200
8533,0.96,0.33,0.63,38.140000000000015,10:40:38,106.43,100,106.48,300,106.455,100
8598,0.59,0.21,0.38,0.0,10:41:00,106.31,100,106.37,400,106.38,100
8614,0.5700000000000001,0.07,0.5,9.75,10:41:09,106.31,100,106.41,300,106.3764,485
8618,0.5700000000000001,0.07,0.5,12.149999999999999,10:41:12,106.31,100,106.41,300,106.36,100
8628,0.6,0.18,0.42,17.99,10:41:17,106.34,100,106.41,200,106.37,100
8854,0.5900000000000001,0.14,0.45,0.0,10:44:00,106.33,100,106.39,100,106.32,100
8868,0.6200000000000001,0.07,0.55,9.82,10:44:09,106.31,100,106.36,100,106.33,100
8869,0.78,0.17,0.61,10.6,10:44:10,106.31,100,106.36,200,106.335,100
8874,0.6100000000000001,0.07,0.54,13.85,10:44:13,106.31,100,106.36,200,106.3248,115
8895,0.5800000000000001,0.07,0.51,26.200000000000003,10:44:26,106.3,200,106.33,100,106.3,100
8919,0.44,0.07,0.37,39.839999999999996,10:44:39,106.28,100,106.32,100,106.31,100
8930,0.61,0.24,0.37,0.0,10:45:00,106.29,400,106.35,200,106.315,100
9037,0.62,0.24,0.38,0.0,10:46:00,106.35,200,106.4,100,106.3725,100
9051,0.6200000000000001,0.07,0.55,8.45,10:46:08,106.3,100,106.36,300,106.34,100
9115,2.97,2.47,0.5,2.97,10:47:02,106.28,100,106.35,100,106.325,100
9182,0.61,0.09,0.52,44.03000000000001,10:47:44,106.37,200,106.44,100,106.405,100
9189,0.57,0.08,0.49,0.0,10:48:00,106.37,200,106.44,200,106.4061,150
9250,0.79,0.37,0.42,43.83,10:48:43,106.33,100,106.4,300,106.365,100
9292,0.43,0.08,0.35,0.0,10:49:00,106.25,100,106.31,200,106.28,100
9297,0.5800000000000001,0.07,0.51,5.95,10:49:05,106.28,100,106.31,300,106.275,100
9449,0.61,0.18,0.43,40.339999999999996,10:50:40,106.19,100,106.26,200,106.245,100
9628,0.44,0.14,0.3,0.0,10:53:00,106.26,100,106.31,100,106.285,100
9737,0.57,0.08,0.49,13.999999999999998,10:54:13,106.33,300,106.38,100,106.355,100
9772,0.7799999999999999,0.09,0.69,11.029999999999998,10:56:11,106.42,300,106.46,100,106.4375,100
9872,0.6,0.23,0.37,40.33000000000002,10:57:40,106.36,200,106.42,400,106.3846,100
10290,0.6399999999999999,0.07,0.57,24.14,11:04:24,106.36,300,106.39,400,106.375,100
10455,0.74,0.31,0.43,0.0,11:06:00,106.23,200,106.28,300,106.25200000000001,100
10859,0.59,0.17,0.42,24.149999999999995,11:10:24,106.34,400,106.39,800,106.3525,100
10889,0.5700000000000001,0.25,0.32,9.58,11:11:09,106.33,300,106.36,300,106.331,100
10893,1.5699999999999998,0.96,0.61,14.36,11:11:14,106.33,400,106.36,400,106.345,100
11696,0.59,0.09,0.5,7.54,11:22:07,106.38,100,106.4,100,106.395,100
12057,0.5700000000000001,0.13,0.44,0.0,11:28:00,106.59,200,106.66,100,106.59,323
12058,0.6100000000000001,0.07,0.54,0.6100000000000001,11:28:00,106.63,100,106.68,100,106.65,100
12059,0.73,0.08,0.65,1.34,11:28:01,106.64,100,106.72,200,106.7,100
12074,0.61,0.3,0.31,0.0,11:29:00,106.65,100,106.71,200,106.72,100
12120,0.81,0.18,0.63,38.36000000000001,11:29:38,106.6,100,106.64,200,106.62,100
12128,0.7999999999999999,0.22,0.58,43.94,11:29:43,106.6,100,106.64,100,106.64,100
12141,0.95,0.22,0.73,1.77,11:30:01,106.65,100,106.7,200,106.66,100
12149,0.9299999999999999,0.09,0.84,28.009999999999998,11:30:28,106.67,100,106.73,400,106.73,100
12194,0.59,0.1,0.49,0.0,11:31:00,106.65,200,106.71,600,106.6802,200
12250,0.6000000000000001,0.07,0.53,46.21,11:31:46,106.65,200,106.68,200,106.665,100
12352,0.59,0.15,0.44,28.369999999999997,11:32:28,106.69,100,106.77,200,106.79,100
12459,0.61,0.08,0.53,55.20000000000001,11:33:55,106.65,200,106.71,200,106.705,100
12477,2.15,1.64,0.51,0.0,11:34:00,106.65,300,106.71,300,106.68,100
12511,0.61,0.12,0.49,26.609999999999996,11:34:26,106.67,100,106.71,300,106.69,100
12544,0.61,0.19,0.42,48.789999999999985,11:34:48,106.7,200,106.74,200,106.71,115
12562,0.6,0.08,0.52,6.59,11:35:06,106.73,100,106.77,100,106.77,100
12593,0.44,0.07,0.37,15.0,11:36:15,106.79,100,106.82,200,106.78,100
12597,0.56,0.12,0.44,17.15,11:36:17,106.79,100,106.85,100,106.8,450
12607,0.44,0.07,0.37,23.000000000000004,11:36:23,106.79,200,106.86,100,106.85,100
12626,1.8199999999999998,1.2,0.62,0.0,11:37:00,106.81,100,106.87,100,106.84,100
12738,0.5900000000000001,0.07,0.52,0.0,11:38:00,106.83,200,106.87,300,106.87,100
12744,0.64,0.18,0.46,3.8700000000000006,11:38:03,106.83,200,106.87,400,106.83200000000001,500
12766,0.45,0.07,0.38,17.849999999999994,11:38:17,106.83,500,106.87,500,106.83,100
12769,0.59,0.08,0.51,19.639999999999997,11:38:19,106.74,100,106.8,100,106.7748,188
12913,0.24,0.08,0.16,0.0,11:42:00,106.79,200,106.85,400,106.8175,100
13033,0.4,0.21,0.19,0.0,11:43:00,106.79,400,106.85,600,106.82,100
13134,0.30000000000000004,0.07,0.23,47.81000000000003,11:43:47,106.76,100,106.82,200,106.81,100
13229,0.39,0.22,0.17,26.969999999999995,11:45:26,106.71,100,106.77,100,106.75,100
13238,1.7,1.49,0.21,31.139999999999993,11:45:31,106.72,100,106.77,200,106.76,100
13897,1.24,1.0,0.24,4.18,11:50:04,106.71,200,106.78,400,106.745,100
13976,0.25,0.08,0.17,38.010000000000005,11:50:38,106.73,200,106.77,100,106.74,100
14076,0.24000000000000002,0.07,0.17,11.049999999999999,11:51:11,106.69,200,106.74,400,106.725,500
14349,0.41000000000000003,0.19,0.22,0.0,11:53:00,106.77,100,106.84,300,106.805,100
14354,0.41000000000000003,0.21,0.2,1.92,11:53:01,106.77,100,106.83,100,106.7701,100
14361,0.42000000000000004,0.22,0.2,4.2,11:53:04,106.77,100,106.82,100,106.825,100
14364,0.29000000000000004,0.07,0.22,5.82,11:53:05,106.78,500,106.82,100,106.795,100
14580,0.38,0.2,0.18,0.0,11:54:00,106.83,100,106.88,100,106.86,100
14647,0.38,0.21,0.17,0.0,11:55:00,106.86,100,106.89,100,106.88,100
14685,0.27,0.07,0.2,18.04,11:55:18,106.86,200,106.9,200,106.8888,500
14706,0.43000000000000005,0.2,0.23,28.320000000000007,11:55:28,106.86,200,106.91,100,106.9,100
14764,0.4,0.18,0.22,50.36000000000002,11:55:50,106.87,100,106.94,100,106.91,100
14900,0.39,0.23,0.16,0.0,11:56:00,106.89,300,106.98,100,106.89,100
14924,0.35000000000000003,0.08,0.27,7.989999999999999,11:56:07,106.89,400,106.98,100,106.97,100
14932,0.3,0.09,0.21,11.01,11:56:11,106.89,400,106.98,100,106.935,100
14955,0.39,0.21,0.18,17.98,11:56:17,106.91,200,106.99,100,106.98,100
14981,0.25,0.07,0.18,0.0,11:57:00,106.93,500,106.98,100,106.955,100
14990,0.25,0.07,0.18,3.94,11:57:03,106.88,300,106.95,500,106.95,100
15124,0.45000000000000007,0.28,0.17,0.0,11:58:00,106.88,500,106.93,300,106.8948,367
15130,1.02,0.8,0.22,2.4699999999999998,11:58:02,106.88,500,106.93,300,106.905,100
15210,0.29,0.08,0.21,27.939999999999998,11:58:27,106.89,200,106.93,100,106.92,100
15244,0.41000000000000003,0.18,0.23,39.92999999999999,11:58:39,106.89,300,106.97,100,106.93,100
15269,1.92,1.64,0.28,0.0,11:59:00,106.89,300,106.94,400,106.94,200
15301,0.35,0.15,0.2,16.34,11:59:16,106.89,300,106.94,400,106.915,100
15712,0.23,0.07,0.16,55.85999999999998,12:01:55,106.94,500,106.99,400,106.965,100
15746,0.28,0.09,0.19,0.0,12:02:00,106.94,500,106.99,100,106.9665,477
15843,0.36,0.2,0.16,32.75,12:02:32,106.95,300,106.98,200,106.96,100
15887,0.23,0.07,0.16,0.0,12:03:00,106.98,300,107.0,3200,106.9832,200
15894,0.25,0.09,0.16,2.17,12:03:02,107.02,100,107.05,100,107.03,100
15901,0.36,0.19,0.17,6.210000000000001,12:03:06,107.03,100,107.09,100,107.06,100
15911,2.04,1.72,0.32,13.149999999999995,12:03:13,107.02,400,107.06,100,107.02,133
15913,1.73,1.48,0.25,15.159999999999995,12:03:15,107.02,400,107.06,100,107.022,400
15956,0.28,0.07,0.21,30.009999999999994,12:03:30,107.04,100,107.09,100,107.065,200
15987,0.46,0.23,0.23,40.14,12:03:40,107.07,100,107.1,100,107.07,215
15997,0.39,0.15,0.24,44.120000000000005,12:03:44,107.04,500,107.08,700,107.04,164
16004,0.33,0.13,0.2,46.24,12:03:46,107.06,100,107.1,200,107.09,100
16020,0.28,0.07,0.21,52.06,12:03:52,107.06,200,107.1,100,107.08200000000001,1970
16031,0.42000000000000004,0.22,0.2,0.0,12:04:00,107.06,200,107.1,300,107.08,100
16033,2.83,2.49,0.34,3.13,12:04:03,107.06,100,107.1,400,107.1,100
16048,2.82,2.61,0.21,12.690000000000001,12:04:12,107.02,100,107.06,100,107.05,100
16102,0.37,0.18,0.19,33.81,12:04:33,107.03,100,107.07,300,107.0592,100
16307,0.39,0.19,0.2,30.210000000000015,12:05:30,107.06,200,107.13,100,107.13,100
16326,0.4,0.21,0.19,36.30000000000001,12:05:36,107.07,200,107.15,200,107.0901,100
16331,0.27,0.07,0.2,37.97000000000002,12:05:37,107.08,100,107.1,100,107.0801,100
16356,2.14,1.97,0.17,6.09,12:06:06,107.03,400,107.08,200,107.055,193
16551,0.25,0.07,0.18,2.1500000000000004,12:07:02,106.99,400,107.02,400,107.0,100
16554,0.43,0.21,0.22,3.3200000000000003,12:07:03,106.94,100,106.99,100,106.99,100
16597,0.37,0.18,0.19,17.999999999999993,12:07:17,106.99,200,107.02,100,106.995,100
16646,0.43000000000000005,0.23,0.2,0.0,12:08:00,107.0,100,107.02,100,107.01,100
16671,1.78,1.6,0.18,16.22,12:08:16,106.99,100,107.07,200,107.0003,100
16715,0.52,0.18,0.34,31.919999999999995,12:08:31,106.92,100,106.96,100,106.948,1400
16899,0.23,0.07,0.16,16.160000000000004,12:09:16,106.86,100,106.92,100,106.8861,100
17295,0.30000000000000004,0.14,0.16,0.0,12:12:00,106.89,100,106.97,100,106.9105,800
17301,0.36,0.18,0.18,2.02,12:12:02,106.89,300,106.97,300,106.895,100
17457,0.38,0.2,0.18,0.0,12:13:00,106.81,200,106.87,200,106.8361,107
17481,0.36,0.2,0.16,19.879999999999995,12:13:19,106.81,100,106.87,200,106.831,1000
17506,0.42000000000000004,0.26,0.16,28.060000000000002,12:13:28,106.81,100,106.87,200,106.8101,500
17596,0.43,0.24,0.19,0.0,12:14:00,106.8,100,106.85,300,106.8499,1500
18033,0.32,0.12,0.2,47.920000000000044,12:16:47,106.72,200,106.75,200,106.735,100
18237,1.78,1.6,0.18,0.0,12:18:00,106.81,100,106.86,100,106.8381,100
18617,0.39,0.21,0.18,22.130000000000003,12:20:22,106.86,200,106.91,100,106.865,100
18653,0.41000000000000003,0.21,0.2,33.86000000000001,12:20:33,106.86,200,106.91,400,106.885,100
18753,0.27,0.07,0.2,0.0,12:21:00,106.87,100,106.9,500,106.8997,225
19025,0.27,0.07,0.2,1.2,12:23:01,106.88,100,106.91,300,106.8932,122
19264,0.69,0.25,0.44,42.079999999999984,12:24:42,106.88,300,106.94,400,106.916,100
19453,0.29,0.08,0.21,15.859999999999998,12:26:15,106.9,300,106.95,300,106.925,100
19757,3.4000000000000004,3.2,0.2,0.0,12:28:00,106.83,200,106.9,100,106.8537,100
20330,0.33999999999999997,0.18,0.16,0.0,12:31:00,106.8,300,106.86,300,106.8158,100
20475,4.539999999999999,4.27,0.27,0.0,12:32:00,106.8,300,106.86,400,106.8599,100
20831,0.31,0.13,0.18,0.0,12:35:00,106.83,100,106.87,100,106.8446,900
20892,0.25,0.08,0.17,22.659999999999997,12:35:22,106.83,100,106.85,100,106.8425,100
21010,0.36,0.18,0.18,23.93,12:36:23,106.83,300,106.85,200,106.8432,200
21175,0.43,0.21,0.22,24.049999999999994,12:37:24,106.63,100,106.7,100,106.6556,1000
21203,0.4,0.21,0.19,34.169999999999995,12:37:34,106.6,100,106.69,100,106.6,200
21236,0.36,0.16,0.2,45.91000000000001,12:37:45,106.59,100,106.68,100,106.67,200
21261,0.48,0.22,0.26,55.03,12:37:55,106.59,100,106.69,100,106.5901,1000
21266,0.38,0.17,0.21,56.95,12:37:56,106.56,100,106.66,100,106.595,200
21274,0.41000000000000003,0.21,0.2,0.0,12:38:00,106.55,100,106.6,200,106.56,200
21285,0.37,0.13,0.24,3.79,12:38:03,106.55,100,106.6,200,106.575,100
21301,1.81,1.51,0.3,11.24,12:38:11,106.51,100,106.57,100,106.55,200
21406,44.300000000000004,43.96,0.34,0.0,12:39:00,106.45,100,106.53,100,106.495,1000
21594,0.24000000000000002,0.07,0.17,28.15,12:40:28,106.42,100,106.45,200,106.4302,500
21631,0.27,0.07,0.2,39.89000000000001,12:40:39,106.37,100,106.42,100,106.3886,100
21891,0.31,0.07,0.24,0.0,12:45:00,106.4,100,106.44,100,106.4219,300
21990,0.24000000000000002,0.07,0.17,43.519999999999996,12:45:43,106.41,100,106.48,300,106.477,100
22193,0.28,0.07,0.21,3.4400000000000004,12:47:03,106.44,100,106.5,200,106.4999,300
22719,0.24000000000000002,0.07,0.17,11.93,12:50:11,106.5,200,106.53,100,106.53299999999999,1000
22774,0.39,0.21,0.18,0.0,12:51:00,106.5,100,106.52,100,106.515,100
24309,0.23,0.07,0.16,0.0,13:02:00,106.63,300,106.68,100,106.6518,375
24322,0.24,0.08,0.16,4.090000000000001,13:02:04,106.62,300,106.66,100,106.63,100
24568,0.36,0.19,0.17,30.149999999999995,13:03:30,106.64,600,106.71,600,106.675,100
24722,0.24000000000000002,0.07,0.17,12.010000000000002,13:04:12,106.7,100,106.74,200,106.7185,1000
24768,3.53,3.36,0.17,0.0,13:05:00,106.73,400,106.8,200,106.7529,3946
24917,0.33999999999999997,0.16,0.18,0.0,13:09:00,106.73,300,106.76,200,106.73899999999999,100
25067,0.37,0.07,0.3,0.0,13:10:00,106.74,100,106.78,100,106.758,200
25495,0.62,0.22,0.4,17.380000000000003,13:13:17,106.78,300,106.8,300,106.7867,415
25646,0.63,0.18,0.45,0.0,13:15:00,106.79,300,106.81,100,106.791,1000
25837,0.43,0.11,0.32,15.61,13:17:15,106.81,200,106.84,200,106.8164,2300
25871,0.44,0.07,0.37,33.79000000000001,13:17:33,106.83,200,106.87,200,106.8484,200
26096,4.37,3.84,0.53,0.0,13:20:00,106.79,200,106.81,100,106.80799999999999,100
26459,0.8099999999999999,0.24,0.57,0.0,13:24:00,106.77,600,106.79,300,106.771,399
26505,1.58,0.24,1.34,0.0,13:25:00,106.79,200,106.82,200,106.8041,334
26717,1.19,0.21,0.98,19.19,13:29:19,106.67,200,106.72,200,106.671,200
26760,1.41,0.22,1.19,17.189999999999998,13:30:17,106.7,100,106.75,400,106.7335,200
26789,1.2,0.16,1.04,0.0,13:31:00,106.67,300,106.72,200,106.704,200
26861,1.3800000000000001,0.09,1.29,38.4,13:32:38,106.68,400,106.71,400,106.695,200
26967,2.39,1.29,1.1,0.0,13:35:00,106.65,100,106.68,200,106.6701,103
26972,2.62,1.65,0.97,8.989999999999998,13:35:08,106.65,100,106.67,100,106.6666,300
27386,1.19,0.19,1.0,35.599999999999994,13:44:35,106.76,400,106.77,200,106.765,100
27416,1.0,0.22,0.78,17.42,13:45:17,106.75,500,106.79,200,106.7648,1000
27496,1.1900000000000002,0.07,1.12,50.39999999999999,13:46:50,106.69,300,106.73,300,106.7081,100
27510,1.21,0.23,0.98,0.0,13:47:00,106.69,200,106.73,300,106.7296,100
27558,0.98,0.29,0.69,14.190000000000001,13:48:14,106.69,400,106.74,200,106.715,100
27687,1.01,0.23,0.78,16.410000000000004,13:50:16,106.69,100,106.71,300,106.7098,100
27693,1.1900000000000002,0.07,1.12,22.82,13:50:22,106.68,100,106.71,300,106.6815,500
27937,1.4,0.18,1.22,18.599999999999998,13:55:18,106.69,200,106.72,200,106.7026,532
28109,1.3900000000000001,0.08,1.31,15.989999999999998,13:58:15,106.64,200,106.66,300,106.6491,200
28136,1.1800000000000002,0.07,1.11,6.59,13:59:06,106.61,100,106.62,100,106.61,100
28147,1.19,0.12,1.07,19.79,13:59:19,106.6,400,106.61,200,106.605,100
28166,1.18,0.24,0.94,42.379999999999995,13:59:42,106.6,700,106.63,200,106.6132,200
28223,1.36,0.08,1.28,38.800000000000004,14:00:38,106.62,100,106.64,200,106.62700000000001,132
28442,1.02,0.13,0.89,9.799999999999999,14:05:09,106.64,200,106.67,300,106.655,100
28781,3.19,2.38,0.81,0.0,14:12:00,106.75,300,106.77,200,106.7501,442
28938,2.8,1.99,0.81,29.569999999999997,14:14:29,106.84,200,106.87,300,106.8551,300
28965,0.8200000000000001,0.14,0.68,0.0,14:15:00,106.84,200,106.87,500,106.855,100
29092,1.1800000000000002,0.14,1.04,46.37999999999999,14:17:46,106.76,200,106.81,300,106.785,100
29111,0.99,0.07,0.92,7.17,14:18:07,106.78,300,106.8,400,106.7909,100
29152,0.8200000000000001,0.17,0.65,49.41,14:18:49,106.76,300,106.8,500,106.7768,104
29285,0.5800000000000001,0.14,0.44,0.0,14:21:00,106.67,100,106.7,200,106.6856,100
30163,0.59,0.16,0.43,19.959999999999994,14:30:19,106.67,100,106.7,200,106.6867,100
30335,0.8,0.07,0.73,12.180000000000001,14:32:12,106.64,300,106.68,500,106.6576,100
30580,0.81,0.14,0.67,31.539999999999996,14:37:31,106.68,200,106.69,300,106.685,200
30610,0.96,0.18,0.78,0.0,14:38:00,106.68,200,106.69,500,106.68700000000001,265
31028,0.5700000000000001,0.24,0.33,7.63,14:43:07,106.64,200,106.67,200,106.6611,100
31134,0.6300000000000001,0.07,0.56,0.0,14:44:00,106.6,500,106.64,500,106.6175,198
31321,0.61,0.08,0.53,41.95000000000001,14:46:41,106.66,500,106.69,400,106.6764,100
31653,0.79,0.14,0.65,10.760000000000002,14:50:10,106.65,300,106.68,200,106.6546,100
31948,0.63,0.19,0.44,0.0,14:54:00,106.64,100,106.67,600,106.6525,100
32584,1.06,0.07,0.99,16.1,15:02:16,106.66,100,106.67,200,106.6604,300
32670,0.7899999999999999,0.08,0.71,26.6,15:03:26,106.65,100,106.67,100,106.6621,100
33076,0.44,0.07,0.37,0.0,15:09:00,106.62,400,106.65,200,106.6364,100
33127,0.6000000000000001,0.07,0.53,37.77000000000002,15:09:37,106.62,400,106.65,300,106.633,500
33520,0.5900000000000001,0.07,0.52,1.17,15:14:01,106.65,100,106.66,200,106.652,100
34044,0.81,0.15,0.66,14.63,15:20:14,106.61,100,106.62,400,106.615,148
34525,0.59,0.08,0.51,5.8,15:25:05,106.68,100,106.69,300,106.681,250
34800,0.79,0.23,0.56,0.0,15:29:00,106.64,500,106.68,300,106.679,200
34868,0.97,0.14,0.83,0.0,15:30:00,106.66,500,106.68,300,106.669,110
35041,0.59,0.08,0.51,12.999999999999998,15:32:12,106.63,200,106.67,500,106.6476,400
35063,0.61,0.26,0.35,25.610000000000003,15:32:25,106.63,200,106.66,400,106.645,100
35106,0.8,0.2,0.6,52.150000000000006,15:32:52,106.62,200,106.63,500,106.625,100
35212,1.0,0.48,0.52,0.0,15:34:00,106.61,500,106.62,300,106.6163,1000
35490,3.6,3.17,0.43,0.0,15:37:00,106.67,200,106.68,200,106.6755,100
35513,0.79,0.07,0.72,15.380000000000003,15:37:15,106.71,300,106.73,300,106.719,200
36068,0.57,0.08,0.49,4.0,15:44:04,106.65,500,106.67,200,106.6584,200
36258,2.02,1.5,0.52,12.229999999999999,15:46:12,106.65,400,106.66,300,106.65299999999999,500
36300,0.77,0.12,0.65,41.620000000000005,15:46:41,106.66,400,106.67,400,106.6699,150
36328,0.79,0.17,0.62,2.21,15:47:02,106.64,300,106.66,600,106.6468,1000
36338,2.2,1.68,0.52,11.64,15:47:11,106.63,100,106.66,600,106.6492,700
36475,2.38,1.76,0.62,43.76999999999999,15:48:43,106.63,200,106.65,400,106.641,130
36681,0.81,0.18,0.63,20.409999999999993,15:51:20,106.58,400,106.6,300,106.5775,100
36726,0.8400000000000001,0.18,0.66,54.41,15:51:54,106.58,200,106.59,300,106.585,100
36731,0.8099999999999999,0.12,0.69,58.0,15:51:58,106.58,100,106.59,300,106.5867,100
36796,0.5900000000000001,0.07,0.52,39.45000000000001,15:52:39,106.56,400,106.59,1100,106.5899,120
36906,1.9700000000000002,1.34,0.63,9.0,15:54:09,106.57,300,106.58,100,106.57,100
36956,0.95,0.07,0.88,41.0,15:54:41,106.57,200,106.6,200,106.5999,117
37233,0.6,0.12,0.48,43.970000000000006,15:59:43,106.6,100,106.62,100,106.6399,104
