,Total Delay,Request Delay,Saving Delay,Arrival Time,Time,Bid,Bid Size,Ask,Ask Size,Last Price,Last Size
0,0.6499999999999999,0.3,0.35,0.6499999999999999,09:30:00,61.28,800,61.4,100,61.29,140
45,0.32,0.09,0.23,0.0,09:31:00,61.2,10000,61.36,200,61.28,100
46,0.35000000000000003,0.08,0.27,0.35000000000000003,09:31:00,61.2,10000,61.36,100,61.285,100
99,0.27,0.07,0.2,28.39,09:31:28,61.2,10000,61.36,100,61.22,100
186,0.29,0.08,0.21,0.0,09:32:00,61.07,100,61.19,100,61.12,100
200,2.27,2.05,0.22,8.01,09:32:08,61.08,400,61.18,100,61.08,300
206,0.24000000000000002,0.07,0.17,16.12,09:32:16,61.04,400,61.12,200,61.07,100
246,0.36,0.18,0.18,30.23999999999999,09:32:30,61.07,100,61.18,200,61.1417,300
320,0.69,0.28,0.41,54.9,09:32:54,61.01,200,61.11,300,61.02,194
412,0.47000000000000003,0.27,0.2,26.779999999999994,09:33:26,61.03,100,61.11,400,61.03,100
531,0.51,0.17,0.34,0.0,09:34:00,61.05,300,61.11,400,61.05,100
551,0.47,0.25,0.22,7.690000000000001,09:34:07,61.05,300,61.11,400,61.104,100
561,0.26,0.08,0.18,11.730000000000002,09:34:11,61.05,300,61.11,400,61.11,200
657,0.54,0.28,0.26,0.0,09:35:00,61.06,200,61.1,200,61.06,100
767,1.8299999999999998,1.63,0.2,2.23,09:36:02,61.01,200,61.04,300,61.04,100
850,0.34,0.08,0.26,45.89000000000001,09:36:45,61.01,200,61.08,100,61.065,375
889,0.67,0.21,0.46,0.0,09:37:00,61.02,100,61.11,100,61.09,100
892,0.5,0.24,0.26,1.62,09:37:01,61.03,100,61.11,200,61.075,100
905,0.42000000000000004,0.1,0.32,11.880000000000003,09:37:11,61.03,100,61.12,200,61.119,100
1028,0.34,0.08,0.26,0.0,09:38:00,61.03,100,61.07,200,61.0474,100
1137,0.31,0.08,0.23,0.0,09:39:00,61.03,100,61.07,200,61.0498,100
1152,0.44,0.2,0.24,7.75,09:39:07,61.01,200,61.05,200,61.0366,200
1211,0.45,0.2,0.25,34.07000000000001,09:39:34,61.0,200,61.04,200,61.01,100
1231,0.29,0.08,0.21,41.610000000000014,09:39:41,61.0,100,61.02,200,61.0087,200
1272,0.46,0.23,0.23,0.0,09:40:00,60.99,100,61.01,200,61.0,100
1314,0.45999999999999996,0.21,0.25,22.1,09:40:22,60.99,100,61.02,300,61.005,100
1330,0.38,0.19,0.19,27.769999999999996,09:40:27,60.98,100,61.02,300,60.99,100
1456,0.37,0.15,0.22,19.83,09:41:19,60.95,500,60.99,100,60.98,100
1523,0.47,0.09,0.38,44.150000000000006,09:41:44,60.96,100,60.99,200,60.975,100
1547,0.47,0.22,0.25,0.0,09:42:00,60.9,400,60.93,200,60.94,500
1554,4.06,3.67,0.39,6.65,09:42:06,60.92,300,60.96,200,60.93,100
1577,0.48,0.17,0.31,22.11,09:42:22,60.93,100,60.96,200,60.945,100
1600,0.33,0.08,0.25,32.019999999999996,09:42:32,60.93,100,60.96,200,60.9432,100
1654,0.45999999999999996,0.15,0.31,54.08999999999998,09:42:54,60.93,100,61.0,300,60.96,126
1671,0.37,0.09,0.28,0.0,09:43:00,60.93,100,61.0,100,60.965,100
1703,1.58,1.25,0.33,17.48,09:43:17,60.93,200,60.97,200,60.97,100
1721,0.32,0.08,0.24,24.319999999999997,09:43:24,60.96,100,61.01,100,60.9819,170
1904,0.4,0.2,0.2,0.0,09:44:00,60.94,200,61.03,200,60.931000000000004,100
1933,0.41000000000000003,0.18,0.23,9.809999999999999,09:44:09,60.94,400,61.03,100,60.95,100
2259,0.29,0.08,0.21,0.0,09:47:00,60.93,200,60.96,200,60.958999999999996,250
2279,0.5,0.21,0.29,8.34,09:47:08,60.86,300,60.91,500,60.9,100
2358,0.36000000000000004,0.08,0.28,38.239999999999995,09:47:38,60.83,100,60.86,300,60.845,100
2363,0.47,0.17,0.3,40.43999999999998,09:47:40,60.8,600,60.86,300,60.86,119
2368,0.33,0.1,0.23,42.18999999999998,09:47:42,60.8,500,60.86,300,60.81,100
2373,0.39,0.2,0.19,0.0,09:48:00,60.83,100,60.88,200,60.8799,150
2383,0.44,0.26,0.18,3.8000000000000003,09:48:03,60.83,100,60.87,200,60.87,100
2388,0.28,0.07,0.21,5.620000000000001,09:48:05,60.83,100,60.87,200,60.8492,250
2405,0.63,0.25,0.38,14.330000000000002,09:48:14,60.86,100,60.89,100,60.88,100
2409,0.31,0.08,0.23,15.780000000000003,09:48:15,60.86,100,60.89,100,60.875,100
2429,0.25,0.07,0.18,25.839999999999996,09:48:25,60.89,100,60.9,100,60.895,100
2447,0.42000000000000004,0.23,0.19,31.899999999999995,09:48:31,60.9,200,60.92,100,60.92,100
2453,0.43000000000000005,0.23,0.2,34.01,09:48:34,60.9,200,60.92,200,60.91,100
2508,0.30000000000000004,0.07,0.23,53.71000000000001,09:48:53,60.88,200,60.89,200,60.89,100
2538,0.37,0.08,0.29,5.840000000000001,09:49:05,60.89,500,60.92,200,60.9185,100
2870,0.29000000000000004,0.07,0.22,14.040000000000003,09:51:14,60.9,300,60.91,100,60.905,200
2880,0.34,0.07,0.27,18.060000000000006,09:51:18,60.92,200,60.93,100,60.9075,200
3014,0.5,0.18,0.32,25.470000000000002,09:52:25,60.89,100,60.92,400,60.9011,570
3207,0.38,0.22,0.16,39.45999999999999,09:53:39,60.93,200,60.96,200,60.9431,100
3384,0.4,0.1,0.3,0.0,09:55:00,60.95,1200,60.98,300,60.9668,200
3529,0.52,0.2,0.32,0.0,09:56:00,60.93,100,60.95,400,60.9388,500
3760,0.26,0.07,0.19,48.0,09:57:48,60.92,200,60.93,100,60.925,100
3766,0.28,0.08,0.2,50.12,09:57:50,60.93,200,60.94,100,60.935,100
3817,0.25,0.09,0.16,15.98,09:58:15,60.97,200,61.0,100,60.9904,245
4737,0.26,0.07,0.19,40.08,10:04:40,60.95,100,60.96,400,60.955,100
4806,0.38,0.19,0.19,9.870000000000001,10:05:09,60.99,200,61.01,100,60.995,100
5026,0.28,0.08,0.2,44.10000000000003,10:06:44,61.0,300,61.02,200,61.0058,100
5158,0.41000000000000003,0.19,0.22,40.34,10:07:40,61.02,400,61.03,200,61.025,100
5168,0.37,0.18,0.19,44.03,10:07:44,61.03,400,61.04,100,61.035,100
5187,0.31,0.12,0.19,49.96000000000002,10:07:49,61.04,400,61.05,100,61.045,100
5383,0.8999999999999999,0.59,0.31,12.070000000000002,10:09:12,61.05,200,61.06,200,61.055,100
5401,0.36,0.07,0.29,23.740000000000006,10:09:23,61.07,100,61.09,100,61.0785,300
5455,0.38,0.19,0.19,41.73,10:09:41,61.09,200,61.1,100,61.095,100
5462,168.17,168.0,0.17,0.0,10:12:00,61.15,300,61.16,100,61.16,200
5491,0.24000000000000002,0.07,0.17,8.260000000000002,10:12:08,61.16,100,61.17,300,61.155,100
5560,2.4,2.01,0.39,0.0,10:13:00,61.16,500,61.17,300,61.165,100
5570,0.36,0.09,0.27,5.0600000000000005,10:13:05,61.16,500,61.18,100,61.17,100
5596,0.36,0.15,0.21,18.720000000000002,10:13:18,61.16,500,61.18,300,61.1688,1000
5597,0.25,0.07,0.18,18.970000000000002,10:13:18,61.16,700,61.18,300,61.18,100
5651,0.42000000000000004,0.19,0.23,39.00000000000001,10:13:39,61.14,100,61.15,100,61.15,200
5715,0.36,0.17,0.19,7.960000000000001,10:14:07,61.16,100,61.18,100,61.161,100
5866,0.30000000000000004,0.07,0.23,0.0,10:15:00,61.14,200,61.15,200,61.141999999999996,100
6001,0.26,0.08,0.18,1.9400000000000002,10:16:01,61.07,300,61.09,200,61.071000000000005,300
6003,1.88,1.71,0.17,4.140000000000001,10:16:04,61.07,300,61.09,400,61.0772,200
6093,0.33999999999999997,0.13,0.21,41.890000000000015,10:16:41,61.08,300,61.1,300,61.1,100
6521,0.43,0.22,0.21,42.030000000000015,10:20:42,61.07,200,61.1,300,61.091,1000
6537,0.3,0.08,0.22,0.3,10:21:00,61.21,300,61.24,300,61.21,154
6547,0.34,0.07,0.27,4.069999999999999,10:21:04,61.22,100,61.24,300,61.23,100
6551,0.47000000000000003,0.08,0.39,5.989999999999998,10:21:05,61.22,100,61.23,100,61.225,100
6563,0.71,0.23,0.48,12.68,10:21:12,61.23,100,61.24,200,61.24,100
6589,0.45,0.13,0.32,25.919999999999998,10:21:25,61.22,100,61.24,200,61.221000000000004,100
6593,0.58,0.17,0.41,28.019999999999996,10:21:28,61.22,300,61.24,200,61.2192,100
6597,0.64,0.09,0.55,30.489999999999995,10:21:30,61.21,500,61.24,300,61.215,100
6677,0.47000000000000003,0.08,0.39,14.190000000000001,10:22:14,61.25,100,61.26,200,61.25,200
6681,0.56,0.24,0.32,16.23,10:22:16,61.26,300,61.27,300,61.255,100
6708,0.37,0.09,0.28,27.769999999999996,10:22:27,61.26,300,61.27,300,61.265,100
6864,0.29000000000000004,0.09,0.2,11.870000000000001,10:24:11,61.22,200,61.26,100,61.2389,1200
7285,0.99,0.75,0.24,5.7,10:28:05,61.23,400,61.24,100,61.235,100
7427,0.41000000000000003,0.21,0.2,2.14,10:29:02,61.2,200,61.21,200,61.205,600
7434,0.39,0.21,0.18,5.890000000000001,10:29:05,61.2,100,61.21,200,61.2,100
7649,0.37,0.14,0.23,26.280000000000012,10:30:26,61.19,100,61.2,400,61.195,100
7726,0.32,0.07,0.25,13.870000000000001,10:31:13,61.11,300,61.13,100,61.13,100
8203,0.58,0.09,0.49,35.99999999999999,10:36:35,61.02,200,61.04,200,61.0201,100
8322,0.57,0.08,0.49,0.0,10:38:00,61.0,200,61.02,100,61.015,100
8328,0.59,0.09,0.5,3.59,10:38:03,61.0,200,61.02,100,61.0114,500
8341,1.06,0.76,0.3,14.219999999999997,10:38:14,61.0,200,61.02,100,61.0064,365
8395,0.5700000000000001,0.07,0.5,47.769999999999996,10:38:47,61.0,100,61.02,300,61.0099,175
8535,0.6000000000000001,0.07,0.53,41.88000000000002,10:40:41,61.02,200,61.05,200,61.044,200
8806,0.81,0.17,0.64,42.190000000000005,10:43:42,61.02,100,61.05,300,61.0341,350
9009,0.77,0.22,0.55,48.80000000000002,10:45:48,61.0,100,61.01,300,61.0067,100
9030,0.63,0.21,0.42,0.63,10:46:00,61.02,100,61.04,200,61.0276,150
9332,0.7699999999999999,0.08,0.69,30.130000000000003,10:49:30,60.94,200,60.96,300,60.9575,1000
9441,0.5800000000000001,0.13,0.45,49.91000000000001,10:50:49,60.92,200,60.94,1400,60.93899999999999,100
9497,0.5800000000000001,0.07,0.51,23.509999999999998,10:51:23,60.9,200,60.92,400,60.9134,250
9617,0.44,0.07,0.37,58.00000000000004,10:52:58,60.9,300,60.93,200,60.915,100
9679,0.5700000000000001,0.07,0.5,38.199999999999996,10:53:38,60.87,300,60.89,100,60.8767,200
9772,0.7799999999999999,0.09,0.69,11.029999999999998,10:56:11,60.86,200,60.88,200,60.8601,300
9820,5.77,5.27,0.5,9.57,10:57:09,60.84,100,60.85,300,60.85,100
9821,1.79,1.23,0.56,11.36,10:57:11,60.84,100,60.85,200,60.84,100
9830,0.61,0.19,0.42,16.189999999999998,10:57:16,60.81,300,60.83,100,60.82,100
9832,0.43,0.08,0.35,19.599999999999998,10:57:19,60.82,200,60.84,400,60.83,100
9897,0.6,0.08,0.52,55.97000000000003,10:57:55,60.83,200,60.85,100,60.8413,300
9916,0.43999999999999995,0.09,0.35,12.029999999999998,10:58:12,60.83,300,60.86,100,60.858999999999995,200
9972,0.6100000000000001,0.27,0.34,48.00000000000001,10:58:48,60.83,100,60.85,400,60.849,100
10018,2.77,2.34,0.43,8.61,10:59:08,60.83,200,60.84,200,60.835,100
10038,0.5800000000000001,0.07,0.51,20.97,10:59:20,60.83,200,60.85,400,60.848,230
10092,4.41,3.87,0.54,0.0,11:00:00,60.81,200,60.84,100,60.831,100
10121,0.57,0.08,0.49,24.379999999999992,11:00:24,60.84,600,60.85,200,60.8444,100
10303,0.65,0.21,0.44,32.54,11:04:32,60.86,300,60.88,200,60.861000000000004,100
10323,0.6200000000000001,0.07,0.55,0.0,11:05:00,60.86,200,60.88,200,60.8707,1050
10469,0.43,0.07,0.36,37.82,11:06:37,60.85,300,60.87,100,60.8578,100
10510,0.44,0.13,0.31,2.21,11:07:02,60.88,200,60.89,100,60.885,100
10700,0.44,0.07,0.37,0.0,11:09:00,60.89,200,60.91,200,60.8987,100
10873,0.5900000000000001,0.19,0.4,55.770000000000024,11:10:55,60.89,300,60.91,200,60.9089,500
11086,0.79,0.36,0.43,20.44,11:13:20,60.97,100,60.99,300,60.9787,1000
11201,108.41,107.97,0.44,0.0,11:16:00,60.91,100,60.92,500,60.9199,200
11323,0.44,0.08,0.36,52.029999999999994,11:17:52,60.93,100,60.94,100,60.9323,1100
11577,0.8099999999999999,0.22,0.59,0.0,11:21:00,60.9,800,60.91,500,60.9052,150
11794,0.6100000000000001,0.07,0.54,40.16000000000002,11:23:40,60.9,400,60.91,100,60.9084,200
12307,0.43,0.12,0.31,21.83,11:32:21,60.91,1100,60.92,300,60.9102,100
12348,0.44,0.08,0.36,45.64999999999999,11:32:45,60.89,600,60.91,300,60.8922,105
12477,2.15,1.64,0.51,9.17,11:34:09,60.87,300,60.89,400,60.871,200
12566,79.02,78.7,0.32,0.0,11:36:00,60.85,300,60.86,200,60.855,100
12636,0.64,0.28,0.36,20.010000000000005,11:37:20,60.85,300,60.86,100,60.851000000000006,100
12780,118.2,117.59,0.61,0.0,11:40:00,60.89,200,60.91,200,60.8993,200
12917,0.37,0.2,0.17,21.91,11:42:21,60.88,500,60.89,400,60.8846,114
13098,0.52,0.24,0.28,36.110000000000014,11:43:36,60.9,700,60.91,300,60.9086,305
13108,0.45,0.07,0.38,40.30000000000002,11:43:40,60.9,800,60.91,300,60.9085,100
13222,0.34,0.17,0.17,24.909999999999993,11:45:24,60.89,200,60.91,400,60.8964,375
13500,0.31,0.09,0.22,30.12,11:47:30,60.87,200,60.88,700,60.8742,150
13795,0.4,0.22,0.18,27.869999999999994,11:49:27,60.85,600,60.86,400,60.8599,1000
14737,0.31,0.07,0.24,27.27,11:55:27,60.88,200,60.9,400,60.8834,523
15364,0.3,0.09,0.21,47.55,11:59:47,60.85,200,60.86,300,60.8586,100
15516,0.24,0.08,0.16,33.57,12:00:33,60.84,200,60.85,700,60.8456,100
15727,3.92,3.68,0.24,0.0,12:02:00,60.84,700,60.85,1000,60.8454,100
15755,0.3,0.12,0.18,18.240000000000002,12:02:18,60.82,400,60.83,500,60.825,200
16059,0.31,0.08,0.23,9.980000000000004,12:04:09,60.88,100,60.89,300,60.881,100
16338,0.26,0.07,0.19,0.0,12:06:00,60.86,200,60.87,500,60.865,100
16972,5.26,5.06,0.2,0.0,12:10:00,60.84,500,60.85,500,60.8458,250
16988,0.41000000000000003,0.23,0.18,8.92,12:10:08,60.84,500,60.85,500,60.8443,200
17047,0.4,0.22,0.18,28.899999999999995,12:10:28,60.84,600,60.85,500,60.8446,106
17264,0.4,0.24,0.16,38.66,12:11:38,60.84,700,60.85,300,60.8434,1000
17688,0.49,0.19,0.3,36.400000000000006,12:14:36,60.85,500,60.86,400,60.8557,150
18086,0.25,0.07,0.18,14.69,12:17:14,60.8,1100,60.82,200,60.815,100
18723,1.22,1.05,0.17,8.98,12:21:08,60.8,1900,60.81,300,60.805,100
18758,0.42,0.21,0.21,26.12,12:21:26,60.79,900,60.8,300,60.795,200
18791,0.30000000000000004,0.07,0.23,38.01,12:21:38,60.79,500,60.8,600,60.8,100
19389,0.37,0.17,0.2,7.849999999999999,12:25:07,60.86,500,60.87,100,60.8632,850
19395,0.42,0.21,0.21,10.039999999999997,12:25:10,60.86,500,60.87,100,60.8661,324
19515,0.41000000000000003,0.2,0.21,38.10000000000001,12:26:38,60.86,200,60.87,400,60.8699,200
20064,0.28,0.07,0.21,0.0,12:30:00,60.85,300,60.87,1200,60.8521,1385
20427,0.24,0.08,0.16,33.47000000000003,12:32:33,60.79,1000,60.8,500,60.79,100
20475,4.539999999999999,4.27,0.27,52.69000000000002,12:32:52,60.78,300,60.79,300,60.7852,100
20507,1.88,1.7,0.18,0.0,12:33:00,60.78,400,60.79,500,60.78,100
20518,1.5299999999999998,1.16,0.37,9.44,12:33:09,60.78,300,60.79,500,60.785,100
20556,0.37,0.18,0.19,22.68,12:33:22,60.77,800,60.78,600,60.77,100
20794,0.28,0.08,0.2,51.96000000000003,12:34:51,60.74,600,60.75,300,60.75,100
20807,0.36,0.18,0.18,0.0,12:35:00,60.76,900,60.77,200,60.76,100
20981,0.45,0.27,0.18,16.19,12:36:16,60.78,400,60.79,200,60.7846,405
21269,0.45,0.22,0.23,54.030000000000015,12:37:54,60.81,200,60.82,700,60.8141,500
21331,0.27,0.08,0.19,25.870000000000005,12:38:25,60.8,100,60.82,400,60.8113,200
21680,0.26,0.07,0.19,14.399999999999999,12:41:14,60.83,300,60.84,100,60.8341,145
21823,0.41000000000000003,0.24,0.17,12.690000000000003,12:44:12,60.81,500,60.82,300,60.81100000000001,100
22160,0.42000000000000004,0.19,0.23,0.0,12:47:00,60.79,400,60.8,300,60.7968,100
22878,0.34,0.17,0.17,38.11,12:51:38,60.81,300,60.82,200,60.8156,200
23397,0.32,0.08,0.24,0.0,12:55:00,60.8,400,60.81,200,60.8057,100
23567,0.36,0.19,0.17,6.77,12:56:06,60.81,600,60.82,500,60.8175,100
23961,0.25,0.08,0.17,11.260000000000002,12:58:11,60.83,200,60.84,200,60.8339,370
24095,0.38,0.18,0.2,25.25,13:00:25,61.34,400,61.41,100,61.34,149
24101,0.25,0.07,0.18,27.349999999999998,13:00:27,61.28,300,61.32,100,61.295,100
24110,0.29000000000000004,0.07,0.22,30.240000000000006,13:00:30,61.19,100,61.21,100,61.19,100
24121,0.32,0.14,0.18,0.0,13:01:00,61.15,100,61.17,200,61.151,200
24142,0.23,0.07,0.16,15.560000000000002,13:01:15,61.14,100,61.18,200,61.1643,4000
24143,0.30000000000000004,0.14,0.16,15.860000000000003,13:01:15,61.14,100,61.17,100,61.144,4000
24216,0.38,0.2,0.18,41.71999999999998,13:01:41,61.24,1500,61.29,100,61.26,100
24233,0.25,0.07,0.18,47.57999999999998,13:01:47,61.22,400,61.27,100,61.269,500
24247,0.35,0.18,0.17,51.899999999999984,13:01:51,61.22,400,61.27,100,61.245,100
24258,0.36,0.18,0.18,55.64999999999999,13:01:55,61.36,100,61.39,100,61.38,200
24265,0.32,0.15,0.17,57.66999999999998,13:01:57,61.32,100,61.4,100,61.3664,1000
24278,0.35,0.18,0.17,0.0,13:02:00,61.27,200,61.29,200,61.32,200
24284,0.26,0.09,0.17,2.0200000000000005,13:02:02,61.26,8500,61.32,100,61.27,300
24293,3.39,3.22,0.17,9.26,13:02:09,61.27,100,61.31,400,61.31,100
24300,0.39,0.23,0.16,17.060000000000002,13:02:17,61.12,100,61.17,400,61.14,100
24362,0.28,0.08,0.2,35.78999999999998,13:02:35,61.27,300,61.31,200,61.309,100
24392,0.33999999999999997,0.18,0.16,45.95999999999999,13:02:45,61.26,300,61.3,200,61.3,100
24418,0.45999999999999996,0.24,0.22,54.009999999999984,13:02:54,61.31,100,61.39,200,61.35,100
24430,0.27,0.07,0.2,0.0,13:03:00,61.37,100,61.4,100,61.39,100
24450,2.21,2.02,0.19,13.440000000000001,13:03:13,61.34,100,61.39,300,61.36,100
24459,3.23,3.06,0.17,20.78,13:03:20,61.33,100,61.37,100,61.3575,500
24499,0.44000000000000006,0.27,0.17,34.080000000000005,13:03:34,61.31,100,61.36,500,61.355,200
24557,0.4,0.2,0.2,51.970000000000006,13:03:51,61.3,100,61.33,500,61.3003,100
24603,0.32999999999999996,0.15,0.18,1.9699999999999998,13:04:01,61.25,200,61.29,400,61.2639,300
24667,0.24000000000000002,0.07,0.17,30.200000000000003,13:04:30,61.14,400,61.2,300,61.1406,600
24698,0.35,0.17,0.18,40.11000000000001,13:04:40,61.14,200,61.19,100,61.1681,1000
24704,0.32999999999999996,0.12,0.21,42.07000000000001,13:04:42,61.16,200,61.19,100,61.1761,200
24728,0.38,0.2,0.18,50.03000000000002,13:04:50,61.16,200,61.19,100,61.175,100
24753,0.27,0.07,0.2,0.0,13:05:00,61.16,100,61.19,300,61.1803,800
24758,0.42000000000000004,0.2,0.22,1.85,13:05:01,61.14,100,61.18,200,61.181000000000004,1000
24889,0.24000000000000002,0.07,0.17,55.889999999999986,13:05:55,61.22,300,61.24,300,61.2299,200
25040,0.27,0.08,0.19,49.92000000000003,13:09:49,61.31,200,61.33,100,61.33,100
25050,0.28,0.08,0.2,53.84000000000002,13:09:53,61.31,300,61.34,200,61.3181,250
25080,0.35000000000000003,0.07,0.28,6.07,13:10:06,61.28,300,61.32,300,61.3099,200
25086,3.5900000000000003,3.37,0.22,13.5,13:10:13,61.35,200,61.38,100,61.3799,300
25151,0.27,0.09,0.18,39.97,13:10:39,61.33,500,61.36,1200,61.345,100
25171,0.28,0.08,0.2,46.16,13:10:46,61.32,200,61.35,100,61.3499,100
25183,0.29000000000000004,0.07,0.22,49.94,13:10:49,61.32,300,61.35,200,61.335,500
25306,0.55,0.14,0.41,39.84999999999999,13:11:39,61.35,100,61.37,100,61.3699,100
25310,0.46,0.07,0.39,41.819999999999986,13:11:41,61.35,200,61.37,100,61.37,200
25330,0.55,0.22,0.33,0.0,13:12:00,61.39,100,61.42,300,61.4,100
25342,1.9000000000000001,1.37,0.53,6.7700000000000005,13:12:06,61.4,100,61.43,100,61.43,100
25344,0.47000000000000003,0.08,0.39,8.05,13:12:08,61.42,200,61.45,100,61.43600000000001,2919
25349,0.5900000000000001,0.27,0.32,10.28,13:12:10,61.47,600,61.51,100,61.48,100
25352,0.34,0.07,0.27,11.77,13:12:11,61.47,600,61.51,200,61.51,250
25383,0.38,0.15,0.23,29.630000000000003,13:12:29,61.51,100,61.53,100,61.52,100
25399,0.44,0.18,0.26,35.64,13:12:35,61.49,100,61.53,100,61.5132,3000
25415,0.36,0.07,0.29,41.739999999999995,13:12:41,61.53,100,61.55,400,61.53,100
25420,0.44999999999999996,0.15,0.3,43.730000000000004,13:12:43,61.53,200,61.55,400,61.5301,200
25425,0.53,0.19,0.34,46.080000000000005,13:12:46,61.52,100,61.55,400,61.55,200
25445,0.27,0.09,0.18,53.860000000000014,13:12:53,61.49,200,61.55,600,61.54,100
25469,1.05,0.59,0.46,8.610000000000001,13:13:08,61.49,200,61.52,200,61.5197,100
25471,0.42,0.07,0.35,10.790000000000001,13:13:10,61.47,200,61.49,3800,61.4784,4200
25473,0.42000000000000004,0.08,0.34,11.750000000000002,13:13:11,61.47,200,61.49,3800,61.4787,300
25477,0.57,0.08,0.49,16.32,13:13:16,61.47,300,61.49,3800,61.49,500
25483,2.43,2.06,0.37,21.549999999999997,13:13:21,61.47,200,61.49,3800,61.4788,1500
25489,0.42,0.13,0.29,24.73,13:13:24,61.47,300,61.49,3500,61.4816,100
25495,0.62,0.22,0.4,28.17,13:13:28,61.47,200,61.49,3500,61.47,100
25519,0.76,0.35,0.41,42.13000000000002,13:13:42,61.46,500,61.49,3600,61.475,100
25538,0.61,0.18,0.43,53.93000000000001,13:13:53,61.45,600,61.48,400,61.463,200
25557,1.78,1.44,0.34,0.0,13:14:00,61.44,100,61.45,400,61.44,100
25558,3.7600000000000002,3.33,0.43,3.7600000000000002,13:14:03,61.44,500,61.45,300,61.45,200
25569,0.6,0.18,0.42,12.199999999999998,13:14:12,61.45,100,61.47,200,61.46,100
25580,0.59,0.17,0.42,18.389999999999997,13:14:18,61.44,1000,61.46,100,61.445,100
25655,0.6,0.21,0.39,14.37,13:15:14,61.48,100,61.52,400,61.5,100
25658,0.56,0.18,0.38,17.349999999999998,13:15:17,61.48,100,61.51,300,61.5011,4900
25662,0.6000000000000001,0.2,0.4,19.94,13:15:19,61.46,800,61.49,200,61.4908,100
25738,0.64,0.18,0.46,3.4400000000000004,13:16:03,61.47,200,61.49,600,61.4701,200
25742,0.64,0.08,0.56,12.040000000000001,13:16:12,61.39,400,61.42,100,61.42,100
25776,0.59,0.22,0.37,31.97,13:16:31,61.41,400,61.44,400,61.4231,200
25903,3.35,2.92,0.43,0.0,13:18:00,61.43,200,61.44,200,61.433,100
25936,0.42,0.07,0.35,24.240000000000016,13:18:24,61.43,400,61.44,200,61.435,302
26065,0.6,0.21,0.39,51.80999999999999,13:19:51,61.52,500,61.54,400,61.5268,400
26163,0.74,0.2,0.54,0.0,13:21:00,61.48,600,61.49,100,61.485,100
26176,0.6,0.24,0.36,15.870000000000001,13:21:15,61.4,700,61.43,200,61.41,200
26283,0.5800000000000001,0.18,0.4,23.970000000000006,13:22:23,61.42,400,61.43,300,61.422,300
26289,0.43,0.07,0.36,27.01000000000001,13:22:27,61.42,400,61.43,300,61.425,300
26419,0.8,0.19,0.61,50.60000000000003,13:23:50,61.4,300,61.41,100,61.395,1000
26480,0.5700000000000001,0.07,0.5,36.010000000000005,13:24:36,61.41,300,61.45,300,61.4233,400
26485,0.59,0.09,0.5,39.000000000000014,13:24:39,61.41,300,61.44,300,61.419,164
26536,1.19,0.23,0.96,47.6,13:25:47,61.39,300,61.41,300,61.4009,100
26572,1.0,0.07,0.93,29.170000000000005,13:26:29,61.41,100,61.42,300,61.415,6955
26591,1.19,0.37,0.82,49.780000000000015,13:26:49,61.45,400,61.46,200,61.455,300
26691,1.2,0.07,1.13,55.24000000000003,13:28:55,61.41,600,61.43,100,61.4186,300
26695,1.19,0.12,1.07,0.0,13:29:00,61.41,600,61.43,100,61.4208,250
26703,1.4000000000000001,0.09,1.31,19.409999999999997,13:29:19,61.39,200,61.4,300,61.405,100
26732,1.41,0.21,1.2,56.38,13:29:56,61.38,300,61.4,1200,61.385,100
26787,1.1800000000000002,0.07,1.11,3.8000000000000003,13:31:03,61.35,300,61.36,200,61.3533,267
26825,1.4,0.18,1.22,50.62000000000001,13:31:50,61.36,500,61.39,200,61.3761,185
26829,1.4,0.18,1.22,0.0,13:32:00,61.36,200,61.38,200,61.3726,300
26840,0.99,0.08,0.91,16.98,13:32:16,61.36,100,61.37,200,61.3667,150
26875,5.99,4.8,1.19,0.0,13:33:00,61.37,500,61.38,200,61.375,100
27008,1.57,0.23,1.34,4.0,13:36:04,61.36,200,61.37,500,61.365,100
27163,3.2,2.2,1.0,16.81,13:39:16,61.36,300,61.39,500,61.3701,200
27192,1.1800000000000002,0.07,1.11,49.96999999999999,13:39:49,61.32,300,61.34,200,61.3399,100
27196,0.97,0.22,0.75,54.35999999999999,13:39:54,61.32,300,61.34,200,61.3275,750
27211,54.8,53.89,0.91,0.0,13:41:00,61.37,400,61.38,300,61.3756,500
27251,1.2,0.17,1.03,45.580000000000005,13:41:45,61.39,200,61.4,200,61.3868,250
27465,1.3900000000000001,0.08,1.31,2.96,13:46:02,61.38,500,61.4,700,61.398,100
27486,1.38,0.25,1.13,30.719999999999995,13:46:30,61.38,100,61.39,1000,61.3857,160
27626,1.1800000000000002,0.13,1.05,27.189999999999998,13:49:27,61.36,300,61.38,200,61.361000000000004,100
27788,0.8200000000000001,0.17,0.65,29.029999999999994,13:52:29,61.38,100,61.39,400,61.388999999999996,100
27893,1.19,0.23,0.96,0.0,13:54:00,61.39,300,61.41,400,61.3985,304
27943,1.38,0.22,1.16,6.579999999999999,13:55:06,61.41,100,61.42,300,61.4154,500
27969,1.3900000000000001,0.07,1.32,0.0,13:56:00,61.42,100,61.44,200,61.4301,579
28061,1.01,0.07,0.94,26.580000000000005,13:57:26,61.43,200,61.45,700,61.4412,325
28111,1.2,0.07,1.13,39.77000000000001,13:58:39,61.43,200,61.44,500,61.43899999999999,100
28192,0.81,0.07,0.74,0.0,14:00:00,61.44,400,61.45,200,61.449,100
28369,1.2,0.17,1.03,56.239999999999995,14:03:56,61.42,100,61.43,200,61.4268,356
28413,0.98,0.07,0.91,49.57000000000001,14:04:49,61.42,500,61.44,500,61.4275,100
28428,1.17,0.14,1.03,0.0,14:05:00,61.42,500,61.44,200,61.4313,200
28571,1.21,0.08,1.13,0.0,14:08:00,61.44,200,61.45,400,61.4457,200
28592,1.2,0.07,1.13,30.0,14:08:30,61.44,100,61.45,500,61.4425,400
28599,1.0,0.14,0.86,37.370000000000005,14:08:37,61.44,200,61.45,500,61.4475,100
28667,0.99,0.34,0.65,0.0,14:10:00,61.46,300,61.47,100,61.465,100
28675,2.79,1.75,1.04,11.95,14:10:11,61.46,400,61.47,100,61.4657,100
28783,1.0,0.35,0.65,10.44,14:12:10,61.46,400,61.48,400,61.4713,100
28846,2.81,2.14,0.67,3.79,14:13:03,61.46,100,61.47,300,61.4601,100
28912,0.97,0.08,0.89,6.2,14:14:06,61.45,200,61.46,400,61.4562,102
29131,1.17,0.24,0.93,36.57000000000001,14:18:36,61.44,100,61.45,200,61.4495,113
29231,1.58,0.08,1.5,15.970000000000002,14:20:15,61.44,200,61.45,500,61.4405,750
29488,0.44,0.07,0.37,10.62,14:23:10,61.43,200,61.45,400,61.4391,100
29601,0.78,0.35,0.43,0.0,14:24:00,61.44,300,61.45,100,61.4499,129
29958,0.77,0.24,0.53,28.36,14:28:28,61.48,500,61.49,100,61.489,100
30001,0.5800000000000001,0.07,0.51,56.180000000000035,14:28:56,61.48,500,61.49,100,61.4875,100
30266,0.5900000000000001,0.07,0.52,49.550000000000026,14:31:49,61.47,400,61.48,300,61.479,100
30307,1.56,0.96,0.6,15.56,14:32:15,61.47,300,61.49,900,61.4836,200
32216,2.0100000000000002,1.57,0.44,20.400000000000002,14:58:20,61.47,500,61.49,800,61.4854,269
32387,0.6000000000000001,0.27,0.33,0.0,15:00:00,61.45,300,61.46,300,61.4509,400
32556,2.37,1.71,0.66,0.0,15:02:00,61.43,300,61.45,200,61.446999999999996,137
32775,0.77,0.2,0.57,0.0,15:05:00,61.42,500,61.44,200,61.4269,100
33452,0.43,0.07,0.36,27.849999999999987,15:13:27,61.45,400,61.46,400,61.458999999999996,100
34063,0.77,0.18,0.59,32.199999999999996,15:20:32,61.42,200,61.43,900,61.428999999999995,100
34381,3.75,3.17,0.58,18.57,15:24:18,61.43,700,61.44,500,61.4363,500
34813,0.7699999999999999,0.08,0.69,11.38,15:29:11,61.45,100,61.46,300,61.4584,175
35066,0.6000000000000001,0.07,0.53,18.369999999999997,15:32:18,61.42,300,61.43,600,61.4225,100
36091,0.44,0.14,0.3,18.81,15:44:18,61.35,300,61.36,1000,61.3501,500
36229,0.6,0.18,0.42,44.20000000000001,15:45:44,61.3,200,61.31,500,61.3007,100
36432,0.6,0.09,0.51,15.41,15:48:15,61.26,300,61.27,300,61.2699,104
36438,0.59,0.17,0.42,19.589999999999996,15:48:19,61.27,100,61.28,2000,61.275,100
36549,0.75,0.26,0.49,35.64000000000001,15:49:35,61.25,700,61.26,1100,61.2501,162
36553,0.59,0.17,0.42,37.88000000000002,15:49:37,61.25,700,61.26,1100,61.2592,200
36591,0.6,0.18,0.42,1.81,15:50:01,61.32,400,61.34,900,61.325,100
36796,0.5900000000000001,0.07,0.52,49.99000000000002,15:52:49,61.41,600,61.42,2300,61.4199,110
36949,0.8200000000000001,0.17,0.65,44.23000000000002,15:54:44,61.4,1200,61.41,700,61.4046,139
36966,0.78,0.24,0.54,56.640000000000015,15:54:56,61.4,900,61.41,700,61.4099,111
37072,0.44,0.13,0.31,21.860000000000007,15:56:21,61.39,1500,61.4,1000,61.3967,100
37100,1.6099999999999999,0.82,0.79,38.260000000000005,15:56:38,61.39,2100,61.4,1100,61.3901,562
37233,0.6,0.12,0.48,43.970000000000006,15:59:43,61.37,500,61.38,1600,61.3611,100
