,Total Delay,Request Delay,Saving Delay,Arrival Time,Time,Bid,Bid Size,Ask,Ask Size,Last Price,Last Size
0,0.6499999999999999,0.3,0.35,0.6499999999999999,09:30:00,58.24,800,58.39,100,58.44,100
16,0.32,0.08,0.24,6.53,09:30:06,58.24,100,58.38,400,58.37,100
64,2.08,1.88,0.2,0.0,09:31:00,58.24,100,58.38,600,58.35,200
138,0.38,0.07,0.31,32.470000000000006,09:31:32,58.19,300,58.28,100,58.22,100
193,0.41000000000000003,0.21,0.2,2.27,09:32:02,58.17,100,58.2,200,58.17,100
209,1.96,1.75,0.21,18.8,09:32:18,58.17,100,58.21,500,58.2,100
221,0.26,0.08,0.18,22.34,09:32:22,58.17,200,58.21,200,58.21,100
258,0.39,0.22,0.17,34.55999999999999,09:32:34,58.05,200,58.17,200,58.06,100
320,0.69,0.28,0.41,54.9,09:32:54,57.94,100,57.98,100,58.0,146
332,0.25,0.07,0.18,58.52,09:32:58,58.0,100,58.03,100,58.03,100
352,0.35,0.18,0.17,0.61,09:33:00,57.96,100,58.03,200,57.99,100
354,2.19,1.96,0.23,3.38,09:33:03,57.95,100,58.03,200,57.96,100
359,0.35,0.18,0.17,6.649999999999999,09:33:06,57.95,100,58.03,700,57.9501,100
399,0.38,0.21,0.17,22.759999999999998,09:33:22,57.98,100,58.03,100,58.005,100
457,0.33,0.13,0.2,42.65,09:33:42,57.95,200,58.02,500,57.95,100
516,0.42000000000000004,0.2,0.22,20.060000000000002,09:34:20,57.96,300,58.01,200,57.97,200
577,0.43,0.14,0.29,44.15999999999999,09:34:44,57.88,500,57.91,200,57.89,100
588,0.29000000000000004,0.07,0.22,47.87999999999999,09:34:47,57.78,200,57.84,200,57.83,100
594,0.38,0.14,0.24,50.13999999999999,09:34:50,57.79,100,57.85,2000,57.84,200
600,0.35000000000000003,0.08,0.27,52.24999999999999,09:34:52,57.85,100,57.88,300,57.825,100
604,0.4,0.12,0.28,54.07999999999999,09:34:54,57.69,100,57.75,100,57.7,100
621,0.33,0.07,0.26,0.0,09:35:00,57.63,200,57.69,200,57.67,100
622,3.44,3.13,0.31,3.44,09:35:03,57.6,100,57.69,100,57.63,100
632,0.29000000000000004,0.07,0.22,12.329999999999998,09:35:12,57.6,100,57.69,400,57.68,161
641,0.4,0.18,0.22,16.18,09:35:16,57.63,200,57.68,400,57.645,100
647,0.43000000000000005,0.16,0.27,18.419999999999998,09:35:18,57.64,100,57.68,400,57.65,100
653,0.44,0.22,0.22,20.490000000000002,09:35:20,57.59,200,57.67,200,57.62,100
662,0.56,0.29,0.27,24.399999999999995,09:35:24,57.61,100,57.67,700,57.64,100
674,0.44999999999999996,0.21,0.24,28.399999999999995,09:35:28,57.6,100,57.67,700,57.61,100
686,0.6200000000000001,0.28,0.34,32.97,09:35:32,57.63,100,57.71,200,57.71,100
785,0.42,0.21,0.21,2.3100000000000005,09:36:02,57.65,200,57.72,200,57.685,100
805,0.65,0.28,0.37,10.320000000000002,09:36:10,57.81,200,57.9,200,57.855,100
810,0.4,0.12,0.28,12.450000000000003,09:36:12,57.86,200,57.96,200,57.9,100
814,0.5800000000000001,0.19,0.39,14.350000000000003,09:36:14,57.88,300,57.97,200,57.91,100
822,0.30000000000000004,0.07,0.23,17.990000000000002,09:36:17,57.92,100,58.02,100,57.94,100
898,1.7399999999999998,1.38,0.36,11.000000000000002,09:37:11,58.07,100,58.14,100,58.09,100
902,0.39,0.14,0.25,15.690000000000001,09:37:15,58.08,100,58.14,100,58.12,100
905,0.42000000000000004,0.1,0.32,16.91,09:37:16,58.08,200,58.18,200,58.14,100
939,0.47000000000000003,0.13,0.34,33.08,09:37:33,58.17,100,58.27,200,58.24,100
943,0.37,0.07,0.3,34.67999999999999,09:37:34,58.21,200,58.27,100,58.23,100
970,0.46,0.2,0.26,45.00999999999998,09:37:45,58.27,100,58.36,100,58.28,100
984,0.41,0.12,0.29,50.79999999999996,09:37:50,58.29,100,58.36,200,58.355,100
993,0.39,0.12,0.27,54.68999999999997,09:37:54,58.33,100,58.39,200,58.345,100
1023,0.39,0.11,0.28,3.0100000000000002,09:38:03,58.28,1300,58.38,600,58.38,100
1035,0.55,0.19,0.36,9.390000000000002,09:38:09,58.29,500,58.38,400,58.335,100
1080,0.46,0.23,0.23,29.300000000000008,09:38:29,58.24,100,58.34,700,58.29,100
1090,0.55,0.22,0.33,33.150000000000006,09:38:33,58.13,100,58.2,200,58.13,100
1094,0.45,0.14,0.31,34.920000000000016,09:38:34,58.13,100,58.25,100,58.165,100
1117,0.62,0.27,0.35,45.02000000000001,09:38:45,58.19,100,58.3,100,58.25,100
1127,0.44,0.18,0.26,0.0,09:39:00,58.21,100,58.37,200,58.3,1200
1148,2.41,2.17,0.24,12.370000000000001,09:39:12,58.45,100,58.5,1600,58.5,100
1156,0.27,0.07,0.2,15.89,09:39:15,58.46,100,58.57,100,58.51,100
1211,0.45,0.2,0.25,40.29000000000002,09:39:40,58.57,200,58.62,100,58.59,100
1231,0.29,0.08,0.21,47.83000000000003,09:39:47,58.61,100,58.67,200,58.63,100
1251,0.28,0.08,0.2,54.17000000000002,09:39:54,58.56,200,58.63,200,58.61,100
1266,0.52,0.28,0.24,0.0,09:40:00,58.47,1000,58.61,100,58.52,100
1281,1.3,0.91,0.39,8.440000000000001,09:40:08,58.46,200,58.59,100,58.55,100
1283,2.42,2.13,0.29,11.22,09:40:11,58.48,100,58.56,200,58.56,300
1319,0.49,0.28,0.21,27.800000000000004,09:40:27,58.4,100,58.48,100,58.46,100
1373,0.28,0.08,0.2,47.819999999999986,09:40:47,58.38,1300,58.48,100,58.4,100
1395,0.34,0.08,0.26,0.0,09:41:00,58.28,200,58.35,100,58.31,100
1407,1.19,0.95,0.24,4.99,09:41:04,58.33,100,58.39,200,58.33,100
1463,0.27,0.07,0.2,30.02,09:41:30,58.33,200,58.4,400,58.34,100
1509,0.35,0.15,0.2,46.279999999999994,09:41:46,58.27,100,58.43,300,58.42,100
1725,0.36,0.09,0.27,25.589999999999996,09:43:25,58.33,100,58.41,100,58.36,100
1773,0.29000000000000004,0.07,0.22,43.720000000000006,09:43:43,58.37,100,58.45,100,58.39,100
1815,0.33,0.07,0.26,0.0,09:44:00,58.33,200,58.5,500,58.49,100
1977,1.44,1.19,0.25,14.569999999999999,09:45:14,58.36,200,58.45,200,58.405,100
2005,0.43,0.07,0.36,25.840000000000003,09:45:25,58.35,200,58.44,200,58.395,100
2036,0.5,0.21,0.29,37.980000000000004,09:45:37,58.37,100,58.44,100,58.43,100
2052,0.39,0.15,0.24,43.910000000000004,09:45:43,58.47,300,58.56,100,58.515,100
2071,0.53,0.25,0.28,51.64,09:45:51,58.5,100,58.56,100,58.53,100
2112,2.15,1.73,0.42,12.67,09:46:12,58.51,300,58.57,200,58.54,1000
2116,2.6999999999999997,2.32,0.38,16.65,09:46:16,58.58,200,58.65,100,58.64,100
2135,0.41000000000000003,0.2,0.21,26.080000000000002,09:46:26,58.61,100,58.64,200,58.62,100
2273,0.37,0.2,0.17,17.86,09:47:17,58.47,100,58.54,500,58.505,100
2283,0.46,0.23,0.23,21.959999999999997,09:47:21,58.47,100,58.54,500,58.48,100
2284,0.28,0.08,0.2,22.24,09:47:22,58.4,100,58.44,100,58.41,100
2343,0.5900000000000001,0.27,0.32,44.35,09:47:44,58.34,100,58.42,600,58.385,100
2417,0.29000000000000004,0.07,0.22,19.81,09:48:19,58.34,100,58.39,400,58.365,100
2429,0.25,0.07,0.18,23.79,09:48:23,58.3,1600,58.37,200,58.32,100
2649,0.45999999999999996,0.22,0.24,0.0,09:50:00,58.26,100,58.37,200,58.315,100
2716,0.67,0.22,0.45,34.120000000000005,09:50:34,58.24,100,58.33,100,58.26,100
2785,0.33,0.13,0.2,0.0,09:51:00,58.24,100,58.33,600,58.285,100
2804,0.38,0.16,0.22,11.879999999999999,09:51:11,58.24,100,58.29,600,58.27,500
3024,0.32,0.12,0.2,44.09,09:52:44,58.37,100,58.43,200,58.3878,100
3133,0.29000000000000004,0.09,0.2,7.800000000000001,09:53:07,58.5,200,58.54,100,58.535,227
3243,0.27,0.07,0.2,0.0,09:54:00,58.46,100,58.51,200,58.485,100
3406,0.48,0.19,0.29,4.09,09:55:04,58.51,300,58.55,100,58.57,100
3479,0.27,0.07,0.2,33.89000000000001,09:55:33,58.53,100,58.58,200,58.555,300
3543,0.91,0.66,0.25,18.48,09:56:18,58.56,100,58.64,800,58.6,100
3554,0.52,0.22,0.3,22.18,09:56:22,58.59,100,58.65,100,58.65,100
3581,0.48000000000000004,0.2,0.28,34.329999999999984,09:56:34,58.63,200,58.68,100,58.66,100
3610,0.25,0.08,0.17,43.98999999999999,09:56:43,58.63,200,58.68,200,58.6334,120
3622,0.37,0.12,0.25,48.01999999999999,09:56:48,58.61,200,58.68,200,58.67,100
3646,0.33999999999999997,0.13,0.21,55.96,09:56:55,58.61,100,58.68,200,58.68,100
3707,0.29,0.08,0.21,9.14,09:57:09,58.58,100,58.62,100,58.5975,100
3713,0.36,0.17,0.19,11.24,09:57:11,58.57,100,58.59,100,58.58,100
3734,0.37,0.19,0.18,19.14,09:57:19,58.56,100,58.59,100,58.5775,100
3943,0.39,0.21,0.18,6.269999999999999,09:59:06,58.51,200,58.54,100,58.525,100
3959,1.3099999999999998,1.14,0.17,15.02,09:59:15,58.46,100,58.49,100,58.47,100
4077,0.25,0.07,0.18,56.160000000000004,09:59:56,58.4,800,58.45,200,58.425,100
4193,0.6799999999999999,0.2,0.48,44.14999999999999,10:00:44,58.41,100,58.49,300,58.45,100
4273,0.27,0.07,0.2,31.280000000000005,10:01:31,58.41,100,58.46,300,58.435,100
4360,0.26,0.08,0.18,0.0,10:02:00,58.45,100,58.48,300,58.465,100
4685,0.29000000000000004,0.09,0.2,0.55,10:04:00,58.17,200,58.31,400,58.2775,100
4697,0.26,0.07,0.19,4.579999999999999,10:04:04,58.19,100,58.31,900,58.245,100
4935,0.26,0.07,0.19,0.0,10:06:00,58.54,400,58.61,100,58.575,100
5288,0.66,0.27,0.39,28.0,10:08:28,58.47,300,58.52,300,58.495,100
5387,0.41000000000000003,0.24,0.17,9.81,10:09:09,58.47,100,58.51,100,58.475,100
5513,0.44,0.19,0.25,16.490000000000002,10:12:16,58.57,400,58.62,500,58.595,100
5585,0.29000000000000004,0.07,0.22,0.0,10:13:00,58.64,300,58.69,200,58.6721,102
5591,0.46,0.26,0.2,2.15,10:13:02,58.64,200,58.69,200,58.69,300
5743,0.4,0.21,0.19,25.9,10:14:25,58.66,400,58.7,100,58.7,300
5890,0.29,0.08,0.21,17.149999999999995,10:15:17,58.69,300,58.76,300,58.725,128
5919,0.39,0.22,0.17,27.05,10:15:27,58.69,300,58.75,100,58.75,100
6029,0.26,0.07,0.19,0.0,10:16:00,58.69,300,58.75,300,58.745,100
6168,0.3,0.08,0.22,14.040000000000001,10:17:14,58.71,100,58.75,100,58.74,100
6188,0.43,0.19,0.24,24.760000000000005,10:17:24,58.72,300,58.75,400,58.735,100
6237,0.4,0.21,0.19,42.190000000000026,10:17:42,58.69,100,58.72,500,58.705,300
6307,0.41000000000000003,0.2,0.21,23.749999999999993,10:18:23,58.61,100,58.64,700,58.625,500
6404,0.35,0.14,0.21,31.869999999999997,10:19:31,58.63,200,58.68,100,58.655,100
6555,0.43,0.11,0.32,8.11,10:21:08,58.62,100,58.68,500,58.6529,350
6605,0.5900000000000001,0.07,0.52,36.04999999999999,10:21:36,58.61,100,58.64,400,58.6264,100
6751,0.44999999999999996,0.24,0.21,23.550000000000008,10:23:23,58.53,100,58.56,400,58.545,100
6844,0.28,0.07,0.21,0.0,10:24:00,58.46,100,58.49,700,58.4742,150
7185,37.42,37.15,0.27,0.0,10:27:00,58.43,100,58.46,400,58.445,100
7247,0.3,0.08,0.22,23.050000000000004,10:27:23,58.45,200,58.46,400,58.455,2600
7251,0.42000000000000004,0.23,0.19,24.550000000000004,10:27:24,58.45,100,58.46,400,58.4525,200
7347,0.36,0.07,0.29,37.85,10:28:37,58.43,200,58.45,300,58.4403,200
7589,4.29,4.05,0.24,0.0,10:30:00,58.51,100,58.57,900,58.5504,100
7906,0.48,0.22,0.26,36.95000000000002,10:33:36,58.7,300,58.74,900,58.71,100
7919,0.34,0.08,0.26,40.85000000000002,10:33:40,58.7,500,58.74,900,58.72,100
7974,1.83,1.57,0.26,21.989999999999995,10:34:21,58.71,300,58.79,200,58.78,100
8067,0.6000000000000001,0.07,0.53,0.0,10:35:00,58.7,400,58.73,300,58.715,100
8207,0.62,0.09,0.53,38.249999999999986,10:36:38,58.72,200,58.76,500,58.76,100
8363,0.59,0.09,0.5,29.959999999999997,10:38:29,58.73,200,58.76,400,58.73,300
8377,0.61,0.17,0.44,38.0,10:38:38,58.75,300,58.79,200,58.79,100
8388,0.44,0.08,0.36,43.81999999999999,10:38:43,58.76,100,58.8,400,58.77,116
8416,0.83,0.13,0.7,0.0,10:39:00,58.76,200,58.8,400,58.785,100
8475,0.6499999999999999,0.07,0.58,47.72000000000001,10:39:47,58.76,400,58.8,400,58.7819,230
8495,1.0,0.18,0.82,5.96,10:40:05,58.8,200,58.82,300,58.8,100
8538,0.59,0.21,0.38,41.340000000000025,10:40:41,58.78,200,58.81,400,58.795,100
8561,0.43,0.07,0.36,55.110000000000035,10:40:55,58.78,200,58.81,300,58.81,200
8584,0.62,0.25,0.37,0.0,10:41:00,58.78,300,58.81,400,58.7964,168
8591,0.61,0.18,0.43,6.180000000000001,10:41:06,58.81,200,58.83,500,58.82,100
8639,0.5800000000000001,0.07,0.51,34.16000000000002,10:41:34,58.82,100,58.84,500,58.83,100
8653,0.44,0.07,0.37,42.010000000000026,10:41:42,58.81,100,58.84,500,58.825,100
8681,0.5700000000000001,0.07,0.5,1.83,10:42:01,58.86,200,58.88,500,58.86,400
8684,0.6,0.09,0.51,7.68,10:42:07,58.86,200,58.88,400,58.88,114
8690,0.94,0.31,0.63,11.829999999999997,10:42:11,58.87,100,58.88,400,58.87,100
8715,0.6000000000000001,0.07,0.53,27.68,10:42:27,58.87,100,58.89,400,58.875,100
8740,0.57,0.09,0.48,41.82000000000001,10:42:41,58.83,100,58.88,400,58.84,100
8758,0.76,0.22,0.54,0.0,10:43:00,58.83,100,58.87,200,58.85,100
8820,0.79,0.12,0.67,45.850000000000016,10:43:45,58.83,300,58.85,300,58.836000000000006,105
8993,0.59,0.08,0.51,44.35,10:45:44,58.84,100,58.86,600,58.8509,100
9092,0.59,0.18,0.41,52.41000000000001,10:46:52,58.83,100,58.86,400,58.845,100
9203,4.82,4.37,0.45,9.0,10:48:09,58.85,100,58.88,500,58.865,100
9214,0.6,0.15,0.45,18.01,10:48:18,58.85,100,58.88,600,58.8501,100
9338,0.64,0.09,0.55,38.66000000000001,10:49:38,58.77,200,58.81,400,58.7932,100
9459,0.5800000000000001,0.14,0.44,0.0,10:51:00,58.75,100,58.8,500,58.775,100
9570,0.75,0.23,0.52,26.54000000000001,10:52:26,58.74,300,58.77,200,58.7592,195
9756,118.97,118.36,0.61,0.0,10:55:00,58.83,200,58.88,500,58.839,500
9930,0.43999999999999995,0.15,0.29,0.0,10:58:00,58.8,200,58.83,400,58.815,100
10195,0.44,0.11,0.33,0.0,11:01:00,58.8,200,58.84,100,58.8257,211
10256,135.06,134.46,0.6,0.0,11:03:00,58.87,300,58.89,100,58.885,100
10267,0.6000000000000001,0.07,0.53,0.0,11:04:00,58.89,100,58.9,400,58.9,100
10285,0.96,0.36,0.6,12.580000000000002,11:04:12,58.92,100,58.93,200,58.92,100
10290,0.6399999999999999,0.07,0.57,15.990000000000002,11:04:15,58.93,100,58.96,300,58.945,180
10309,0.76,0.08,0.68,28.140000000000004,11:04:28,58.93,200,58.96,200,58.9504,100
10321,0.63,0.24,0.39,36.37000000000002,11:04:36,58.97,100,58.99,300,58.97,100
10324,0.59,0.08,0.51,0.0,11:05:00,58.98,100,58.99,200,58.98,100
10340,1.56,0.89,0.67,14.559999999999999,11:05:14,58.98,100,59.0,800,59.0,500
10342,0.5800000000000001,0.07,0.51,15.77,11:05:15,58.98,100,59.01,300,59.01,141
10344,3.99,3.43,0.56,20.36,11:05:20,58.98,200,59.01,300,58.995,100
10363,0.6000000000000001,0.28,0.32,31.570000000000014,11:05:31,59.01,100,59.03,100,59.02,100
10374,0.6,0.17,0.43,37.570000000000014,11:05:37,59.01,200,59.03,300,59.025,200
10381,0.59,0.29,0.3,41.41000000000002,11:05:41,58.99,200,59.02,400,59.005,100
10428,2.45,2.14,0.31,12.84,11:06:12,59.02,100,59.03,400,59.03,100
10431,2.0,1.44,0.56,16.79,11:06:16,59.05,100,59.07,300,59.05,100
10445,0.5700000000000001,0.07,0.5,24.39,11:06:24,59.02,100,59.06,400,59.045,100
10455,0.74,0.31,0.43,30.17,11:06:30,59.02,100,59.06,400,59.04,100
10469,0.43,0.07,0.36,37.82,11:06:37,59.02,100,59.06,200,59.06,100
10499,0.56,0.07,0.49,53.98,11:06:53,59.04,100,59.09,700,59.07,200
10514,0.6000000000000001,0.2,0.4,0.0,11:07:00,59.02,100,59.07,400,59.0601,100
10520,0.59,0.17,0.42,3.8,11:07:03,59.02,100,59.09,400,59.055,100
10535,0.56,0.12,0.44,19.999999999999996,11:07:19,59.02,200,59.09,400,59.09,100
10598,0.5900000000000001,0.19,0.4,53.81999999999999,11:07:53,59.06,200,59.09,100,59.075,200
10703,0.43,0.07,0.36,0.0,11:09:00,59.02,100,59.05,800,59.035,100
10774,0.44,0.07,0.37,39.97,11:09:39,59.07,200,59.09,300,59.08,100
10781,0.62,0.24,0.38,43.96999999999999,11:09:43,59.07,400,59.1,100,59.085,100
10943,0.62,0.12,0.5,31.470000000000002,11:11:31,59.07,300,59.1,700,59.1,100
11014,0.8,0.37,0.43,34.65,11:12:34,59.1,500,59.12,200,59.11,100
11044,0.6200000000000001,0.07,0.55,0.0,11:13:00,59.12,200,59.15,100,59.14,197
11047,0.76,0.07,0.69,1.97,11:13:01,59.14,200,59.16,200,59.15,100
11050,0.62,0.08,0.54,3.9800000000000004,11:13:03,59.12,200,59.14,100,59.13,100
11126,0.62,0.19,0.43,0.0,11:14:00,59.15,200,59.17,100,59.16,100
11143,0.5700000000000001,0.2,0.37,15.810000000000002,11:14:15,59.16,200,59.17,400,59.165,100
11146,0.6100000000000001,0.27,0.34,18.01,11:14:18,59.17,300,59.18,300,59.18,100
11155,0.5800000000000001,0.07,0.51,23.810000000000002,11:14:23,59.17,300,59.18,400,59.175,100
11182,0.62,0.18,0.44,39.609999999999985,11:14:39,59.19,100,59.2,500,59.1801,100
11186,0.44,0.07,0.37,41.83999999999998,11:14:41,59.19,200,59.2,200,59.19,100
11201,108.41,107.97,0.44,0.0,11:16:00,59.16,100,59.18,300,59.17,100
11229,0.6000000000000001,0.07,0.53,18.07,11:16:18,59.15,100,59.17,100,59.1597,100
11438,0.95,0.07,0.88,0.0,11:19:00,59.13,100,59.16,900,59.145,100
11536,0.6100000000000001,0.27,0.34,35.98,11:20:35,59.15,200,59.16,200,59.155,100
11539,0.63,0.14,0.49,37.96,11:20:37,59.15,200,59.16,200,59.1525,500
11594,0.62,0.08,0.54,21.780000000000005,11:21:21,59.1,100,59.12,200,59.1225,300
11625,0.6000000000000001,0.07,0.53,44.77,11:21:44,59.1,200,59.12,200,59.12,100
11630,0.5800000000000001,0.13,0.45,47.78000000000001,11:21:47,59.1,200,59.13,600,59.115,100
11658,0.6100000000000001,0.07,0.54,6.96,11:22:06,59.12,200,59.15,900,59.135,100
11753,0.77,0.18,0.59,10.2,11:23:10,59.17,200,59.19,100,59.185,100
11822,0.5900000000000001,0.07,0.52,0.0,11:24:00,59.19,100,59.2,200,59.205,300
11825,0.77,0.34,0.43,1.9900000000000002,11:24:01,59.19,300,59.2,200,59.2,100
12123,0.62,0.12,0.5,45.37,11:29:45,59.05,100,59.08,400,59.065,100
12153,0.6200000000000001,0.07,0.55,3.95,11:30:03,59.03,100,59.05,400,59.0407,100
12474,0.5900000000000001,0.07,0.52,0.0,11:34:00,59.04,100,59.06,400,59.0425,200
12535,0.61,0.08,0.53,45.97999999999999,11:34:45,58.96,200,59.01,500,58.99,100
12541,0.76,0.07,0.69,50.30999999999999,11:34:50,58.96,200,59.01,500,58.985,100
12550,0.77,0.32,0.45,0.0,11:35:00,58.96,400,59.01,500,58.9874,333
12566,79.02,78.7,0.32,0.0,11:36:00,58.89,800,58.91,600,58.91,100
12605,0.83,0.21,0.62,21.8,11:36:21,58.88,200,58.9,200,58.89,700
12607,0.44,0.07,0.37,23.000000000000004,11:36:23,58.88,800,58.91,500,58.895,100
12642,0.61,0.1,0.51,23.790000000000006,11:37:23,58.91,100,58.92,300,58.9115,200
12645,0.75,0.23,0.52,25.750000000000007,11:37:25,58.91,200,58.92,300,58.9154,200
12648,0.75,0.08,0.67,27.76000000000001,11:37:27,58.93,100,58.94,200,58.93,200
12651,0.64,0.19,0.45,29.60000000000001,11:37:29,58.94,100,58.96,100,58.94,100
12655,0.58,0.22,0.36,31.760000000000005,11:37:31,58.95,100,58.98,100,58.96,100
12753,0.6200000000000001,0.07,0.55,38.05,11:38:38,58.92,300,58.96,100,58.95,219
12908,0.24000000000000002,0.07,0.17,0.0,11:42:00,58.97,200,58.99,700,58.9702,100
13142,84.78,84.59,0.19,0.0,11:45:00,58.95,100,58.98,300,58.965,100
13244,0.25,0.08,0.17,32.81999999999999,11:45:32,58.95,600,58.97,400,58.9501,100
13444,0.42000000000000004,0.23,0.19,6.129999999999999,11:47:06,58.97,500,58.99,500,58.9717,500
13506,0.27,0.08,0.19,31.990000000000002,11:47:31,59.01,500,59.04,600,59.0264,120
13802,0.36,0.17,0.19,24.58999999999999,11:49:24,59.03,300,59.06,200,59.0525,100
14209,0.37,0.07,0.3,6.130000000000001,11:52:06,59.03,200,59.05,400,59.0403,200
14504,4.07,3.9,0.17,0.0,11:54:00,59.02,100,59.04,200,59.033,140
14948,0.26,0.07,0.19,57.82000000000005,11:56:57,58.93,400,58.95,500,58.925,100
15154,0.32,0.15,0.17,5.610000000000001,11:58:05,58.97,200,58.98,200,58.975,100
15175,0.24000000000000002,0.07,0.17,11.650000000000002,11:58:11,58.98,300,59.0,400,58.9909,449
15443,0.8400000000000001,0.52,0.32,20.019999999999992,12:00:20,58.94,200,58.97,300,58.955,100
15605,0.26,0.07,0.19,14.949999999999998,12:01:14,59.0,200,59.03,100,59.0076,990
15732,0.55,0.24,0.31,8.030000000000001,12:02:08,59.1,400,59.11,200,59.105,100
16473,0.38,0.2,0.18,52.139999999999986,12:06:52,59.01,200,59.02,100,59.015,100
16513,0.39,0.2,0.19,11.23,12:07:11,59.0,300,59.02,400,59.0113,298
17331,1.97,1.78,0.19,21.639999999999997,12:12:21,58.95,200,58.98,500,58.9754,300
17360,0.32,0.12,0.2,31.970000000000002,12:12:31,58.94,100,58.97,600,58.968999999999994,220
18570,3.2100000000000004,2.99,0.22,6.08,12:20:06,58.94,500,58.96,200,58.9509,165
18633,0.38,0.21,0.17,33.54000000000001,12:20:33,58.92,200,58.95,200,58.935,400
18918,0.4,0.21,0.19,32.25,12:22:32,58.93,600,58.96,400,58.9464,200
19187,0.41000000000000003,0.2,0.21,17.890000000000004,12:24:17,59.01,200,59.03,400,59.0101,100
19772,0.35,0.18,0.17,24.290000000000003,12:28:24,59.08,100,59.11,500,59.095,100
20675,4.39,4.21,0.18,10.919999999999998,12:34:10,58.95,100,58.97,100,58.9631,200
21077,0.34,0.17,0.17,46.269999999999996,12:36:46,58.98,200,59.01,400,58.9936,142
21463,0.24000000000000002,0.07,0.17,16.89,12:39:16,58.89,400,58.91,300,58.8965,295
22092,0.43,0.21,0.22,31.15,12:46:31,58.9,200,58.93,200,58.915,100
22165,0.42,0.21,0.21,0.0,12:47:00,58.9,200,58.93,1200,58.9026,463
22418,0.25,0.07,0.18,41.02000000000003,12:48:41,58.89,300,58.91,500,58.9033,500
22914,0.25,0.09,0.16,35.94,12:51:35,58.88,500,58.92,300,58.9019,165
24052,0.26,0.08,0.18,11.339999999999998,13:00:11,58.81,600,58.86,400,58.835,100
24692,0.26,0.08,0.18,42.15000000000001,13:04:42,58.88,200,58.89,200,58.883,127
24911,174.01,173.76,0.25,0.0,13:08:00,58.87,300,58.88,200,58.8787,100
25487,0.44999999999999996,0.16,0.29,12.969999999999999,13:13:12,58.95,300,58.96,500,58.9554,100
26468,0.5800000000000001,0.07,0.51,30.020000000000003,13:24:30,59.05,400,59.07,300,59.0565,250
26649,4.59,3.5,1.09,0.0,13:28:00,59.04,500,59.08,300,59.0672,135
26699,1.4100000000000001,0.07,1.34,0.0,13:29:00,59.05,600,59.07,400,59.056000000000004,135
26760,1.41,0.22,1.19,30.99,13:30:30,59.1,700,59.12,100,59.1057,201
26787,1.1800000000000002,0.07,1.11,0.0,13:31:00,59.1,700,59.12,100,59.1087,575
26875,5.99,4.8,1.19,0.0,13:33:00,59.19,200,59.22,300,59.21,100
26876,1.21,0.08,1.13,1.21,13:33:01,59.2,100,59.23,100,59.22,100
26889,1.6,0.33,1.27,18.630000000000003,13:33:18,59.21,100,59.24,200,59.23,100
26913,1.1800000000000002,0.08,1.1,0.0,13:34:00,59.25,100,59.29,200,59.26,100
26915,1.1700000000000002,0.07,1.1,2.1900000000000004,13:34:02,59.26,200,59.3,300,59.3,100
26923,1.19,0.21,0.98,14.59,13:34:14,59.26,200,59.29,600,59.27,100
26930,1.39,0.22,1.17,24.21,13:34:24,59.25,500,59.28,700,59.265,100
27003,1.57,0.26,1.31,57.98000000000001,13:35:57,59.26,800,59.28,500,59.28,100
27024,1.2000000000000002,0.13,1.07,0.0,13:36:00,59.26,1100,59.28,600,59.2709,100
27030,1.41,0.23,1.18,7.6000000000000005,13:36:07,59.27,400,59.29,200,59.29,100
27062,2.82,2.13,0.69,4.81,13:37:04,59.26,900,59.27,200,59.2625,800
27091,1.21,0.07,1.14,40.190000000000005,13:37:40,59.25,300,59.26,200,59.255,100
27093,1.03,0.07,0.96,42.60000000000001,13:37:42,59.24,300,59.25,200,59.25,100
27099,1.22,0.07,1.15,49.80000000000001,13:37:49,59.24,300,59.25,200,59.24,100
27109,1.37,0.07,1.3,0.0,13:38:00,59.24,300,59.25,200,59.245,100
27110,1.22,0.07,1.15,1.22,13:38:01,59.24,300,59.25,200,59.2408,100
27136,1.01,0.08,0.93,37.40999999999999,13:38:37,59.22,200,59.24,100,59.2276,230
27176,1.02,0.19,0.83,15.2,13:39:15,59.22,400,59.24,200,59.2333,120
27789,0.98,0.07,0.91,36.19999999999999,13:52:36,59.08,100,59.11,300,59.0996,130
27997,0.99,0.17,0.82,19.189999999999998,13:56:19,59.16,100,59.17,400,59.1654,100
28038,2.0,0.83,1.17,17.17,13:57:17,59.18,300,59.21,600,59.195,100
28146,1.3800000000000001,0.08,1.3,26.600000000000005,13:59:26,59.2,400,59.21,300,59.2073,100
28150,1.03,0.15,0.88,31.40000000000001,13:59:31,59.22,500,59.24,200,59.215,100
28368,1.3900000000000001,0.27,1.12,56.21999999999999,14:03:56,59.19,500,59.22,800,59.217,130
28490,0.81,0.16,0.65,27.619999999999997,14:06:27,59.27,300,59.28,200,59.2754,100
28532,3.4,2.28,1.12,0.0,14:07:00,59.3,700,59.31,200,59.31,100
28536,1.3900000000000001,0.14,1.25,5.199999999999999,14:07:05,59.32,300,59.34,500,59.32,100
28537,1.21,0.08,1.13,6.409999999999999,14:07:06,59.34,200,59.35,200,59.34,100
28539,1.21,0.07,1.14,9.009999999999998,14:07:09,59.34,400,59.36,600,59.35,100
28557,1.02,0.08,0.94,31.819999999999993,14:07:31,59.34,400,59.35,200,59.3446,122
28577,1.5899999999999999,0.57,1.02,21.19,14:08:21,59.35,100,59.37,100,59.36,100
28581,1.19,0.15,1.04,25.790000000000003,14:08:25,59.33,200,59.36,800,59.345,100
28590,1.39,0.25,1.14,35.82,14:08:35,59.32,100,59.36,700,59.3381,118
28664,1.01,0.26,0.75,27.380000000000003,14:09:27,59.28,200,59.29,300,59.285,100
28712,1.19,0.3,0.89,45.850000000000016,14:10:45,59.27,200,59.28,300,59.275,100
28726,3.58,2.78,0.8,0.0,14:11:00,59.26,100,59.28,300,59.278,130
28797,0.8200000000000001,0.07,0.75,24.629999999999995,14:12:24,59.25,300,59.28,400,59.2662,100
28808,0.97,0.07,0.9,34.59999999999999,14:12:34,59.25,300,59.28,400,59.2664,100
28889,0.83,0.12,0.71,0.0,14:14:00,59.21,400,59.22,400,59.2225,300
29101,1.1800000000000002,0.08,1.1,0.0,14:18:00,59.22,400,59.23,500,59.225,100
29124,1.2,0.24,0.96,28.590000000000003,14:18:28,59.21,200,59.22,200,59.2101,400
29143,0.82,0.09,0.73,47.61000000000001,14:18:47,59.2,100,59.21,200,59.208999999999996,6000
29519,0.5900000000000001,0.19,0.4,27.97000000000001,14:23:27,59.2,100,59.23,200,59.2375,100
29534,0.5700000000000001,0.18,0.39,35.95000000000002,14:23:35,59.18,300,59.23,200,59.1978,500
29609,0.43,0.08,0.35,21.85,14:24:21,59.18,600,59.23,300,59.2074,166
29926,0.64,0.18,0.46,0.0,14:28:00,59.25,300,59.27,600,59.269,100
30031,0.62,0.17,0.45,16.189999999999998,14:29:16,59.23,100,59.24,100,59.235,100
30075,0.61,0.23,0.38,43.61000000000003,14:29:43,59.2,600,59.25,300,59.2499,150
30326,0.6200000000000001,0.07,0.55,34.39000000000001,14:32:34,59.21,400,59.24,400,59.2275,100
30633,0.6300000000000001,0.07,0.56,21.409999999999997,14:38:21,59.14,100,59.18,400,59.152,100
30729,0.6000000000000001,0.2,0.4,25.749999999999996,14:39:25,59.17,200,59.19,200,59.1791,413
31079,0.6499999999999999,0.08,0.57,34.21,14:43:34,59.11,300,59.14,500,59.125,100
31307,0.79,0.14,0.65,35.38000000000001,14:46:35,59.08,500,59.1,200,59.0891,335
31650,0.79,0.14,0.65,32.55,14:50:32,59.04,200,59.07,700,59.0537,318
31694,2.81,2.15,0.66,18.389999999999997,14:51:18,59.04,300,59.07,700,59.0564,255
32481,0.5700000000000001,0.2,0.37,0.0,15:01:00,59.03,400,59.05,500,59.0388,150
33802,0.6,0.21,0.39,22.0,15:17:22,58.99,600,59.0,200,58.9928,500
33916,0.6,0.09,0.51,27.380000000000003,15:18:27,58.88,300,58.91,300,58.8969,500
33979,0.6200000000000001,0.07,0.55,19.85,15:19:19,58.8,200,58.83,500,58.8164,399
34140,0.77,0.18,0.59,24.01000000000001,15:21:24,58.85,400,58.86,200,58.855,100
34624,0.59,0.12,0.47,1.8399999999999999,15:27:01,58.81,300,58.84,400,58.8304,116
34651,0.56,0.18,0.38,25.819999999999997,15:27:25,58.82,300,58.84,400,58.8291,100
34924,0.79,0.17,0.62,46.36000000000001,15:30:46,58.85,300,58.86,100,58.8558,116
35203,0.61,0.14,0.47,1.83,15:34:01,58.82,600,58.84,500,58.8336,116
35376,0.5700000000000001,0.07,0.5,33.96,15:35:33,58.89,400,58.91,200,58.8979,345
35387,3.39,2.87,0.52,0.0,15:36:00,58.88,300,58.9,400,58.8865,100
35445,0.63,0.24,0.39,38.76000000000001,15:36:38,58.85,300,58.88,1000,58.879,116
35684,0.5700000000000001,0.07,0.5,23.8,15:39:23,58.92,400,58.94,500,58.9332,100
35906,4.02,3.44,0.58,11.399999999999999,15:42:11,58.93,500,58.95,400,58.9317,800
35985,0.61,0.25,0.36,8.59,15:43:08,58.94,200,58.96,200,58.9491,129
36081,0.43,0.07,0.36,11.819999999999999,15:44:11,58.94,500,58.95,1100,58.9454,170
36096,0.6000000000000001,0.2,0.4,20.000000000000004,15:44:20,58.94,500,58.95,1000,58.9457,300
36233,0.5700000000000001,0.07,0.5,26.209999999999987,15:45:26,58.89,700,58.92,400,58.905,100
36258,2.02,1.5,0.52,0.0,15:46:00,58.9,700,58.92,500,58.9109,241
36556,0.43,0.08,0.35,40.08000000000001,15:49:40,58.96,300,58.97,700,58.9625,100
36684,0.6300000000000001,0.07,0.56,16.220000000000002,15:51:16,58.92,300,58.93,1100,58.9201,101
36718,0.8200000000000001,0.28,0.54,42.19,15:51:42,58.91,100,58.92,900,58.9101,360
36720,0.6100000000000001,0.07,0.54,43.62,15:51:43,58.91,100,58.92,900,58.9125,100
36847,0.6399999999999999,0.07,0.57,34.260000000000005,15:53:34,58.86,500,58.87,800,58.8654,103
36865,0.74,0.07,0.67,47.97999999999999,15:53:47,58.86,1000,58.87,900,58.8642,100
36898,0.8200000000000001,0.17,0.65,1.6,15:54:01,58.86,900,58.87,100,58.8725,100
37091,0.6000000000000001,0.2,0.4,32.21000000000001,15:56:32,58.8,1000,58.81,1800,58.8075,100
37098,0.55,0.2,0.35,36.220000000000006,15:56:36,58.8,1200,58.81,1900,58.805,100
