,Total Delay,Request Delay,Saving Delay,Arrival Time,Time,Bid,Bid Size,Ask,Ask Size,Last Price,Last Size
0,0.6499999999999999,0.3,0.35,0.6499999999999999,09:30:00,355.95,100,356.19,100,356.0,165
11,0.5,0.28,0.22,4.41,09:30:04,355.94,100,356.18,200,356.0702,270
16,0.32,0.08,0.24,6.53,09:30:06,356.0,400,356.57,100,356.18,100
32,0.43,0.21,0.22,12.59,09:30:12,356.0,400,356.92,300,356.72,100
42,0.32,0.07,0.25,16.54,09:30:16,356.0,500,356.92,300,356.7284,170
51,0.4,0.18,0.22,0.0,09:31:00,356.0,600,356.92,300,356.46,100
56,0.30000000000000004,0.07,0.23,3.0,09:31:03,356.01,100,356.92,300,356.6916,100
69,0.42,0.21,0.21,10.05,09:31:10,356.36,100,356.91,200,356.91,100
71,0.37,0.18,0.19,12.790000000000001,09:31:12,356.36,100,356.91,200,356.785,1000
80,1.4100000000000001,1.07,0.34,19.650000000000002,09:31:19,356.6,500,356.88,100,356.6,100
87,0.25,0.08,0.17,21.900000000000006,09:31:21,356.6,500,356.88,100,356.73,100
88,0.39,0.2,0.19,22.290000000000006,09:31:22,356.6,500,356.88,100,356.724,500
94,0.27,0.07,0.2,24.190000000000005,09:31:24,356.11,200,356.88,100,356.54,200
110,0.5,0.28,0.22,30.250000000000007,09:31:30,356.2,100,356.63,300,356.3,100
122,0.32,0.12,0.2,34.120000000000005,09:31:34,356.2,100,356.66,100,356.43,100
133,0.26,0.07,0.19,38.19000000000001,09:31:38,356.4,100,356.66,100,356.5716,400
138,0.38,0.07,0.31,40.16000000000001,09:31:40,356.42,100,356.86,100,356.66,100
148,0.4,0.08,0.32,44.16000000000002,09:31:44,356.63,200,356.88,200,356.7572,450
152,0.74,0.21,0.53,46.390000000000015,09:31:46,356.63,100,356.87,100,356.87,100
163,0.43,0.24,0.19,50.31000000000002,09:31:50,356.63,100,356.87,100,356.75,100
169,0.27,0.07,0.2,52.04000000000002,09:31:52,356.2,500,356.7,1000,356.4,100
175,0.32,0.14,0.18,53.990000000000016,09:31:53,356.2,500,356.7,1000,356.4478,100
186,0.29,0.08,0.21,0.0,09:32:00,356.2,500,356.7,1000,356.6999,2000
201,4.77,4.56,0.21,12.78,09:32:12,356.22,100,356.61,200,356.4542,100
202,2.2199999999999998,2.03,0.19,15.0,09:32:15,356.21,100,356.61,200,356.42,100
206,0.24000000000000002,0.07,0.17,16.12,09:32:16,356.21,100,356.39,100,356.426,200
209,1.96,1.75,0.21,18.8,09:32:18,356.21,200,356.39,200,356.23,162
214,0.33999999999999997,0.18,0.16,20.189999999999998,09:32:20,356.21,100,356.44,100,356.22,200
220,0.37,0.21,0.16,22.08,09:32:22,356.21,100,356.44,100,356.325,250
221,0.26,0.08,0.18,22.34,09:32:22,356.21,100,356.44,200,356.21,200
227,0.36,0.19,0.17,24.189999999999998,09:32:24,356.21,100,356.44,200,356.3183,1500
234,0.23,0.07,0.16,26.159999999999997,09:32:26,356.21,100,356.44,200,356.32099999999997,2000
241,0.26,0.09,0.17,28.399999999999995,09:32:28,356.21,100,356.43,100,356.39,100
246,0.36,0.18,0.18,30.23999999999999,09:32:30,356.05,500,356.28,200,356.165,100
252,0.24000000000000002,0.07,0.17,32.32999999999999,09:32:32,356.24,200,356.44,100,356.352,100
270,0.36,0.2,0.16,38.53999999999998,09:32:38,356.3,100,356.44,100,356.31,100
302,0.39,0.22,0.17,48.61,09:32:48,356.26,100,356.61,100,356.53,100
309,0.25,0.07,0.18,50.54,09:32:50,356.27,100,356.61,100,356.4422,450
325,0.25,0.07,0.18,56.56999999999999,09:32:56,356.31,100,356.5,300,356.4977,1000
343,2.23,1.98,0.25,3.41,09:33:03,356.06,100,356.41,100,356.24,180
350,3.75,3.46,0.29,9.190000000000001,09:33:09,356.32,100,356.61,100,356.49,100
352,0.35,0.18,0.17,9.8,09:33:09,356.32,100,356.61,200,356.5,1420
354,2.19,1.96,0.23,12.57,09:33:12,356.07,100,356.51,100,356.32,100
356,2.15,1.91,0.24,14.98,09:33:14,356.08,100,356.3,100,356.08,100
370,0.66,0.28,0.38,22.090000000000003,09:33:22,356.09,300,356.4,100,356.2574,100
381,0.41000000000000003,0.22,0.19,25.900000000000006,09:33:25,356.18,100,356.4,100,356.2,100
387,0.42000000000000004,0.22,0.2,28.120000000000005,09:33:28,356.19,100,356.4,100,356.3081,200
412,0.47000000000000003,0.27,0.2,35.970000000000006,09:33:35,356.18,100,356.61,100,356.4202,200
440,0.45,0.25,0.2,46.19000000000002,09:33:46,356.17,400,356.5,500,356.434,388
458,0.27,0.09,0.18,52.11000000000001,09:33:52,356.18,400,356.5,100,356.2772,100
470,0.41000000000000003,0.19,0.22,56.35000000000001,09:33:56,356.2,100,356.5,200,356.2797,100
486,0.25,0.07,0.18,2.14,09:34:02,356.21,400,356.49,200,356.25,100
503,0.44,0.22,0.22,8.04,09:34:08,356.21,200,356.49,200,356.36300000000006,100
511,0.48,0.27,0.21,14.19,09:34:14,356.21,200,356.47,200,356.366,1000
514,3.77,3.6,0.17,20.38,09:34:20,356.15,300,356.47,100,356.2833,300
522,0.33,0.07,0.26,24.469999999999995,09:34:24,356.16,200,356.47,200,356.3324,300
540,0.35,0.13,0.22,31.939999999999994,09:34:31,356.33,100,356.7,1000,356.4942,346
551,0.47,0.25,0.22,35.97,09:34:35,356.34,200,356.7,1000,356.4507,141
564,0.41000000000000003,0.2,0.21,41.36999999999999,09:34:41,356.45,300,356.78,200,356.71,200
566,0.33,0.08,0.25,42.08999999999999,09:34:42,356.45,300,356.77,100,356.6018,200
571,0.32,0.07,0.25,44.09999999999999,09:34:44,356.45,300,356.77,100,356.605,2000
577,0.43,0.14,0.29,46.29999999999999,09:34:46,356.35,500,356.77,100,356.45,300
618,0.34,0.07,0.27,5.17,09:35:05,356.47,600,356.75,200,356.624,300
619,0.32,0.08,0.24,5.49,09:35:05,356.48,100,356.75,200,356.7161,1000
621,0.33,0.07,0.26,6.3500000000000005,09:35:06,356.52,100,356.75,200,356.615,300
632,0.29000000000000004,0.07,0.22,18.68,09:35:18,356.4,300,356.71,100,356.5553,450
641,0.4,0.18,0.22,22.53,09:35:22,356.4,300,356.71,200,356.57,100
653,0.44,0.22,0.22,26.840000000000003,09:35:26,356.4,300,356.71,200,356.515,250
662,0.56,0.29,0.27,30.749999999999996,09:35:30,356.42,100,356.76,200,356.5975,100
663,0.29000000000000004,0.07,0.22,31.039999999999996,09:35:31,356.42,100,356.76,200,356.6549,200
680,0.33,0.07,0.26,36.78000000000001,09:35:36,356.42,200,356.76,100,356.5922,100
685,0.43,0.21,0.22,38.70000000000001,09:35:38,356.44,100,356.76,100,356.59,100
689,0.28,0.07,0.21,40.66000000000001,09:35:40,356.72,100,356.88,100,356.8892,100
695,0.6200000000000001,0.28,0.34,42.92,09:35:42,356.73,100,356.94,200,356.8399,117
700,0.41000000000000003,0.18,0.23,44.540000000000006,09:35:44,356.73,100,356.94,200,356.8468,200
707,0.25,0.07,0.18,46.68000000000001,09:35:46,356.73,200,356.94,200,356.835,450
727,0.38,0.21,0.17,53.05000000000001,09:35:53,356.77,100,356.99,200,356.99,200
732,0.25,0.07,0.18,54.44000000000001,09:35:54,356.77,100,356.99,200,356.98800000000006,100
741,0.23,0.07,0.16,56.81000000000002,09:35:56,356.78,100,356.97,100,356.97,100
751,0.4,0.23,0.17,0.0,09:36:00,356.78,100,356.93,100,356.8,100
759,0.38,0.21,0.17,2.25,09:36:02,356.65,100,356.93,100,356.65,500
765,0.44000000000000006,0.17,0.27,4.380000000000001,09:36:04,357.01,100,357.2,200,357.1,100
767,1.8299999999999998,1.63,0.2,6.610000000000001,09:36:06,356.67,100,357.19,200,357.185,100
769,0.36000000000000004,0.08,0.28,9.370000000000001,09:36:09,356.86,100,357.18,100,356.955,100
772,0.24000000000000002,0.07,0.17,12.05,09:36:12,356.87,100,357.19,200,357.015,450
774,2.31,2.11,0.2,14.610000000000001,09:36:14,356.84,100,357.13,100,356.89,100
778,0.39,0.21,0.18,16.39,09:36:16,356.91,100,357.13,100,356.9,100
780,0.43,0.19,0.24,20.580000000000002,09:36:20,356.92,100,357.12,100,357.02,100
784,0.32,0.09,0.23,22.04,09:36:22,357.19,1800,357.33,100,357.26,100
785,0.42,0.21,0.21,22.46,09:36:22,357.19,1800,357.5,300,357.3413,270
795,0.33,0.1,0.23,26.310000000000006,09:36:26,357.24,100,357.5,500,357.4,100
800,0.44000000000000006,0.17,0.27,28.390000000000008,09:36:28,357.39,100,357.78,300,357.54,100
804,0.44,0.19,0.25,29.820000000000007,09:36:29,357.39,100,357.78,300,357.77,100
805,0.65,0.28,0.37,30.470000000000006,09:36:30,357.67,100,357.96,100,357.72,100
809,0.42,0.12,0.3,32.2,09:36:32,357.62,100,357.86,100,357.62,300
810,0.4,0.12,0.28,32.6,09:36:32,357.46,100,357.86,300,357.6824,200
814,0.5800000000000001,0.19,0.39,34.5,09:36:34,357.47,100,357.85,100,357.48,100
818,0.32,0.14,0.18,36.349999999999994,09:36:36,357.29,200,357.82,300,357.49,100
822,0.30000000000000004,0.07,0.23,38.13999999999999,09:36:38,357.3,200,357.81,3100,357.8199,576
827,0.43,0.21,0.22,40.069999999999986,09:36:40,357.3,200,357.81,3100,357.53,400
833,0.39,0.16,0.23,42.389999999999986,09:36:42,357.31,100,357.8,300,357.565,100
837,0.67,0.44,0.23,44.24999999999999,09:36:44,357.33,200,357.95,100,357.78,100
842,0.52,0.21,0.31,46.46999999999999,09:36:46,357.52,100,357.95,300,357.8615,4000
846,0.75,0.21,0.54,48.57999999999999,09:36:48,357.54,200,357.96,100,357.56,100
855,0.35000000000000003,0.07,0.28,52.44,09:36:52,357.6,100,357.95,100,357.855,500
866,0.42,0.21,0.21,56.550000000000004,09:36:56,357.34,100,357.92,300,357.6625,300
870,0.35000000000000003,0.08,0.27,58.19,09:36:58,357.34,100,357.6,200,357.34,300
874,0.45,0.2,0.25,0.0,09:37:00,357.34,200,357.6,200,357.47,100
878,0.5900000000000001,0.07,0.52,2.18,09:37:02,357.34,200,357.6,200,357.46,100
882,0.47000000000000003,0.08,0.39,4.37,09:37:04,357.34,200,357.6,200,357.4427,500
885,0.46,0.08,0.38,6.05,09:37:06,357.61,100,357.96,100,357.61,200
889,0.67,0.21,0.46,8.29,09:37:08,357.35,200,357.89,200,357.6,3924
893,0.28,0.07,0.21,10.19,09:37:10,357.35,100,357.6,100,357.35,100
897,1.12,0.75,0.37,12.52,09:37:12,357.35,200,357.7,200,357.525,100
902,0.39,0.14,0.25,18.95,09:37:18,357.34,100,357.76,100,357.55,100
904,0.4,0.14,0.26,19.749999999999996,09:37:19,357.34,100,357.76,100,357.5,100
918,0.49,0.14,0.35,26.169999999999998,09:37:26,357.45,100,357.75,200,357.59,100
922,0.43,0.08,0.35,28.31,09:37:28,357.49,200,357.79,100,357.491,163
931,0.5,0.07,0.43,32.660000000000004,09:37:32,357.34,100,357.74,100,357.3401,101
934,0.35000000000000003,0.07,0.28,34.13000000000001,09:37:34,357.34,100,357.71,100,357.41,100
939,0.47000000000000003,0.13,0.34,36.34000000000001,09:37:36,357.34,200,357.71,100,357.50199999999995,200
943,0.37,0.07,0.3,37.940000000000005,09:37:37,357.34,200,357.71,300,357.63,100
959,0.48,0.21,0.27,44.07999999999999,09:37:44,357.37,100,357.76,300,357.39,100
970,0.46,0.2,0.26,48.26999999999999,09:37:48,357.41,100,357.7,200,357.5898,100
984,0.41,0.12,0.29,54.059999999999974,09:37:54,357.51,100,357.7,200,357.681,740
989,0.36,0.07,0.29,56.32999999999998,09:37:56,357.51,100,357.7,100,357.6072,100
1011,0.56,0.27,0.29,4.200000000000001,09:38:04,357.65,100,357.8,200,357.8,100
1015,1.01,0.75,0.26,6.53,09:38:06,357.66,100,357.86,200,357.82,100
1016,4.37,4.13,0.24,10.9,09:38:10,357.69,100,357.86,200,357.775,100
1018,0.6000000000000001,0.27,0.33,11.89,09:38:11,357.64,100,357.86,100,357.64,100
1021,0.34,0.07,0.27,13.04,09:38:13,357.64,100,357.86,100,357.7497,100
1033,0.42000000000000004,0.14,0.28,17.979999999999997,09:38:17,358.1,100,358.21,500,357.99,100
1035,0.55,0.19,0.36,20.29,09:38:20,358.1,200,358.33,200,358.1,900
1039,0.49,0.07,0.42,22.05,09:38:22,357.91,100,358.27,100,358.24,100
1043,0.49,0.08,0.41,24.18,09:38:24,358.05,100,358.47,100,358.49,100
1051,0.47,0.17,0.3,28.009999999999998,09:38:28,358.29,100,358.43,200,358.3415,200
1055,0.55,0.24,0.31,30.16,09:38:30,358.21,100,358.47,100,358.3556,775
1059,0.4,0.09,0.31,31.75,09:38:31,358.21,100,358.47,700,358.435,100
1065,0.28,0.07,0.21,33.85,09:38:33,358.0,100,358.36,200,358.0,500
1071,0.39,0.13,0.26,36.050000000000004,09:38:36,358.01,100,358.31,300,358.17800000000005,170
1075,0.30000000000000004,0.07,0.23,37.8,09:38:37,358.06,100,358.31,300,358.06,100
1083,0.4,0.14,0.26,41.339999999999996,09:38:41,358.01,100,358.14,200,358.0616,100
1084,0.41000000000000003,0.17,0.24,41.74999999999999,09:38:41,357.91,100,358.09,100,358.0102,250
1090,0.55,0.22,0.33,44.04999999999999,09:38:44,357.88,100,358.09,200,357.9887,270
1094,0.45,0.14,0.31,45.82,09:38:45,357.89,100,358.09,200,357.88,400
1104,0.45,0.18,0.27,50.12999999999999,09:38:50,357.9,100,358.14,200,357.995,100
1108,0.35000000000000003,0.08,0.27,51.78999999999999,09:38:51,357.91,100,358.14,200,357.9734,500
1113,0.51,0.21,0.3,54.089999999999996,09:38:54,357.91,100,358.14,100,358.0825,100
1117,0.62,0.27,0.35,55.919999999999995,09:38:55,357.92,200,358.15,100,358.14,100
1132,0.47,0.23,0.24,2.16,09:39:02,358.0,300,358.16,100,358.05,100
1137,0.31,0.08,0.23,6.22,09:39:06,357.89,100,358.09,100,357.983,150
1142,0.37,0.18,0.19,8.02,09:39:08,357.88,200,358.05,200,357.9719,100
1148,2.41,2.17,0.24,12.370000000000001,09:39:12,357.89,200,358.2,100,358.12,100
1149,0.26,0.07,0.19,12.63,09:39:12,357.89,200,358.2,200,357.89,100
1152,0.44,0.2,0.24,13.97,09:39:13,357.9,100,358.2,200,358.035,100
1156,0.27,0.07,0.2,15.89,09:39:15,357.91,100,358.2,200,357.95,121
1181,0.43,0.18,0.25,27.93000000000001,09:39:27,357.97,100,358.18,100,357.97,100
1187,0.34,0.08,0.26,30.16000000000001,09:39:30,357.97,100,358.18,100,358.21,100
1202,0.47,0.18,0.29,36.05000000000002,09:39:36,357.98,100,358.34,100,358.2104,1000
1207,0.38,0.07,0.31,38.430000000000014,09:39:38,358.11,100,358.37,100,358.245,200
1211,0.45,0.2,0.25,40.29000000000002,09:39:40,358.11,100,358.37,100,358.34,200
1216,0.49,0.22,0.27,42.49000000000003,09:39:42,358.11,100,358.37,100,358.2625,250
1231,0.29,0.08,0.21,47.83000000000003,09:39:47,358.02,100,358.12,300,358.155,200
1251,0.28,0.08,0.2,54.17000000000002,09:39:54,357.72,100,358.1,300,357.905,450
1261,0.35,0.17,0.18,0.0,09:40:00,357.9,100,358.1,200,357.9,100
1266,0.52,0.28,0.24,2.3200000000000003,09:40:02,357.74,100,358.0,200,357.8554,160
1272,0.46,0.23,0.23,6.21,09:40:06,357.74,100,357.99,100,357.865,100
1285,0.43,0.19,0.24,14.259999999999998,09:40:14,357.82,100,357.97,800,357.88599999999997,100
1308,0.42,0.18,0.24,26.049999999999997,09:40:26,357.76,100,357.94,300,357.81,100
1314,0.45999999999999996,0.21,0.25,28.31,09:40:28,357.62,100,357.94,300,357.7,100
1325,0.33,0.08,0.25,32.06999999999999,09:40:32,357.62,100,357.85,100,357.7221,400
1351,0.37,0.08,0.29,41.89999999999999,09:40:41,357.63,100,357.75,100,357.71,100
1357,0.29,0.08,0.21,44.10999999999998,09:40:44,357.64,200,357.75,100,357.69,100
1362,0.4,0.2,0.2,45.89999999999998,09:40:45,357.65,100,357.94,300,357.73,100
1368,0.32,0.07,0.25,48.05999999999998,09:40:48,357.65,100,357.94,300,357.79,100
1373,0.28,0.08,0.2,50.13999999999998,09:40:50,357.65,200,357.94,200,357.7522,300
1387,0.5700000000000001,0.27,0.3,56.43999999999998,09:40:56,357.62,100,357.89,400,357.65,100
1391,0.49,0.22,0.27,58.19999999999999,09:40:58,357.62,200,357.89,400,357.755,300
1401,0.29000000000000004,0.1,0.19,0.0,09:41:00,357.58,100,357.86,100,357.7032,1000
1407,1.19,0.95,0.24,2.9,09:41:02,357.58,100,357.87,4000,357.7105,300
1410,0.4,0.2,0.2,4.0,09:41:04,357.58,100,357.87,4000,357.725,100
1422,0.4,0.21,0.19,8.04,09:41:08,357.52,100,357.74,100,357.52,100
1427,0.33,0.13,0.2,10.069999999999999,09:41:10,357.5,100,357.77,300,357.58,100
1434,0.97,0.67,0.3,14.689999999999998,09:41:14,357.52,100,357.75,100,357.635,450
1439,3.9699999999999998,3.65,0.32,19.929999999999996,09:41:19,357.53,100,357.74,400,357.6375,100
1498,0.41000000000000003,0.22,0.19,40.339999999999996,09:41:40,357.41,100,357.49,100,357.4101,1600
1509,0.35,0.15,0.2,44.19,09:41:44,357.5,500,357.73,100,357.605,100
1547,0.47,0.22,0.25,0.0,09:42:00,357.41,100,357.61,100,357.5224,775
1557,1.23,0.99,0.24,8.6,09:42:08,357.37,100,357.61,300,357.4684,200
1561,0.38,0.08,0.3,12.06,09:42:12,357.25,200,357.44,100,357.3557,500
1566,0.41000000000000003,0.09,0.32,16.470000000000002,09:42:16,357.25,200,357.41,500,357.33,100
1577,0.48,0.17,0.31,22.11,09:42:22,357.34,200,357.6,100,357.465,100
1606,0.48,0.22,0.26,34.29999999999999,09:42:34,357.34,200,357.56,200,357.5299,2500
1610,0.42000000000000004,0.19,0.23,35.949999999999996,09:42:35,357.34,200,357.56,200,357.36,100
1618,0.43000000000000005,0.15,0.28,40.029999999999994,09:42:40,357.25,200,357.34,100,357.285,100
1622,0.33,0.07,0.26,41.89999999999999,09:42:41,357.08,100,357.34,100,357.05,534
1637,0.4,0.18,0.22,47.96999999999999,09:42:47,357.06,100,357.33,100,357.2264,250
1642,0.36,0.07,0.29,49.83999999999999,09:42:49,357.06,100,357.31,100,357.21,1000
1654,0.45999999999999996,0.15,0.31,54.08999999999998,09:42:54,357.06,100,357.3,100,357.28,300
1680,0.45,0.2,0.25,0.0,09:43:00,357.06,200,357.3,100,357.1767,300
1694,0.38,0.12,0.26,7.920000000000001,09:43:07,357.07,100,357.3,100,357.22,100
1700,0.31,0.1,0.21,10.02,09:43:10,357.08,100,357.32,100,357.29,100
1720,0.54,0.23,0.31,19.99,09:43:19,357.29,100,357.56,100,357.3791,100
1730,0.3,0.08,0.22,23.91,09:43:23,357.36,100,357.56,100,357.3933,300
1741,0.4,0.08,0.32,28.139999999999997,09:43:28,357.31,100,357.54,100,357.3101,2500
1746,0.31,0.08,0.23,30.249999999999996,09:43:30,357.26,100,357.5,100,357.31,100
1757,0.29000000000000004,0.07,0.22,34.11,09:43:34,357.25,100,357.4,200,357.3139,200
1761,0.37,0.14,0.23,35.94,09:43:35,357.08,200,357.38,100,357.25,100
1767,0.37,0.18,0.19,38.18,09:43:38,357.1,100,357.38,100,357.18,200
1788,0.29000000000000004,0.07,0.22,46.14,09:43:46,357.11,100,357.36,100,357.2347,300
1831,0.59,0.35,0.24,0.0,09:44:00,357.12,200,357.27,100,357.15,100
1837,1.29,1.03,0.26,3.22,09:44:03,356.95,100,357.17,100,357.0,200
1841,0.39,0.18,0.21,4.52,09:44:04,356.92,100,357.17,100,356.995,5000
1844,1.8399999999999999,1.48,0.36,7.199999999999999,09:44:07,356.93,100,357.13,100,356.94,100
1847,0.46,0.18,0.28,8.37,09:44:08,356.94,100,357.13,100,357.035,100
1863,0.37,0.07,0.3,14.509999999999998,09:44:14,356.89,400,356.99,100,356.945,100
1877,0.65,0.27,0.38,20.429999999999993,09:44:20,356.92,100,357.08,100,357.08,100
1882,0.46,0.2,0.26,22.48999999999999,09:44:22,356.94,100,357.08,100,356.92,115
1904,0.4,0.2,0.2,30.449999999999996,09:44:30,356.96,100,357.08,100,356.96,100
1909,0.31,0.11,0.2,32.15,09:44:32,356.75,200,357.08,100,356.88,100
1945,0.43,0.18,0.25,44.29000000000001,09:44:44,356.88,200,357.13,100,356.82,146
1966,0.42000000000000004,0.19,0.23,3.9000000000000004,09:45:03,356.93,100,357.13,100,357.0299,1800
1969,5.109999999999999,4.93,0.18,9.59,09:45:09,356.94,200,357.08,300,357.01,100
1970,1.2,0.89,0.31,10.79,09:45:10,357.04,100,357.3,100,357.1697,450
1972,1.42,1.15,0.27,12.809999999999999,09:45:12,356.95,100,357.2,200,357.0975,100
1985,0.5700000000000001,0.28,0.29,20.040000000000003,09:45:20,356.96,100,357.19,100,357.07,100
1996,0.37,0.12,0.25,24.19,09:45:24,356.91,200,357.16,100,356.9992,430
2009,0.43,0.21,0.22,29.87000000000001,09:45:29,356.9,100,357.16,100,356.98,100
2014,0.5700000000000001,0.26,0.31,32.150000000000006,09:45:32,356.91,100,357.07,100,357.0007,100
2041,0.5700000000000001,0.25,0.32,42.17000000000001,09:45:42,357.08,100,357.24,200,357.168,300
2046,0.41000000000000003,0.15,0.26,43.85000000000001,09:45:43,357.1,100,357.24,200,357.23,200
2052,0.39,0.15,0.24,46.16000000000001,09:45:46,357.15,200,357.33,300,357.16,100
2076,0.34,0.07,0.27,55.92000000000001,09:45:55,356.8,100,356.97,100,356.95,168
2093,0.32,0.07,0.25,0.0,09:46:00,356.76,100,356.93,200,356.85,100
2103,0.44999999999999996,0.21,0.24,4.090000000000001,09:46:04,356.76,100,356.87,200,356.8315,800
2110,0.37,0.1,0.27,8.35,09:46:08,356.77,100,357.08,100,356.925,400
2112,2.15,1.73,0.42,10.8,09:46:10,356.78,100,357.08,100,356.83,100
2115,0.34,0.08,0.26,12.08,09:46:12,356.78,100,357.08,100,356.9717,1150
2116,2.6999999999999997,2.32,0.38,14.78,09:46:14,356.79,200,357.08,100,357.0344,2500
2118,2.44,2.1,0.34,17.57,09:46:17,356.6,100,356.93,200,356.7,200
2124,0.31,0.09,0.22,20.060000000000002,09:46:20,356.6,100,357.01,200,356.8256,400
2135,0.41000000000000003,0.2,0.21,24.21,09:46:24,356.6,100,356.83,100,356.715,100
2145,0.32,0.14,0.18,27.960000000000004,09:46:27,356.6,100,356.83,100,356.7552,100
2163,0.33,0.07,0.26,34.0,09:46:34,356.61,100,356.82,100,356.755,100
2180,0.28,0.08,0.2,40.13000000000002,09:46:40,356.62,200,356.98,100,356.9799,1500
2185,0.39,0.18,0.21,42.13000000000002,09:46:42,356.62,100,356.98,100,356.625,100
2191,0.27,0.08,0.19,44.130000000000024,09:46:44,356.74,100,356.98,100,356.93,100
2197,0.34,0.14,0.2,46.22000000000002,09:46:46,356.64,100,356.98,100,356.78,100
2203,0.33,0.14,0.19,48.03000000000002,09:46:48,356.75,100,356.98,100,356.8653,250
2233,0.25,0.07,0.18,0.0,09:47:00,356.79,100,356.98,100,356.8548,700
2257,4.91,4.57,0.34,13.35,09:47:13,356.51,100,356.77,200,356.505,100
2258,0.44,0.23,0.21,13.79,09:47:13,356.51,100,356.76,100,356.76,100
2263,1.56,1.22,0.34,16.95,09:47:16,356.51,100,356.75,200,356.6325,400
2279,0.5,0.21,0.29,22.419999999999998,09:47:22,356.51,100,356.72,100,356.62,100
2283,0.46,0.23,0.23,23.979999999999997,09:47:23,356.13,100,356.3,100,356.14,100
2289,0.31,0.08,0.23,25.97,09:47:25,356.1,100,356.28,100,356.13,100
2300,0.54,0.2,0.34,30.549999999999994,09:47:30,356.11,200,356.53,200,356.17,100
2304,0.44,0.18,0.26,32.23,09:47:32,356.13,200,356.52,200,356.259,775
2309,0.32999999999999996,0.09,0.24,34.39,09:47:34,356.14,200,356.48,100,356.145,100
2314,0.28,0.08,0.2,35.89000000000001,09:47:35,356.15,200,356.48,100,356.3311,300
2315,0.25,0.07,0.18,36.14000000000001,09:47:36,356.15,200,356.48,100,356.155,100
2321,0.4,0.2,0.2,38.03000000000001,09:47:38,356.25,100,356.47,100,356.35,100
2334,0.6499999999999999,0.24,0.41,42.660000000000004,09:47:42,356.33,200,356.48,200,356.34,100
2347,0.42,0.21,0.21,48.040000000000006,09:47:48,356.0,19000,356.25,100,356.1178,200
2353,0.37,0.07,0.3,50.46,09:47:50,355.79,200,356.01,100,355.77,100
2358,0.36000000000000004,0.08,0.28,52.32,09:47:52,355.68,200,355.86,200,355.6901,880
2363,0.47,0.17,0.3,54.51999999999999,09:47:54,355.69,100,355.86,200,355.695,100
2373,0.39,0.2,0.19,0.0,09:48:00,355.65,100,355.86,300,355.74699999999996,1000
2378,0.44,0.21,0.23,2.0500000000000003,09:48:02,355.52,200,355.72,100,355.52,100
2383,0.44,0.26,0.18,3.8000000000000003,09:48:03,355.4,1000,355.7,200,355.41,100
2388,0.28,0.07,0.21,5.620000000000001,09:48:05,355.27,100,355.5,100,355.4,952
2394,0.28,0.07,0.21,7.680000000000001,09:48:07,355.27,100,355.44,200,355.2726,300
2398,0.35000000000000003,0.07,0.28,9.81,09:48:09,355.48,100,355.72,100,355.49,100
2403,0.31,0.07,0.24,11.770000000000001,09:48:11,355.49,100,355.71,100,355.57,200
2405,0.63,0.25,0.38,14.330000000000002,09:48:14,355.21,100,355.67,200,355.42,100
2409,0.31,0.08,0.23,15.780000000000003,09:48:15,355.21,100,355.67,200,355.22,100
2414,3.29,3.03,0.26,20.97,09:48:20,355.22,100,355.47,100,355.345,200
2423,0.37,0.14,0.23,23.729999999999997,09:48:23,355.26,200,355.49,200,355.44,100
2429,0.25,0.07,0.18,25.839999999999996,09:48:25,355.05,1000,355.49,200,355.2964,200
2435,0.47,0.24,0.23,27.689999999999994,09:48:27,355.06,100,355.49,200,355.21,100
2436,0.25,0.08,0.17,27.939999999999994,09:48:27,355.06,100,355.49,200,355.065,100
2440,0.24000000000000002,0.07,0.17,29.699999999999992,09:48:29,355.07,200,355.27,100,355.1697,100
2447,0.42000000000000004,0.23,0.19,31.899999999999995,09:48:31,355.09,100,355.27,100,355.27,100
2458,0.34,0.17,0.17,35.73,09:48:35,355.36,100,355.75,100,355.515,400
2464,0.47,0.22,0.25,38.12999999999999,09:48:38,355.55,200,355.8,200,355.79,100
2468,0.35,0.14,0.21,39.67999999999999,09:48:39,355.35,100,355.8,200,355.555,100
2469,0.37,0.09,0.28,40.04999999999999,09:48:40,355.37,100,355.8,200,355.78,100
2473,0.39,0.15,0.24,41.53999999999999,09:48:41,355.37,100,355.79,100,355.39,100
2474,0.5900000000000001,0.25,0.34,42.129999999999995,09:48:42,355.37,300,355.61,100,355.60900000000004,100
2479,0.27,0.08,0.19,43.82,09:48:43,355.37,300,355.61,100,355.478,300
2490,0.33999999999999997,0.13,0.21,47.94,09:48:47,355.33,200,355.61,200,355.37,100
2496,0.41000000000000003,0.21,0.2,49.73,09:48:49,355.33,200,355.54,100,355.5,150
2502,0.25,0.07,0.18,51.68,09:48:51,355.33,200,355.54,100,355.435,100
2514,0.49,0.27,0.22,55.850000000000016,09:48:55,355.53,100,355.82,200,355.62,100
2519,0.44,0.14,0.3,57.930000000000014,09:48:57,355.5,500,355.82,200,355.54,100
2533,0.51,0.15,0.36,0.0,09:49:00,355.61,100,355.76,100,355.63,100
2542,1.92,1.56,0.36,5.67,09:49:05,355.4,2000,355.6,200,355.51,100
2550,2.28,1.94,0.34,16.67,09:49:16,355.44,100,355.71,200,355.596,1000
2569,0.66,0.23,0.43,24.470000000000002,09:49:24,355.27,300,355.51,200,355.48,200
2572,0.5800000000000001,0.2,0.38,25.990000000000002,09:49:25,355.27,300,355.5,500,355.275,100
2577,0.4,0.07,0.33,28.16,09:49:28,355.27,200,355.5,600,355.31,100
2599,0.44,0.2,0.24,38.01,09:49:38,355.48,100,355.76,100,355.71,100
2610,0.32,0.08,0.24,41.96,09:49:41,355.34,200,355.76,100,355.59,100
2621,0.38,0.17,0.21,45.90000000000001,09:49:45,355.58,100,355.76,400,355.67,100
2627,0.30000000000000004,0.07,0.23,47.850000000000016,09:49:47,355.59,100,355.76,100,355.595,100
2633,0.32,0.08,0.24,49.97000000000002,09:49:49,355.61,100,355.76,100,355.675,100
2638,0.33,0.1,0.23,51.840000000000025,09:49:51,355.78,100,355.98,100,355.8841,150
2644,0.43,0.21,0.22,54.10000000000002,09:49:54,355.78,100,355.98,100,355.89,200
2649,0.45999999999999996,0.22,0.24,0.0,09:50:00,355.83,100,355.98,100,355.9209,100
2654,0.33,0.08,0.25,2.22,09:50:02,355.64,100,355.83,100,355.7535,1000
2663,0.4,0.07,0.33,6.07,09:50:06,355.72,100,355.83,200,355.775,106
2667,0.5499999999999999,0.08,0.47,8.110000000000001,09:50:08,355.74,200,356.0,3400,355.86,100
2670,3.5799999999999996,3.28,0.3,12.760000000000002,09:50:12,355.91,100,356.15,100,355.935,200
2671,0.44,0.12,0.32,13.200000000000001,09:50:13,355.8,100,356.06,100,355.83,200
2673,0.45,0.12,0.33,14.040000000000001,09:50:14,355.67,100,355.93,200,355.75,100
2677,0.45999999999999996,0.21,0.25,16.03,09:50:16,355.77,100,355.93,100,355.815,200
2682,0.49,0.22,0.27,18.09,09:50:18,355.71,200,355.93,200,355.7518,250
2683,3.7800000000000002,3.45,0.33,21.87,09:50:21,355.61,200,355.93,200,355.93,100
2684,0.37,0.17,0.2,22.240000000000002,09:50:22,355.62,100,355.93,200,355.6101,2000
2695,0.28,0.07,0.21,25.92,09:50:25,355.64,900,355.93,200,355.9299,466
2706,0.30000000000000004,0.07,0.23,30.060000000000002,09:50:30,355.66,100,355.92,200,355.66,100
2709,0.35000000000000003,0.07,0.28,31.110000000000003,09:50:31,355.62,100,355.84,100,355.64,100
2773,0.29,0.08,0.21,0.0,09:51:00,355.61,100,355.87,200,355.68,100
2779,0.44999999999999996,0.21,0.24,2.1,09:51:02,355.62,100,355.87,100,355.7074,250
2791,0.26,0.07,0.19,6.019999999999999,09:51:06,355.65,300,355.87,100,355.87,100
2794,2.9,2.59,0.31,9.469999999999999,09:51:09,355.65,400,355.87,100,355.75800000000004,100
2801,3.3499999999999996,3.01,0.34,14.869999999999997,09:51:14,355.71,100,355.87,100,355.7638,1456
2817,0.38,0.08,0.3,22.139999999999997,09:51:22,355.93,500,356.26,100,356.1148,775
2826,0.42000000000000004,0.16,0.26,25.900000000000002,09:51:25,356.08,100,356.25,100,356.16,450
2836,0.44,0.2,0.24,29.990000000000002,09:51:29,356.11,100,356.25,100,356.17900000000003,1000
2875,0.41000000000000003,0.2,0.21,43.91999999999998,09:51:43,356.0,100,356.25,200,356.1874,500
2891,0.29,0.08,0.21,49.829999999999984,09:51:49,356.17,200,356.27,100,356.19,100
2902,0.4,0.2,0.2,54.13999999999998,09:51:54,356.39,100,356.65,200,356.5014,100
2907,0.25,0.07,0.18,55.879999999999974,09:51:55,356.48,200,356.66,100,356.47,200
2911,0.32,0.08,0.24,58.019999999999975,09:51:58,356.49,100,356.66,100,356.575,100
2928,0.42000000000000004,0.19,0.23,4.2700000000000005,09:52:04,356.5,400,356.69,100,356.595,100
2932,1.1,0.85,0.25,6.74,09:52:06,356.71,100,356.8,300,356.74,100
2941,3.5,3.25,0.25,14.770000000000001,09:52:14,356.71,200,356.82,200,356.7628,450
2948,0.29000000000000004,0.07,0.22,17.930000000000003,09:52:17,356.72,200,356.82,100,356.80199999999996,4500
2966,0.25,0.08,0.17,24.080000000000002,09:52:24,356.73,100,356.94,100,356.9051,1000
2972,0.25,0.07,0.18,26.000000000000004,09:52:26,356.72,200,356.9,100,356.784,130
2998,0.28,0.09,0.19,34.19,09:52:34,356.55,200,356.73,100,356.69,100
3030,0.39,0.22,0.17,46.13000000000001,09:52:46,356.81,200,356.93,200,356.92900000000003,100
3036,0.37,0.17,0.2,48.03000000000001,09:52:48,356.84,100,356.98,100,356.889,900
3042,0.57,0.21,0.36,50.410000000000004,09:52:50,356.85,100,356.98,100,356.9202,109
3059,0.47,0.3,0.17,56.35,09:52:56,356.64,100,356.93,100,356.735,200
3071,0.4,0.17,0.23,0.0,09:53:00,356.64,100,356.84,1000,356.64,100
3088,0.42,0.18,0.24,9.83,09:53:09,356.58,100,356.8,100,356.58,100
3093,3.09,2.82,0.27,14.209999999999999,09:53:14,356.58,200,356.8,100,356.6335,4100
3094,0.26,0.07,0.19,14.469999999999999,09:53:14,356.58,200,356.8,100,356.77,100
3111,0.29000000000000004,0.09,0.2,21.8,09:53:21,356.59,100,356.8,100,356.695,100
3140,0.34,0.17,0.17,31.650000000000002,09:53:31,356.65,200,356.93,100,356.86,300
3177,0.43,0.22,0.21,43.82999999999998,09:53:43,356.73,200,356.9,100,356.8432,100
3195,0.39,0.22,0.17,49.97999999999996,09:53:49,356.65,100,356.85,100,356.7336,1000
3233,0.35,0.09,0.26,0.0,09:54:00,356.65,200,356.81,100,356.7267,300
3237,2.25,2.07,0.18,3.37,09:54:03,356.5,900,356.74,100,356.51,100
3239,0.31,0.12,0.19,5.92,09:54:05,356.5,900,356.65,200,356.5986,500
3240,2.9800000000000004,2.74,0.24,8.9,09:54:08,356.26,100,356.55,200,356.3644,500
3241,1.1800000000000002,0.92,0.26,10.08,09:54:10,356.3,100,356.55,100,356.52,100
3248,0.29,0.08,0.21,18.08,09:54:18,356.26,100,356.5,200,356.48,400
3254,0.35,0.18,0.17,20.110000000000003,09:54:20,356.26,100,356.5,200,356.3949,100
3274,0.24000000000000002,0.07,0.17,26.040000000000003,09:54:26,356.27,100,356.49,100,356.38,100
3281,0.23,0.07,0.16,28.1,09:54:28,356.27,100,356.49,100,356.4164,300
3295,0.27,0.08,0.19,32.21,09:54:32,356.27,100,356.49,100,356.2928,100
3329,0.24000000000000002,0.07,0.17,43.88000000000001,09:54:43,356.08,200,356.32,100,356.085,400
3342,0.33,0.17,0.16,47.94000000000002,09:54:47,356.08,200,356.21,100,356.0801,175
3349,0.39,0.2,0.19,50.020000000000024,09:54:50,356.02,100,356.2,100,356.06,100
3389,1.5,1.26,0.24,8.49,09:55:08,355.8,100,355.99,300,355.926,100
3390,2.81,2.46,0.35,11.3,09:55:11,355.79,200,355.99,300,355.9,100
3392,0.29,0.08,0.21,11.95,09:55:11,355.79,100,355.99,300,355.81,100
3406,0.48,0.19,0.29,18.209999999999997,09:55:18,355.9,100,356.27,100,356.038,500
3429,0.43,0.18,0.25,28.109999999999992,09:55:28,356.08,100,356.27,100,356.005,100
3469,0.52,0.24,0.28,44.150000000000006,09:55:44,356.02,100,356.26,200,356.124,500
3474,0.31,0.08,0.23,46.02000000000001,09:55:46,356.02,100,356.26,200,356.12800000000004,320
3479,0.27,0.07,0.2,48.01000000000002,09:55:48,356.02,200,356.27,200,356.27,175
3489,0.43000000000000005,0.23,0.2,52.110000000000014,09:55:52,356.03,100,356.27,200,356.03,100
3500,0.47,0.22,0.25,56.16000000000002,09:55:56,356.03,100,356.27,100,356.1478,450
3509,0.5,0.26,0.24,0.0,09:56:00,356.15,100,356.27,100,356.15,100
3518,0.91,0.63,0.28,4.27,09:56:04,356.15,100,356.27,100,356.26,300
3522,0.33,0.07,0.26,5.89,09:56:05,355.92,200,356.26,300,356.02,100
3533,0.45,0.23,0.22,13.96,09:56:13,356.01,100,356.26,200,356.1683,200
3538,1.61,1.37,0.24,16.790000000000003,09:56:16,355.9,200,356.24,200,356.01,100
3576,0.37,0.07,0.3,33.91,09:56:33,355.79,100,356.04,200,355.82,100
3586,0.36,0.09,0.27,38.03999999999999,09:56:38,355.8,200,356.01,200,355.8798,1000
3597,0.38,0.19,0.19,41.92999999999999,09:56:41,355.57,100,355.86,200,355.5859,100
3603,0.31,0.13,0.18,43.879999999999995,09:56:43,355.55,100,355.85,200,355.5501,175
3610,0.25,0.08,0.17,45.88999999999999,09:56:45,355.55,100,355.85,200,355.6975,400
3622,0.37,0.12,0.25,49.919999999999995,09:56:49,355.55,100,355.72,100,355.635,100
3628,0.32,0.07,0.25,51.93999999999999,09:56:51,355.5,200,355.72,300,355.55,100
3634,0.4,0.21,0.19,54.139999999999986,09:56:54,355.5,200,355.72,300,355.615,200
3646,0.33999999999999997,0.13,0.21,57.86000000000001,09:56:57,355.62,200,355.77,200,355.65,200
3674,0.26,0.07,0.19,15.01,09:57:15,355.68,100,355.87,200,355.69,100
3679,3.34,3.09,0.25,20.67,09:57:20,355.52,100,355.64,200,355.58,200
3688,0.37,0.12,0.25,23.880000000000003,09:57:23,355.46,100,355.64,200,355.46,100
3707,0.29,0.08,0.21,29.81,09:57:29,355.44,100,355.64,200,355.6,700
3760,0.26,0.07,0.19,48.0,09:57:48,355.31,100,355.5,100,355.5099,1700
3766,0.28,0.08,0.2,50.12,09:57:50,355.31,200,355.5,300,355.405,110
3772,0.26,0.07,0.19,51.830000000000005,09:57:51,355.31,200,355.5,400,355.415,100
3795,0.33999999999999997,0.12,0.22,0.0,09:58:00,355.27,100,355.39,200,355.26,100
3809,0.25,0.07,0.18,7.1899999999999995,09:58:07,355.4,100,355.54,100,355.525,200
3812,0.26,0.07,0.19,8.059999999999999,09:58:08,355.4,100,355.54,100,355.4779,100
3817,0.25,0.09,0.16,15.98,09:58:15,355.58,100,355.86,100,355.651,110
3820,2.8000000000000003,2.64,0.16,21.700000000000003,09:58:21,355.56,100,355.86,100,355.88,100
3833,0.24000000000000002,0.07,0.17,25.98,09:58:25,355.71,100,355.84,100,355.791,250
3851,0.25,0.07,0.18,31.84000000000001,09:58:31,355.56,100,355.84,100,355.81199999999995,100
3891,0.42,0.21,0.21,46.059999999999995,09:58:46,355.61,100,355.84,100,355.7349,182
3924,0.36,0.19,0.17,58.03,09:58:58,355.69,100,355.84,100,355.72,100
3943,0.39,0.21,0.18,0.66,09:59:00,355.69,100,355.84,100,355.76,100
3959,1.3099999999999998,1.14,0.17,9.41,09:59:09,355.73,200,355.89,200,355.8,200
3967,1.3199999999999998,1.14,0.18,12.730000000000002,09:59:12,355.91,100,356.05,200,355.9976,2757
3978,0.26,0.08,0.18,16.520000000000007,09:59:16,356.01,200,356.4,100,356.205,1000
3984,0.3,0.12,0.18,18.53000000000001,09:59:18,356.01,200,356.38,100,356.2083,200
4028,0.4,0.23,0.17,32.60000000000001,09:59:32,356.18,100,356.37,100,356.2275,700
4039,0.32,0.09,0.23,36.63000000000001,09:59:36,356.19,100,356.37,100,356.28,100
4054,0.44,0.18,0.26,42.500000000000014,09:59:42,356.0,200,356.24,500,356.2061,3000
4099,0.39,0.07,0.32,0.0,10:00:00,356.03,100,356.19,100,356.04,100
4112,0.43,0.18,0.25,8.24,10:00:08,356.24,100,356.45,100,356.345,450
4141,0.54,0.18,0.36,26.110000000000003,10:00:26,356.33,100,356.41,100,356.3972,450
4145,0.45000000000000007,0.17,0.28,28.160000000000004,10:00:28,356.03,500,356.41,200,356.33,200
4155,0.48,0.17,0.31,32.43,10:00:32,356.03,500,356.41,200,356.1782,100
4196,0.74,0.17,0.57,52.369999999999976,10:00:52,356.2,900,356.57,100,356.3605,100
4206,0.5,0.12,0.38,0.0,10:01:00,356.2,900,356.56,100,356.3847,200
4222,2.2,1.96,0.24,11.5,10:01:11,356.23,100,356.51,100,356.231,100
4235,0.26,0.07,0.19,18.360000000000003,10:01:18,356.24,100,356.51,100,356.3929,250
4262,0.25,0.07,0.18,27.560000000000002,10:01:27,356.3,100,356.51,100,356.4176,700
4274,0.25,0.07,0.18,31.530000000000005,10:01:31,356.22,100,356.35,100,356.2847,200
4293,0.44000000000000006,0.27,0.17,37.600000000000016,10:01:37,356.05,100,356.28,200,356.1857,110
4306,0.29000000000000004,0.1,0.19,41.560000000000024,10:01:41,356.05,100,356.22,200,356.05,1200
4324,0.28,0.08,0.2,47.580000000000034,10:01:47,355.81,100,356.11,200,356.10900000000004,475
4330,0.28,0.08,0.2,49.56000000000004,10:01:49,355.81,100,356.1,200,355.9351,300
4337,0.36,0.19,0.17,51.670000000000044,10:01:51,355.81,100,356.09,200,355.9528,450
4380,4.4399999999999995,4.26,0.18,12.759999999999998,10:02:12,355.86,100,356.0,100,355.9387,100
4385,0.24000000000000002,0.07,0.17,14.489999999999998,10:02:14,355.88,100,356.0,200,355.95,200
4416,0.36000000000000004,0.08,0.28,24.79999999999999,10:02:24,355.97,100,356.17,200,356.0733,300
4421,0.27,0.07,0.2,26.68999999999999,10:02:26,355.98,100,356.17,200,356.0554,100
4438,0.32,0.08,0.24,32.61999999999999,10:02:32,356.02,100,356.17,200,356.1019,200
4443,0.28,0.08,0.2,34.559999999999995,10:02:34,356.04,100,356.17,200,356.07,100
4449,0.33,0.14,0.19,36.51,10:02:36,356.04,200,356.17,200,356.1259,750
4473,0.25,0.08,0.17,44.50000000000001,10:02:44,356.05,100,356.17,200,356.1699,822
4511,0.28,0.08,0.2,3.9700000000000006,10:03:03,356.1,200,356.31,100,356.1,800
4538,2.86,2.63,0.23,19.81,10:03:19,356.12,200,356.31,100,356.12,229
4551,0.27,0.07,0.2,23.99,10:03:23,356.28,100,356.49,100,356.4499,541
4608,0.24000000000000002,0.07,0.17,41.760000000000005,10:03:41,356.35,300,356.5,300,356.36,400
4615,0.38,0.18,0.2,43.78,10:03:43,356.37,200,356.5,300,356.4675,700
4632,0.4,0.21,0.19,49.8,10:03:49,356.49,200,356.67,100,356.67,100
4645,0.32,0.13,0.19,53.969999999999985,10:03:53,356.53,100,356.67,100,356.6699,200
4668,0.32,0.08,0.24,3.8299999999999996,10:04:03,356.54,200,356.65,100,356.542,300
4671,1.4,1.13,0.27,7.48,10:04:07,356.6,100,356.71,100,356.63,100
4685,0.29000000000000004,0.09,0.2,19.779999999999998,10:04:19,356.63,200,356.9,100,356.631,475
4688,0.41000000000000003,0.19,0.22,20.729999999999997,10:04:20,356.63,200,356.9,100,356.6301,100
4712,0.32,0.08,0.24,29.670000000000005,10:04:29,356.78,100,356.9,100,356.84,100
4732,0.52,0.21,0.31,37.81,10:04:37,356.78,300,356.96,100,356.8832,800
4737,0.26,0.07,0.19,39.68,10:04:39,356.9,200,357.0,200,356.964,500
4748,0.44,0.21,0.23,43.81999999999999,10:04:43,356.9,200,357.0,100,356.9686,300
4765,0.43,0.12,0.31,49.98,10:04:49,356.67,100,356.85,100,356.769,300
4778,0.47,0.21,0.26,56.07999999999999,10:04:56,356.67,100,356.82,100,356.8199,126
4789,0.62,0.18,0.44,2.2,10:05:02,356.7,100,356.97,200,356.8704,500
4817,0.31,0.08,0.23,15.700000000000003,10:05:15,356.87,100,357.12,100,357.03,100
4818,0.37,0.17,0.2,16.070000000000004,10:05:16,356.86,100,357.12,100,357.06,100
4823,0.3,0.09,0.21,21.690000000000005,10:05:21,356.82,100,357.12,100,356.92800000000005,500
4833,0.29,0.08,0.21,25.8,10:05:25,356.82,300,356.94,200,356.884,250
4844,0.44,0.22,0.22,29.929999999999996,10:05:29,356.83,100,357.12,200,356.83099999999996,100
4857,0.4,0.22,0.18,34.0,10:05:34,356.78,100,356.92,100,356.8525,300
4912,0.42,0.24,0.18,54.039999999999964,10:05:54,356.93,100,357.09,100,356.9956,100
4922,0.39,0.22,0.17,57.71999999999997,10:05:57,356.93,100,357.09,100,356.9301,100
4934,0.28,0.08,0.2,0.0,10:06:00,357.07,200,357.24,100,357.09,100
4946,0.30000000000000004,0.13,0.17,7.870000000000002,10:06:07,357.08,100,357.23,100,357.1547,300
4962,0.31,0.15,0.16,22.06,10:06:22,356.89,500,357.12,200,357.0372,300
5083,0.45999999999999996,0.25,0.21,0.0,10:07:00,356.86,500,356.94,100,356.9243,100
5085,0.23,0.07,0.16,2.17,10:07:02,356.86,500,356.99,200,356.912,500
5099,0.33999999999999997,0.18,0.16,14.720000000000002,10:07:14,356.71,200,356.98,100,356.8402,350
5107,0.25,0.08,0.17,16.97,10:07:16,356.71,200,356.97,100,356.7721,1700
5120,0.26,0.07,0.19,21.07000000000001,10:07:21,356.71,200,356.97,100,356.9049,1200
5131,0.55,0.24,0.31,25.38000000000001,10:07:25,356.71,200,356.83,100,356.7101,330
5147,0.28,0.07,0.21,31.240000000000006,10:07:31,356.71,200,356.83,200,356.7818,100
5227,0.23,0.07,0.16,0.0,10:08:00,356.77,100,356.99,100,356.98900000000003,200
5237,0.6200000000000001,0.28,0.34,3.4000000000000004,10:08:03,356.6,100,356.96,200,356.79,100
5250,0.43000000000000005,0.23,0.2,13.8,10:08:13,356.36,500,356.63,200,356.3601,1000
5256,0.38,0.21,0.17,16.03,10:08:16,356.36,500,356.63,300,356.61,170
5288,0.66,0.27,0.39,28.0,10:08:28,356.42,200,356.63,400,356.405,100
5300,0.34,0.07,0.27,31.769999999999996,10:08:31,356.42,200,356.63,400,356.5154,200
5343,0.45999999999999996,0.24,0.22,47.860000000000014,10:08:47,356.42,300,356.63,300,356.5205,100
5372,0.28,0.07,0.21,0.0,10:09:00,356.43,300,356.63,300,356.4932,1000
5386,2.83,2.65,0.18,15.490000000000002,10:09:15,356.63,100,356.9,200,356.7755,500
5401,0.36,0.07,0.29,23.740000000000006,10:09:23,356.81,300,356.9,100,356.81,100
5426,0.26,0.08,0.18,31.74000000000001,10:09:31,356.59,100,356.9,100,356.727,300
5463,0.26,0.1,0.16,0.26,10:12:00,356.26,100,356.37,100,356.37,100
5664,0.38,0.21,0.17,35.120000000000026,10:13:35,356.02,100,356.39,200,356.181,200
5760,0.26,0.09,0.17,20.400000000000006,10:14:20,355.91,200,356.22,100,356.0805,100
5785,0.25,0.08,0.17,28.140000000000004,10:14:28,355.93,100,356.2,100,356.105,200
5819,0.39,0.21,0.18,38.510000000000005,10:14:38,355.68,100,355.86,100,355.8499,375
5824,0.4,0.21,0.19,40.42,10:14:40,355.68,100,355.85,100,355.681,100
5842,0.4,0.21,0.19,46.199999999999996,10:14:46,355.52,100,355.68,200,355.56,159
5861,3.37,3.02,0.35,5.37,10:15:05,355.56,100,355.73,100,355.625,100
5865,3.1599999999999997,2.82,0.34,11.159999999999998,10:15:11,355.56,200,355.78,100,355.61,100
5873,1.99,1.65,0.34,16.349999999999998,10:15:16,355.43,100,355.58,100,355.43,100
5874,0.44999999999999996,0.21,0.24,16.799999999999997,10:15:16,355.31,200,355.58,100,355.4387,200
5878,0.32999999999999996,0.12,0.21,18.289999999999996,10:15:18,355.31,100,355.56,100,355.4202,775
5883,0.45,0.22,0.23,20.379999999999995,10:15:20,355.31,100,355.57,100,355.445,200
5907,0.37,0.18,0.19,28.469999999999995,10:15:28,355.31,100,355.59,300,355.5899,448
5914,0.44,0.21,0.23,30.61,10:15:30,355.31,100,355.59,300,355.45,100
5919,0.39,0.22,0.17,32.42,10:15:32,355.34,100,355.58,100,355.4295,250
5926,0.39,0.2,0.19,34.40000000000001,10:15:34,355.45,100,355.58,100,355.4567,300
5967,0.24000000000000002,0.07,0.17,46.290000000000035,10:15:46,355.34,100,355.58,100,355.4936,500
5975,0.24000000000000002,0.07,0.17,48.26000000000004,10:15:48,355.35,100,355.47,400,355.47,200
5976,0.23,0.07,0.16,48.49000000000004,10:15:48,355.35,100,355.47,400,355.42199999999997,800
5995,0.28,0.07,0.21,0.0,10:16:00,355.27,100,355.5,100,355.35,100
5996,0.25,0.08,0.17,0.25,10:16:00,355.27,100,355.5,100,355.3999,322
6008,0.4,0.22,0.18,6.390000000000001,10:16:06,355.27,100,355.45,100,355.3,200
6018,0.26,0.08,0.18,13.68,10:16:13,355.28,100,355.44,100,355.36800000000005,200
6020,2.12,1.91,0.21,16.04,10:16:16,355.27,100,355.44,100,355.3822,1700
6026,1.61,1.35,0.26,19.059999999999995,10:16:19,355.27,100,355.44,100,355.3475,500
6093,0.33999999999999997,0.13,0.21,42.140000000000015,10:16:42,355.26,100,355.39,100,355.2691,170
6105,0.25,0.08,0.17,46.20000000000001,10:16:46,355.1,700,355.32,100,355.3023,500
6122,0.63,0.24,0.39,52.33000000000002,10:16:52,355.1,100,355.29,100,355.1,600
6128,0.25,0.07,0.18,54.25000000000002,10:16:54,355.1,100,355.25,200,355.1082,100
6145,0.49,0.23,0.26,60.170000000000016,10:17:00,355.1,100,355.24,100,355.2399,1775
6150,0.39,0.14,0.25,0.0,10:17:00,355.28,200,355.47,200,355.3636,500
6159,2.81,2.47,0.34,9.59,10:17:09,355.42,200,355.6,400,355.52099999999996,775
6168,0.3,0.08,0.22,14.040000000000001,10:17:14,355.28,200,355.6,100,355.285,200
6197,0.51,0.23,0.28,28.460000000000008,10:17:28,355.08,100,355.25,200,355.17,100
6201,0.39,0.07,0.32,30.040000000000006,10:17:30,355.09,100,355.25,100,355.08,500
6253,0.53,0.22,0.31,48.21000000000002,10:17:48,355.11,100,355.49,200,355.1649,300
6275,0.35000000000000003,0.07,0.28,0.0,10:18:00,355.18,100,355.43,200,355.4299,100
6292,1.16,0.95,0.21,12.579999999999998,10:18:12,355.51,100,355.68,100,355.6564,771
6323,0.42,0.21,0.21,2.3400000000000003,10:19:02,355.22,1600,355.44,200,355.3168,775
6340,0.37,0.17,0.2,8.44,10:19:08,355.18,100,355.44,200,355.25,100
6345,0.39,0.17,0.22,10.23,10:19:10,355.18,200,355.44,200,355.2974,100
6362,0.48000000000000004,0.28,0.2,16.24,10:19:16,355.18,200,355.39,300,355.19,100
6367,0.4,0.14,0.26,18.249999999999993,10:19:18,355.11,100,355.39,300,355.13,100
6373,0.38,0.18,0.2,20.409999999999993,10:19:20,355.1,2400,355.38,100,355.12,200
6389,0.44999999999999996,0.24,0.21,26.359999999999996,10:19:26,355.11,100,355.27,300,355.18,100
6426,0.47,0.26,0.21,0.0,10:20:00,355.13,600,355.27,400,355.2237,200
6437,0.43,0.21,0.22,4.319999999999999,10:20:04,355.17,100,355.39,200,355.32,100
6440,4.45,4.13,0.32,9.46,10:20:09,355.3,100,355.62,100,355.38,200
6442,0.36,0.15,0.21,10.26,10:20:10,355.32,100,355.61,100,355.4363,240
6459,0.4,0.21,0.19,18.08,10:20:18,355.52,300,355.62,100,355.53,100
6472,0.35000000000000003,0.08,0.27,24.01,10:20:24,355.39,100,355.62,200,355.5089,200
6499,0.43,0.19,0.24,34.24000000000001,10:20:34,355.73,100,355.83,100,355.81300000000005,200
6505,0.35,0.14,0.21,36.360000000000014,10:20:36,355.73,100,355.93,200,355.85,100
6516,0.39,0.19,0.2,40.31000000000002,10:20:40,355.73,100,355.93,200,355.842,150
6559,0.6000000000000001,0.07,0.53,10.14,10:21:10,355.76,100,355.99,100,355.84,118
6566,0.43,0.07,0.36,14.299999999999999,10:21:14,355.78,100,356.0,300,355.92,100
6597,0.64,0.09,0.55,30.489999999999995,10:21:30,355.63,200,355.8,100,355.7014,2000
6615,0.7,0.22,0.48,0.0,10:22:00,355.5,100,355.7,100,355.684,775
6631,0.49,0.08,0.41,11.77,10:22:11,355.5,100,355.73,100,355.6163,270
6635,0.5,0.18,0.32,13.649999999999999,10:22:13,355.5,100,355.73,100,355.5582,141
6647,0.49,0.18,0.31,21.640000000000004,10:22:21,355.6,100,355.73,100,355.7,100
6719,0.49,0.27,0.22,55.540000000000006,10:22:55,355.41,100,355.6,100,355.4984,150
6779,0.42,0.12,0.3,8.040000000000001,10:23:08,355.64,200,355.88,100,355.77099999999996,450
6798,0.42000000000000004,0.19,0.23,16.220000000000002,10:23:16,355.66,100,355.88,200,355.7758,165
6808,0.33,0.13,0.2,19.88,10:23:19,355.98,200,356.27,100,356.1424,775
6838,0.33,0.1,0.23,29.8,10:23:29,356.01,500,356.17,100,356.1154,100
6844,0.28,0.07,0.21,0.0,10:24:00,355.82,300,356.16,100,355.9828,450
6854,0.25,0.07,0.18,4.049999999999999,10:24:04,355.82,300,355.98,200,355.98,400
6861,0.39,0.16,0.23,12.149999999999999,10:24:12,355.82,300,355.98,200,355.97,100
6864,0.29000000000000004,0.09,0.2,14.02,10:24:14,355.88,100,355.97,100,355.8925,100
6870,0.31,0.08,0.23,15.91,10:24:15,355.82,100,355.96,100,355.885,100
6879,0.57,0.21,0.36,24.520000000000003,10:24:24,355.73,500,355.82,100,355.74,100
6982,0.36,0.09,0.27,0.0,10:25:00,355.68,100,355.85,100,355.765,200
6992,0.31,0.07,0.24,6.27,10:25:06,355.6,100,355.81,100,355.705,100
7001,0.4,0.08,0.32,10.41,10:25:10,355.59,200,355.84,100,355.6575,100
7009,0.37,0.08,0.29,14.39,10:25:14,355.59,200,355.84,100,355.591,195
7085,0.53,0.22,0.31,2.9300000000000006,10:26:02,355.15,400,355.45,200,355.1601,300
7093,0.55,0.23,0.32,12.030000000000001,10:26:12,355.18,100,355.44,200,355.1801,1456
7116,0.32,0.07,0.25,24.60000000000001,10:26:24,355.19,200,355.43,200,355.23199999999997,100
7170,0.49,0.17,0.32,48.6,10:26:48,355.33,200,355.48,200,355.34,100
7185,37.42,37.15,0.27,0.0,10:27:00,355.2,500,355.3,200,355.2,130
7247,0.3,0.08,0.22,23.050000000000004,10:27:23,355.18,100,355.24,100,355.24,100
7271,0.44,0.25,0.19,6.130000000000002,10:28:06,355.07,100,355.24,200,355.0701,200
7276,0.29,0.08,0.21,9.06,10:28:09,355.07,100,355.24,200,355.1635,145
7278,0.42,0.21,0.21,9.76,10:28:09,355.09,100,355.24,200,355.09,100
7293,0.25,0.08,0.17,19.83,10:28:19,354.8,200,354.96,100,354.82,103
7299,0.41000000000000003,0.23,0.18,21.79,10:28:21,354.7,200,354.92,300,354.76,100
7306,0.26,0.08,0.18,23.86,10:28:23,354.7,100,354.8,100,354.7,100
7312,0.39,0.22,0.17,25.86,10:28:25,354.5,1400,354.79,200,354.55,200
7315,0.27,0.07,0.2,26.83,10:28:26,354.5,1400,354.79,200,354.5,100
7322,0.43000000000000005,0.23,0.2,29.229999999999997,10:28:29,354.5,100,354.58,100,354.47,900
7330,0.30000000000000004,0.1,0.2,31.810000000000002,10:28:31,354.28,200,354.64,300,354.63,200
7336,0.34,0.07,0.27,33.97000000000001,10:28:33,354.29,100,354.64,300,354.33,100
7342,0.30000000000000004,0.07,0.23,35.84,10:28:35,354.37,200,354.69,100,354.515,100
7347,0.36,0.07,0.29,37.85,10:28:37,354.36,500,354.69,200,354.37,100
7348,0.35000000000000003,0.07,0.28,38.2,10:28:38,354.37,100,354.69,200,354.5462,125
7353,0.31,0.08,0.23,39.83,10:28:39,354.34,100,354.54,100,354.38,100
7358,0.28,0.08,0.2,41.730000000000004,10:28:41,354.34,100,354.68,200,354.536,100
7364,0.28,0.09,0.19,43.95,10:28:43,354.33,400,354.51,200,354.4354,575
7381,0.38,0.17,0.21,50.10000000000001,10:28:50,354.4,200,354.51,200,354.32,100
7388,0.39,0.2,0.19,52.20000000000001,10:28:52,354.31,200,354.5,200,354.4016,450
7406,0.4,0.18,0.22,58.22,10:28:58,354.67,200,354.75,100,354.74,100
7412,0.26,0.08,0.18,0.0,10:29:00,354.69,200,354.94,100,354.80400000000003,500
7418,0.32999999999999996,0.12,0.21,1.92,10:29:01,354.69,100,354.89,100,354.8,100
7422,0.42000000000000004,0.2,0.22,4.04,10:29:04,354.67,200,354.8,100,354.79,100
7427,0.41000000000000003,0.21,0.2,6.180000000000001,10:29:06,354.67,200,354.8,200,354.68,100
7429,0.44999999999999996,0.24,0.21,8.22,10:29:08,354.68,200,354.8,200,354.788,2000
7439,3.2600000000000002,2.93,0.33,14.790000000000001,10:29:14,354.82,200,355.09,200,354.84,100
7448,0.27,0.08,0.19,17.840000000000003,10:29:17,354.81,200,355.09,200,354.89,200
7465,0.37,0.19,0.18,23.910000000000004,10:29:23,354.81,200,355.09,200,354.94,100
7500,0.6,0.25,0.35,36.300000000000004,10:29:36,354.65,100,355.0,200,354.65,100
7522,0.26,0.07,0.19,43.840000000000025,10:29:43,354.79,200,354.93,200,354.87,250
7542,0.36,0.19,0.17,49.89000000000003,10:29:49,354.65,100,354.93,200,354.7906,400
7566,0.52,0.19,0.33,58.06000000000003,10:29:58,354.74,400,354.92,100,354.91,100
7570,0.62,0.23,0.39,0.0,10:30:00,354.74,400,354.93,200,354.8634,300
7571,0.55,0.24,0.31,0.55,10:30:00,354.77,100,355.07,100,354.98,100
7579,0.27,0.07,0.2,3.99,10:30:03,355.0,200,355.19,1500,355.01,100
7584,0.33999999999999997,0.1,0.24,5.88,10:30:05,355.0,200,355.18,100,355.03,100
7589,4.29,4.05,0.24,11.73,10:30:11,354.8,100,355.08,200,354.95,100
7595,0.31,0.07,0.24,13.850000000000001,10:30:13,354.87,100,355.1,100,354.9684,100
7642,0.27,0.07,0.2,35.69,10:30:35,354.95,200,355.19,1500,355.0,100
7660,0.48,0.19,0.29,41.910000000000004,10:30:41,355.0,400,355.13,100,355.055,100
7674,0.34,0.08,0.26,47.88000000000001,10:30:47,354.8,100,354.95,100,354.884,100
7693,0.62,0.24,0.38,56.00000000000001,10:30:56,354.8,200,354.9,100,354.85,100
7698,0.35,0.12,0.23,57.910000000000004,10:30:57,354.8,200,354.9,100,354.8163,101
7703,0.28,0.08,0.2,59.47,10:30:59,354.8,200,354.9,100,354.81,100
7716,0.36,0.14,0.22,0.0,10:31:00,354.88,100,355.0,200,354.9,100
7734,1.0,0.79,0.21,16.39,10:31:16,354.51,200,354.89,200,354.6755,400
7756,0.32,0.11,0.21,24.030000000000005,10:31:24,354.65,100,354.89,200,354.6724,900
7762,0.28,0.07,0.21,26.140000000000004,10:31:26,354.65,100,354.89,200,354.775,100
7782,0.4,0.18,0.22,34.03,10:31:34,354.72,100,354.94,100,354.8457,200
7788,0.45,0.27,0.18,36.23000000000001,10:31:36,354.72,200,354.94,100,354.8381,125
7795,0.29,0.08,0.21,38.24000000000001,10:31:38,354.72,200,354.94,100,354.78,100
7801,0.33,0.13,0.2,40.100000000000016,10:31:40,354.72,200,354.94,100,354.9013,100
7804,0.4,0.23,0.17,0.0,10:33:00,355.27,100,355.45,100,355.3995,1400
7806,0.32,0.15,0.17,0.56,10:33:00,355.26,800,355.45,100,355.3618,200
7811,0.41000000000000003,0.24,0.17,4.830000000000001,10:33:04,355.21,100,355.38,100,355.295,300
7822,0.29000000000000004,0.12,0.17,8.610000000000003,10:33:08,355.21,100,355.39,100,355.23,200
7856,0.27,0.07,0.2,20.61000000000001,10:33:20,355.11,100,355.34,100,355.14,200
7958,3.92,3.62,0.3,7.67,10:34:07,355.01,300,355.16,200,355.16,680
8016,0.33,0.07,0.26,33.84000000000001,10:34:33,355.03,100,355.16,300,355.1028,100
8052,0.31,0.09,0.22,48.21000000000001,10:34:48,355.09,200,355.37,100,355.2921,800
8092,0.59,0.24,0.35,17.979999999999997,10:35:17,355.14,100,355.35,100,355.2639,450
8095,0.5900000000000001,0.28,0.31,19.819999999999997,10:35:19,355.14,100,355.36,100,355.29,100
8107,0.6300000000000001,0.07,0.56,27.419999999999998,10:35:27,355.16,100,355.36,100,355.2676,200
8108,0.62,0.18,0.44,28.04,10:35:28,355.16,100,355.36,100,355.33,100
8131,1.4,0.21,1.19,45.25999999999999,10:35:45,355.19,100,355.35,100,355.2678,450
8145,0.6100000000000001,0.07,0.54,0.0,10:36:00,355.01,300,355.24,300,355.194,899
8207,0.62,0.09,0.53,42.07999999999998,10:36:42,355.26,100,355.37,100,355.3699,100
8221,0.6,0.08,0.52,52.24999999999998,10:36:52,355.32,100,355.45,100,355.3395,100
8236,0.6,0.17,0.43,3.97,10:37:03,355.33,100,355.45,100,355.4037,930
8248,0.59,0.09,0.5,14.950000000000001,10:37:14,355.36,100,355.44,100,355.42900000000003,100
8249,0.5800000000000001,0.07,0.51,15.530000000000001,10:37:15,355.28,100,355.44,100,355.36,100
8259,0.5900000000000001,0.07,0.52,21.53000000000001,10:37:21,355.28,100,355.44,200,355.3445,2200
8292,0.78,0.35,0.43,41.51000000000002,10:37:41,355.28,400,355.44,300,355.3201,800
8316,0.7699999999999999,0.08,0.69,55.91000000000004,10:37:55,355.1,100,355.35,200,355.1845,450
8319,0.78,0.07,0.71,58.12000000000004,10:37:58,355.1,100,355.35,200,355.225,100
8325,0.5800000000000001,0.07,0.51,0.0,10:38:00,355.1,200,355.35,200,355.2525,100
8328,0.59,0.09,0.5,1.7999999999999998,10:38:01,355.1,200,355.35,200,355.2247,260
8338,0.61,0.14,0.47,7.819999999999999,10:38:07,355.01,300,355.23,400,355.02,100
8363,0.59,0.09,0.5,28.169999999999998,10:38:28,355.01,300,355.22,300,355.0415,300
8366,0.44,0.07,0.37,29.63,10:38:29,355.01,300,355.22,300,355.115,400
8386,0.44,0.13,0.31,41.019999999999996,10:38:41,355.02,100,355.22,400,355.1339,100
8401,0.62,0.18,0.44,50.22,10:38:50,355.01,300,355.09,100,355.1092,181
8404,0.7899999999999999,0.08,0.71,52.379999999999995,10:38:52,354.8,100,354.96,200,354.801,100
8409,1.01,0.13,0.88,56.63999999999999,10:38:56,354.69,100,354.79,100,354.7899,684
8411,0.8500000000000001,0.18,0.67,0.0,10:39:00,354.55,100,354.77,200,354.56,566
8413,0.9299999999999999,0.07,0.86,1.73,10:39:01,354.51,200,354.77,500,354.66,100
8416,0.83,0.13,0.7,4.2,10:39:04,354.54,100,354.75,300,354.7494,500
8417,1.98,1.28,0.7,6.18,10:39:06,354.51,200,354.75,400,354.546,400
8428,2.44,1.92,0.52,17.93,10:39:17,354.55,100,354.75,300,354.64,100
8441,0.84,0.12,0.72,27.559999999999995,10:39:27,354.63,200,354.8,200,354.77,100
8469,0.5900000000000001,0.07,0.52,47.51000000000002,10:39:47,354.57,100,354.7,100,354.57,100
8475,0.6499999999999999,0.07,0.58,51.920000000000016,10:39:51,354.58,200,354.7,200,354.58,101
8495,1.0,0.18,0.82,8.329999999999998,10:40:08,354.65,300,354.84,100,354.75,100
8497,4.56,3.8,0.76,13.749999999999996,10:40:13,354.65,400,354.84,100,354.7472,450
8508,0.85,0.28,0.57,23.97,10:40:23,354.66,100,354.95,100,354.73,100
8523,0.61,0.08,0.53,33.95,10:40:33,354.71,100,354.95,100,354.805,100
8538,0.59,0.21,0.38,43.71000000000002,10:40:43,354.75,100,354.95,100,354.8409,450
8545,0.5900000000000001,0.07,0.52,48.27000000000003,10:40:48,354.78,100,354.93,200,354.93300000000005,202
8548,0.5800000000000001,0.07,0.51,50.07000000000003,10:40:50,354.78,100,354.93,200,354.88,100
8572,0.6,0.23,0.37,2.43,10:41:02,354.71,100,354.86,200,354.7947,250
8582,3.0200000000000005,2.49,0.53,12.82,10:41:12,354.65,300,354.83,200,354.71,100
8639,0.5800000000000001,0.07,0.51,48.199999999999996,10:41:48,354.71,200,354.79,100,354.61,200
8690,0.94,0.31,0.63,23.86,10:42:23,354.9,500,355.02,300,354.97,100
8702,0.6,0.25,0.35,31.92,10:42:31,355.04,100,355.3,100,355.04,400
8712,0.46,0.08,0.38,37.910000000000004,10:42:37,354.97,100,355.24,100,355.0512,500
8743,0.78,0.23,0.55,55.84000000000002,10:42:55,354.65,100,354.87,100,354.7897,500
8777,0.65,0.13,0.52,0.0,10:43:00,354.54,300,354.76,100,354.5408,100
8783,0.7799999999999999,0.08,0.7,4.17,10:43:04,354.4,600,354.65,100,354.43,200
8786,0.79,0.28,0.51,6.58,10:43:06,354.4,600,354.65,100,354.5008,200
8791,0.6399999999999999,0.07,0.57,10.400000000000002,10:43:10,354.3,100,354.46,100,354.31,100
8794,0.6000000000000001,0.07,0.53,12.350000000000001,10:43:12,354.33,100,354.46,100,354.395,100
8818,0.7899999999999999,0.22,0.57,28.75,10:43:28,354.29,100,354.46,200,354.3852,200
8823,0.59,0.08,0.51,32.14,10:43:32,354.29,100,354.5,100,354.3,100
8835,0.46,0.12,0.34,0.0,10:44:00,354.37,100,354.5,100,354.4428,100
8838,0.5900000000000001,0.07,0.52,2.0,10:44:02,354.28,100,354.49,100,354.46,100
8845,0.59,0.21,0.38,5.9799999999999995,10:44:05,354.28,200,354.49,100,354.28,145
8848,1.4,0.92,0.48,8.56,10:44:08,354.28,100,354.49,100,354.3917,1200
8866,0.76,0.07,0.69,22.34,10:44:22,354.31,100,354.4,100,354.4,159
8874,0.6100000000000001,0.07,0.54,27.770000000000003,10:44:27,354.28,100,354.39,100,354.3859,5000
8885,0.59,0.08,0.51,34.33000000000001,10:44:34,354.24,100,354.39,100,354.24,100
8888,0.6000000000000001,0.07,0.53,36.170000000000016,10:44:36,354.24,100,354.39,100,354.305,100
8895,0.5800000000000001,0.07,0.51,40.12000000000002,10:44:40,354.3,200,354.39,100,354.3453,100
8902,0.45,0.14,0.31,43.96000000000002,10:44:43,354.24,100,354.33,100,354.2853,100
8912,0.44,0.07,0.37,49.770000000000024,10:44:49,354.38,100,354.51,100,354.3962,1000
8933,0.44,0.08,0.36,3.4,10:45:03,354.51,200,354.64,100,354.5944,318
8936,4.2,3.76,0.44,8.77,10:45:08,354.58,200,354.8,100,354.67,100
8937,0.5900000000000001,0.07,0.52,9.36,10:45:09,354.58,200,354.8,100,354.7978,5000
8947,2.3600000000000003,1.84,0.52,18.15,10:45:18,354.58,200,354.79,100,354.7189,100
8956,0.65,0.23,0.42,23.819999999999997,10:45:23,354.58,200,354.75,100,354.6587,300
8969,0.62,0.08,0.54,31.970000000000002,10:45:31,354.68,200,354.89,1100,354.7847,380
8990,0.65,0.21,0.44,45.60999999999999,10:45:45,354.68,300,354.97,200,354.855,200
9015,0.44,0.12,0.32,0.0,10:46:00,354.55,200,354.8,200,354.551,700
9071,0.6,0.08,0.52,38.16,10:46:38,354.6,100,354.76,100,354.6797,325
9095,0.61,0.21,0.4,54.210000000000015,10:46:54,354.51,100,354.64,200,354.6399,100
9129,0.43000000000000005,0.1,0.33,21.860000000000003,10:47:21,354.57,100,354.8,100,354.7517,150
9132,0.63,0.17,0.46,23.650000000000002,10:47:23,354.58,200,354.8,100,354.6592,500
9154,0.61,0.21,0.4,35.84999999999999,10:47:35,354.68,100,354.8,100,354.7451,600
9185,0.6100000000000001,0.07,0.54,55.660000000000004,10:47:55,354.85,200,354.97,100,354.8576,100
9195,0.5700000000000001,0.13,0.44,3.9800000000000004,10:48:03,354.85,200,354.97,100,354.86,100
9203,4.82,4.37,0.45,15.2,10:48:15,354.95,100,355.06,100,354.99,100
9204,2.38,1.77,0.61,17.58,10:48:17,354.95,100,355.06,100,354.9916,500
9205,0.62,0.22,0.4,18.2,10:48:18,354.98,100,355.18,100,355.06,100
9210,1.6099999999999999,1.18,0.43,21.989999999999995,10:48:21,354.98,100,355.09,100,355.108,1000
9224,0.61,0.18,0.43,30.02,10:48:30,354.99,200,355.18,100,355.0679,450
9241,0.61,0.17,0.44,39.39,10:48:39,355.1,200,355.18,100,355.1713,100
9242,0.5800000000000001,0.14,0.44,39.97,10:48:39,355.13,100,355.27,100,355.17199999999997,400
9288,0.45,0.07,0.38,5.88,10:49:05,354.86,1100,355.05,100,354.955,100
9308,0.44,0.08,0.36,20.070000000000004,10:49:20,354.63,100,354.9,100,354.685,100
9315,0.62,0.23,0.39,24.050000000000008,10:49:24,354.67,100,354.93,200,354.67199999999997,100
9341,0.61,0.08,0.53,40.680000000000014,10:49:40,354.79,100,354.96,100,354.8783,300
9350,0.62,0.17,0.45,46.88000000000001,10:49:46,354.79,200,355.07,200,354.83,100
9366,0.77,0.21,0.56,58.850000000000016,10:49:58,354.46,100,354.67,200,354.51,100
9388,2.7600000000000002,2.18,0.58,17.54,10:50:17,354.41,100,354.5,200,354.49,100
9395,0.61,0.2,0.41,21.750000000000007,10:50:21,354.33,100,354.5,100,354.48,100
9402,0.5700000000000001,0.14,0.43,25.73000000000001,10:50:25,354.33,100,354.5,100,354.405,100
9405,0.58,0.17,0.41,27.330000000000013,10:50:27,354.2,500,354.45,200,354.22,205
9409,0.44,0.13,0.31,29.360000000000014,10:50:29,354.2,200,354.42,200,354.2,100
9427,0.6000000000000001,0.2,0.4,39.52000000000002,10:50:39,354.12,100,354.39,200,354.15,100
9438,0.6,0.17,0.43,45.890000000000015,10:50:45,354.12,100,354.36,100,354.35,100
9441,0.5800000000000001,0.13,0.45,47.47000000000001,10:50:47,354.19,100,354.41,100,354.36,100
9445,0.5700000000000001,0.2,0.37,49.50000000000001,10:50:49,354.19,100,354.41,100,354.3198,100
9459,0.5800000000000001,0.14,0.44,0.0,10:51:00,354.1,1400,354.31,100,354.20099999999996,250
9473,2.8099999999999996,2.34,0.47,15.620000000000001,10:51:15,354.12,100,354.24,100,354.2399,221
9474,0.6100000000000001,0.07,0.54,16.23,10:51:16,354.12,100,354.2,100,354.11,100
9477,0.64,0.18,0.46,18.220000000000002,10:51:18,354.07,100,354.2,100,354.13,100
9481,0.6,0.21,0.39,22.010000000000005,10:51:22,354.0,3200,354.09,100,354.03,208
9486,0.6000000000000001,0.07,0.53,25.400000000000006,10:51:25,354.02,100,354.11,100,354.1099,309
9491,0.62,0.22,0.4,28.390000000000008,10:51:28,354.03,100,354.2,100,354.1084,150
9500,0.59,0.22,0.37,33.98000000000001,10:51:33,354.04,100,354.2,200,354.04,100
9510,0.61,0.21,0.4,40.380000000000024,10:51:40,354.04,100,354.21,100,354.105,500
9523,0.58,0.09,0.49,48.32000000000003,10:51:48,354.04,100,354.2,100,354.1335,100
9529,0.6000000000000001,0.07,0.53,52.36000000000003,10:51:52,354.06,100,354.2,100,354.115,294
9532,0.6,0.18,0.42,54.17000000000003,10:51:54,354.04,100,354.2,100,354.06,100
9535,0.6,0.09,0.51,56.13000000000003,10:51:56,354.11,100,354.2,100,354.1999,626
9541,0.5900000000000001,0.25,0.34,0.0,10:52:00,354.01,100,354.16,100,354.1,319
9554,3.45,2.83,0.62,15.0,10:52:15,353.7,200,353.99,200,353.7,200
9555,0.76,0.12,0.64,15.76,10:52:15,353.7,200,353.99,200,353.8276,100
9557,0.8200000000000001,0.18,0.64,17.78,10:52:17,353.62,100,353.86,200,353.7362,100
9558,1.01,0.49,0.52,18.790000000000003,10:52:18,353.62,100,353.86,100,353.7013,1200
9559,0.76,0.07,0.69,19.550000000000004,10:52:19,353.62,100,354.11,100,353.99,100
9560,0.61,0.08,0.53,20.160000000000004,10:52:20,353.73,100,354.1,100,354.01,100
9563,0.62,0.13,0.49,21.990000000000006,10:52:21,353.73,100,354.1,100,353.83,400
9570,0.75,0.23,0.52,26.54000000000001,10:52:26,353.85,100,354.01,100,353.926,100
9573,0.62,0.21,0.41,28.40000000000001,10:52:28,353.85,100,354.11,100,354.1008,2008
9576,0.62,0.21,0.41,30.37000000000001,10:52:30,353.85,100,354.11,200,354.0174,200
9579,0.6300000000000001,0.07,0.56,32.38000000000001,10:52:32,354.01,100,354.11,200,354.0,900
9582,0.75,0.26,0.49,34.350000000000016,10:52:34,354.03,100,354.21,100,354.12,100
9584,0.66,0.21,0.45,35.610000000000014,10:52:35,354.03,100,354.21,100,354.1222,450
9588,0.64,0.17,0.47,38.610000000000014,10:52:38,354.01,100,354.19,100,354.18,100
9597,0.79,0.17,0.62,44.750000000000014,10:52:44,353.71,200,354.13,100,353.71,100
9605,0.59,0.08,0.51,49.97000000000002,10:52:49,353.72,100,353.99,200,353.8453,450
9609,0.59,0.08,0.51,52.37000000000003,10:52:52,353.75,100,353.99,200,353.75,600
9611,1.59,1.08,0.51,54.56000000000004,10:52:54,353.73,100,353.85,100,353.85,100
9617,0.44,0.07,0.37,58.00000000000004,10:52:58,353.7,200,353.85,100,353.785,100
9624,0.43,0.08,0.35,1.64,10:53:01,353.73,1000,353.85,100,353.77,100
9625,0.58,0.21,0.37,2.2199999999999998,10:53:02,353.73,1000,353.85,100,353.74,100
9632,0.58,0.23,0.35,5.999999999999999,10:53:05,353.73,100,353.85,100,353.73,100
9646,0.5900000000000001,0.07,0.52,20.019999999999996,10:53:20,353.75,200,353.85,100,353.8214,100
9651,0.5800000000000001,0.07,0.51,22.809999999999995,10:53:22,353.75,200,353.85,100,353.8126,100
9657,0.5800000000000001,0.07,0.51,26.00999999999999,10:53:26,353.75,200,353.85,100,353.8,169
9665,0.44,0.07,0.37,30.23999999999999,10:53:30,353.79,100,354.0,100,353.98,100
9672,0.57,0.08,0.49,34.18,10:53:34,353.81,100,354.0,200,353.86,170
9714,0.56,0.2,0.36,58.04,10:53:58,354.06,100,354.4,1000,354.19,100
9728,0.5800000000000001,0.07,0.51,2.14,10:54:02,354.02,100,354.14,100,354.0874,200
9735,2.1799999999999997,1.65,0.53,9.14,10:54:09,354.02,200,354.37,100,354.155,100
9754,0.5700000000000001,0.07,0.5,22.540000000000006,10:54:22,354.09,500,354.28,900,354.1937,200
9756,118.97,118.36,0.61,0.0,10:56:00,354.8,100,355.05,200,354.9477,180
9760,0.76,0.27,0.49,2.62,10:56:02,354.71,200,354.93,100,354.8552,200
9799,0.6100000000000001,0.07,0.54,28.860000000000007,10:56:28,354.66,200,354.91,200,354.9099,180
9802,0.6000000000000001,0.07,0.53,30.69000000000001,10:56:30,354.66,200,354.91,200,354.72,100
9805,0.59,0.12,0.47,32.47000000000001,10:56:32,354.66,200,354.88,100,354.7627,100
9820,5.77,5.27,0.5,11.36,10:57:11,354.75,200,354.92,100,354.825,200
9836,0.6,0.24,0.36,23.57,10:57:23,355.15,200,355.2,100,355.14099999999996,100
9843,0.61,0.18,0.43,27.570000000000004,10:57:27,355.19,100,355.48,100,355.475,200
9845,0.6,0.16,0.44,28.760000000000005,10:57:28,355.19,100,355.48,100,355.4799,3000
9846,0.43000000000000005,0.09,0.34,29.190000000000005,10:57:29,355.19,100,355.47,100,355.335,100
9872,0.6,0.23,0.37,43.750000000000014,10:57:43,355.2,100,355.39,100,355.3017,1200
9882,0.6,0.24,0.36,49.54000000000002,10:57:49,355.2,100,355.4,100,355.2001,180
9889,0.62,0.23,0.39,53.33000000000002,10:57:53,354.76,100,355.25,200,354.93,100
9893,0.44,0.07,0.37,55.360000000000014,10:57:55,354.75,100,355.1,100,354.9726,460
9900,0.46,0.08,0.38,0.0,10:58:00,354.75,100,355.1,100,355.07,553
9904,0.66,0.2,0.46,2.62,10:58:02,354.75,100,355.02,100,354.8985,100
9941,0.44,0.07,0.37,30.02,10:58:30,355.0,100,355.13,100,355.0892,300
9945,0.6000000000000001,0.27,0.33,32.19,10:58:32,355.0,100,355.16,100,355.1008,100
9952,0.5800000000000001,0.2,0.38,36.0,10:58:36,355.15,100,355.31,100,355.2409,400
9955,0.61,0.18,0.43,37.800000000000004,10:58:37,355.15,100,355.33,100,355.2508,100
9979,0.59,0.08,0.51,52.180000000000014,10:58:52,355.1,100,355.3,100,355.28,100
9986,0.6000000000000001,0.2,0.4,56.02000000000001,10:58:56,355.1,100,355.3,100,355.2182,270
10020,0.6100000000000001,0.28,0.33,17.22,10:59:17,355.05,100,355.2,100,355.125,200
10027,0.5800000000000001,0.07,0.51,21.0,10:59:21,355.04,100,355.21,100,355.12300000000005,100
10078,0.76,0.35,0.41,49.200000000000024,10:59:49,354.99,100,355.16,100,355.0648,100
10113,0.44,0.12,0.32,0.0,11:00:00,355.05,100,355.25,100,355.15,300
10117,0.59,0.21,0.38,2.17,11:00:02,355.05,200,355.25,100,355.0501,106
10121,0.57,0.08,0.49,4.38,11:00:04,355.05,200,355.25,100,355.1597,450
10131,0.78,0.2,0.58,10.559999999999999,11:00:10,354.92,100,355.1,100,355.0999,378
10184,0.59,0.24,0.35,11.569999999999999,11:01:11,355.0,400,355.13,100,355.11699999999996,100
10186,4.41,3.86,0.55,20.36,11:01:20,355.14,100,355.27,100,355.2273,450
10203,0.44,0.14,0.3,29.60000000000001,11:01:29,355.01,100,355.18,100,355.11,100
10206,0.58,0.23,0.35,31.180000000000007,11:01:31,355.01,100,355.18,100,355.1068,195
10236,0.58,0.08,0.5,47.779999999999994,11:01:47,355.06,100,355.17,100,355.061,142
10253,0.44,0.08,0.36,57.17999999999999,11:01:57,355.07,100,355.18,200,355.1497,100
10270,0.63,0.17,0.46,10.15,11:04:10,354.81,200,355.03,100,354.915,200
10285,0.96,0.36,0.6,20.73,11:04:20,354.81,100,355.0,200,354.905,100
10287,0.75,0.22,0.53,22.11,11:04:22,354.81,100,355.0,200,354.9398,100
10293,0.65,0.23,0.42,26.15,11:04:26,354.76,100,354.99,100,354.9899,528
10303,0.65,0.21,0.44,32.54,11:04:32,354.65,100,354.91,200,354.69,100
10340,1.56,0.89,0.67,3.37,11:05:03,354.7,300,354.9,100,354.7001,175
10462,0.43,0.07,0.36,35.58,11:06:35,354.91,200,355.0,300,354.9496,200
10469,0.43,0.07,0.36,39.599999999999994,11:06:39,354.7,200,354.88,100,354.8625,700
10613,4.41,3.9,0.51,11.41,11:08:11,355.23,200,355.45,100,355.3524,100
10620,0.58,0.08,0.5,16.209999999999997,11:08:16,355.38,100,355.47,500,355.3801,1000
10623,0.76,0.17,0.59,18.21,11:08:18,355.36,100,355.47,500,355.425,100
10629,0.65,0.22,0.43,22.28,11:08:22,355.43,100,355.62,100,355.6306,200
10635,0.79,0.07,0.72,26.42,11:08:26,355.43,100,355.59,100,355.5968,270
10640,0.85,0.21,0.64,30.470000000000002,11:08:30,355.35,1000,355.51,200,355.4558,1000
10678,0.6,0.12,0.48,56.08000000000001,11:08:56,355.2,100,355.4,100,355.3344,280
10696,0.56,0.07,0.49,0.0,11:09:00,355.27,200,355.51,100,355.4399,100
10699,4.99,4.47,0.52,5.99,11:09:05,355.26,100,355.5,100,355.3966,300
10721,0.5900000000000001,0.19,0.4,18.03,11:09:18,355.45,100,355.65,1000,355.55400000000003,250
10724,0.62,0.18,0.44,19.820000000000004,11:09:19,355.44,100,355.65,1000,355.5487,450
10728,0.61,0.21,0.4,22.230000000000008,11:09:22,355.45,200,355.65,1000,355.6273,100
10763,0.61,0.18,0.43,42.01000000000001,11:09:42,355.63,100,355.86,100,355.6301,100
10834,0.6000000000000001,0.2,0.4,20.620000000000005,11:10:20,355.61,2000,355.71,200,355.61699999999996,185
10881,3.19,2.73,0.46,0.0,11:11:00,355.61,1800,355.75,100,355.6534,750
10908,0.45,0.13,0.32,20.660000000000004,11:11:20,355.65,100,355.75,400,355.6928,300
10946,0.64,0.08,0.56,42.86000000000001,11:11:42,355.75,100,355.89,100,355.834,1000
10953,0.59,0.08,0.51,47.05000000000002,11:11:47,355.86,100,355.98,200,355.96,100
10960,0.5900000000000001,0.07,0.52,51.080000000000034,11:11:51,355.91,200,356.14,400,356.09,100
10978,0.56,0.07,0.49,10.16,11:12:10,356.0,100,356.17,100,356.0935,100
10981,0.5900000000000001,0.07,0.52,15.17,11:12:15,355.91,100,355.99,100,355.91,100
10982,3.4,2.78,0.62,18.57,11:12:18,355.99,100,356.1,100,355.995,100
10985,0.46,0.07,0.39,22.02,11:12:22,355.91,100,356.05,100,355.99,100
10988,0.64,0.23,0.41,24.009999999999998,11:12:24,355.91,100,356.05,100,356.0031,100
10995,0.77,0.25,0.52,28.169999999999998,11:12:28,355.91,100,356.13,100,356.1299,210
11022,0.62,0.08,0.54,46.040000000000006,11:12:46,355.91,100,356.06,100,355.985,100
11058,0.62,0.08,0.54,12.039999999999997,11:13:12,355.52,100,355.81,100,355.6617,300
11076,0.81,0.2,0.61,28.41000000000001,11:13:28,355.6,200,355.78,3900,355.6933,300
11093,0.6000000000000001,0.14,0.46,40.000000000000014,11:13:40,355.58,100,355.87,200,355.7395,160
11143,0.5700000000000001,0.2,0.37,15.810000000000002,11:14:15,355.76,200,355.9,100,355.82099999999997,200
11202,0.44999999999999996,0.09,0.36,0.44999999999999996,11:16:00,355.51,200,355.73,200,355.6111,450
11217,0.81,0.18,0.63,10.040000000000001,11:16:10,355.53,200,355.73,100,355.73,100
11220,0.6200000000000001,0.07,0.55,12.080000000000002,11:16:12,355.55,100,355.73,100,355.6426,200
11282,0.43,0.07,0.36,17.830000000000002,11:17:17,355.67,200,355.87,200,355.7965,100
11308,0.43,0.08,0.35,32.19,11:17:32,355.7,200,355.87,300,355.786,1000
11358,0.64,0.08,0.56,20.22,11:18:20,355.79,200,356.0,900,355.916,250
11376,0.78,0.17,0.61,31.970000000000006,11:18:31,355.84,100,356.0,900,355.9124,130
11379,0.62,0.13,0.49,33.81,11:18:33,355.84,100,355.99,100,355.9215,200
11407,0.59,0.18,0.41,52.15000000000003,11:18:52,355.76,100,355.86,100,355.855,100
11462,0.6,0.17,0.43,39.85999999999999,11:19:39,355.86,200,355.95,500,355.895,100
11484,0.6,0.18,0.42,53.46,11:19:53,356.0,100,356.14,100,356.065,100
11501,0.6200000000000001,0.07,0.55,5.57,11:20:05,355.88,100,356.1,200,355.9983,100
11548,0.5900000000000001,0.07,0.52,43.76000000000001,11:20:43,355.81,100,356.01,100,355.87800000000004,110
11580,1.59,1.05,0.54,3.01,11:21:03,355.82,100,356.01,100,356.0086,1500
11618,0.6699999999999999,0.18,0.49,35.650000000000006,11:21:35,355.91,100,356.1,200,355.9816,100
11672,1.4,1.0,0.4,14.67,11:22:14,356.25,100,356.44,100,356.3777,309
11677,0.6,0.09,0.51,17.44,11:22:17,356.25,100,356.44,100,356.44,100
11680,0.61,0.08,0.53,19.419999999999998,11:22:19,356.25,200,356.48,100,356.3475,100
11687,0.6599999999999999,0.25,0.41,23.869999999999997,11:22:23,356.36,100,356.48,100,356.3687,268
11693,0.6,0.21,0.39,27.66,11:22:27,356.36,100,356.5,2800,356.415,100
11700,0.57,0.08,0.49,31.43,11:22:31,356.47,100,356.64,100,356.5587,270
11704,0.44999999999999996,0.15,0.3,33.67,11:22:33,356.47,200,356.63,100,356.5348,450
11707,0.6,0.23,0.37,35.63,11:22:35,356.47,100,356.62,100,356.629,100
11711,0.43,0.07,0.36,37.650000000000006,11:22:37,356.5,100,356.62,100,356.5522,160
11724,0.6,0.08,0.52,45.65,11:22:45,356.4,100,356.59,200,356.4834,200
11727,0.46,0.07,0.39,47.48,11:22:47,356.21,100,356.43,100,356.435,100
11759,3.61,3.15,0.46,8.0,11:23:08,356.22,200,356.45,100,356.3295,300
11772,0.75,0.2,0.55,16.159999999999997,11:23:16,356.22,200,356.42,100,356.2201,1775
11781,0.44999999999999996,0.15,0.3,21.610000000000003,11:23:21,356.21,100,356.43,100,356.2729,100
11807,0.6499999999999999,0.08,0.57,38.00000000000001,11:23:38,356.32,100,356.5,100,356.4364,450
11815,0.65,0.11,0.54,43.59,11:23:43,356.32,100,356.5,200,356.4162,500
11834,5.41,4.9,0.51,10.4,11:24:10,356.33,100,356.5,100,356.4948,200
11840,0.63,0.16,0.47,18.22,11:24:18,356.4,200,356.59,100,356.4547,155
11843,0.5800000000000001,0.27,0.31,20.009999999999998,11:24:20,356.41,200,356.59,100,356.5774,800
11853,0.66,0.21,0.45,26.430000000000003,11:24:26,356.45,200,356.59,100,356.5248,100
11856,0.61,0.08,0.53,28.240000000000006,11:24:28,356.45,200,356.59,100,356.452,1000
11862,0.6,0.18,0.42,32.03000000000001,11:24:32,356.55,100,356.7,200,356.699,200
11865,0.63,0.24,0.39,33.850000000000016,11:24:33,356.56,100,356.69,100,356.5583,146
11872,0.63,0.21,0.42,38.23000000000002,11:24:38,356.57,100,356.69,100,356.6303,450
11882,0.57,0.08,0.49,44.03000000000002,11:24:44,356.35,100,356.69,200,356.41,100
11889,0.5900000000000001,0.07,0.52,47.82000000000002,11:24:47,356.35,200,356.6,100,356.4747,200
11893,0.76,0.14,0.62,50.42000000000002,11:24:50,356.36,200,356.6,100,356.4717,300
11910,0.59,0.08,0.51,0.0,11:25:00,356.4,400,356.6,100,356.4816,450
11920,0.6100000000000001,0.07,0.54,9.79,11:25:09,356.42,100,356.6,100,356.5078,450
11927,0.81,0.14,0.67,16.39,11:25:16,356.46,100,356.6,100,356.51199999999994,500
11929,0.85,0.21,0.64,18.03,11:25:18,356.53,100,356.69,200,356.5906,215
11940,0.64,0.2,0.44,26.02,11:25:26,356.54,100,356.69,100,356.6747,100
11943,0.64,0.21,0.43,28.03,11:25:28,356.54,100,356.69,100,356.5725,2500
11946,0.77,0.36,0.41,30.0,11:25:30,356.54,100,356.69,100,356.6437,500
11955,0.6,0.09,0.51,36.230000000000004,11:25:36,356.54,200,356.7,100,356.6375,100
11966,0.76,0.29,0.47,44.019999999999996,11:25:44,356.57,200,356.79,200,356.6416,800
11977,0.94,0.35,0.59,52.00999999999999,11:25:52,356.59,200,356.8,200,356.7859,500
11994,0.65,0.21,0.44,0.0,11:26:00,356.66,100,356.79,100,356.719,450
12010,0.6,0.19,0.41,11.589999999999998,11:26:11,356.46,100,356.66,100,356.6253,2000
12023,0.6,0.08,0.52,19.79,11:26:19,356.35,100,356.52,400,356.4471,120
12061,0.8099999999999999,0.22,0.59,2.95,11:28:02,356.46,100,356.66,100,356.57199999999995,1500
12096,0.62,0.12,0.5,0.0,11:29:00,356.41,200,356.5,100,356.4101,200
12110,0.6000000000000001,0.07,0.53,9.8,11:29:09,356.41,200,356.5,200,356.4145,100
12123,0.62,0.12,0.5,18.369999999999997,11:29:18,356.23,100,356.5,300,356.3653,450
12141,0.95,0.22,0.73,2.76,11:30:02,356.26,200,356.45,100,356.26099999999997,300
12162,0.61,0.22,0.39,38.24999999999999,11:30:38,356.23,100,356.36,100,356.2504,400
12165,0.8200000000000001,0.18,0.64,40.43999999999999,11:30:40,356.23,100,356.36,100,356.295,450
12293,0.58,0.08,0.5,13.2,11:32:13,356.24,100,356.43,100,356.3456,178
12298,2.3899999999999997,1.91,0.48,18.81,11:32:18,356.29,200,356.49,100,356.4266,450
12307,0.43,0.12,0.31,23.849999999999994,11:32:23,356.51,200,356.75,300,356.6269,450
12341,0.61,0.19,0.42,44.03999999999999,11:32:44,356.53,200,356.75,300,356.6429,1000
12359,0.6,0.18,0.42,54.04999999999999,11:32:54,356.55,200,356.75,300,356.6177,126
12391,0.5900000000000001,0.07,0.52,2.5999999999999996,11:33:02,356.7,100,356.8,200,356.7521,400
12436,0.44,0.07,0.37,28.400000000000006,11:33:28,356.63,100,356.8,200,356.7078,450
12440,0.61,0.19,0.42,30.580000000000005,11:33:30,356.63,100,356.8,200,356.6571,1000
12465,0.5900000000000001,0.07,0.52,0.0,11:34:00,356.34,100,356.58,200,356.5001,100
12485,0.56,0.07,0.49,19.540000000000003,11:34:19,356.34,200,356.55,400,356.4576,315
12511,0.61,0.12,0.49,35.780000000000015,11:34:35,356.4,200,356.61,100,356.55,100
12566,79.02,78.7,0.32,0.0,11:36:00,357.0,200,357.08,200,357.0799,100
12579,0.61,0.18,0.43,7.36,11:36:07,357.03,100,357.15,100,357.1145,500
12590,0.58,0.08,0.5,13.33,11:36:13,356.98,100,357.08,600,357.0106,450
12611,0.6,0.08,0.52,0.0,11:37:00,357.0,200,357.22,100,357.1222,100
12614,3.59,3.07,0.52,4.98,11:37:04,357.0,200,357.16,100,357.1403,100
12633,0.6100000000000001,0.07,0.54,18.020000000000003,11:37:18,357.0,200,357.18,200,357.0932,2300
12636,0.64,0.28,0.36,20.010000000000005,11:37:20,356.68,200,357.04,100,356.8384,1500
12639,0.62,0.24,0.38,21.810000000000006,11:37:21,356.68,200,357.04,100,357.039,300
12658,0.56,0.07,0.49,33.53000000000001,11:37:33,356.78,500,357.03,100,357.04,100
12666,0.43000000000000005,0.09,0.34,37.78,11:37:37,356.9,200,357.18,100,356.9784,100
12722,1.6,1.07,0.53,0.0,11:38:00,357.04,200,357.25,200,357.2,100
12732,0.5800000000000001,0.07,0.51,9.399999999999999,11:38:09,357.06,200,357.21,200,357.13,100
12744,0.64,0.18,0.46,17.229999999999997,11:38:17,357.09,200,357.25,200,357.249,200
12750,0.64,0.18,0.46,21.219999999999995,11:38:21,357.31,100,357.46,100,357.45,800
12772,0.42,0.07,0.35,34.77,11:38:34,357.39,100,357.45,200,357.4037,450
12779,0.62,0.21,0.41,39.19,11:38:39,357.17,200,357.41,100,357.241,150
12794,0.76,0.2,0.56,0.0,11:41:00,357.21,100,357.37,100,357.30400000000003,100
12804,0.62,0.21,0.41,9.639999999999999,11:41:09,357.24,100,357.4,200,357.37,100
12837,0.6100000000000001,0.07,0.54,34.01,11:41:34,357.31,200,357.42,100,357.3652,205
12849,0.61,0.18,0.43,41.63000000000001,11:41:41,357.31,200,357.42,100,357.3749,100
12868,0.43,0.14,0.29,53.43000000000002,11:41:53,357.39,100,357.5,1000,357.4514,450
12934,0.42000000000000004,0.22,0.2,20.069999999999997,11:42:20,357.37,100,357.45,200,357.418,1000
12962,0.28,0.08,0.2,30.090000000000003,11:42:30,357.47,100,357.66,100,357.5582,200
12993,0.37,0.18,0.19,39.90000000000001,11:42:39,357.39,100,357.63,200,357.4777,500
13037,0.75,0.55,0.2,0.0,11:43:00,357.22,200,357.39,200,357.3095,1800
13040,0.25,0.08,0.17,0.25,11:43:00,357.22,200,357.39,200,357.3098,900
13049,1.2,0.9,0.3,3.9799999999999995,11:43:03,357.22,200,357.39,200,357.2588,1000
13054,4.21,3.98,0.23,10.440000000000001,11:43:10,357.23,100,357.39,200,357.305,100
13103,0.47000000000000003,0.08,0.39,31.830000000000005,11:43:31,357.1,100,357.35,100,357.2385,273
13108,0.45,0.07,0.38,33.83000000000001,11:43:33,357.1,100,357.35,100,357.2228,450
13123,0.33,0.13,0.2,39.54000000000002,11:43:39,357.1,100,357.31,2600,357.1308,100
13142,84.78,84.59,0.19,0.0,11:45:00,357.17,100,357.36,100,357.27,1500
13170,0.25,0.08,0.17,8.89,11:45:08,357.17,200,357.31,100,357.2478,200
13196,0.23,0.07,0.16,16.71,11:45:16,356.79,100,357.2,100,356.9808,300
13229,0.39,0.22,0.17,26.969999999999995,11:45:26,356.9,100,357.19,100,357.0496,300
13252,0.24000000000000002,0.07,0.17,34.91,11:45:34,356.9,100,357.19,100,357.0595,300
13278,0.24000000000000002,0.07,0.17,0.0,11:46:00,356.91,200,357.1,200,357.0074,450
13371,0.44,0.23,0.21,41.98000000000001,11:46:41,356.96,200,357.18,100,357.08099999999996,200
13393,0.35,0.14,0.21,50.170000000000016,11:46:50,356.96,200,357.2,200,357.1599,200
13446,3.2800000000000002,2.99,0.29,5.7700000000000005,11:47:05,356.9,100,356.97,100,356.9299,300
13474,0.27,0.07,0.2,18.099999999999998,11:47:18,356.8,300,356.95,100,356.8563,100
13512,0.32,0.13,0.19,29.89,11:47:29,356.8,200,356.95,100,356.8853,300
13559,0.33,0.13,0.2,45.980000000000004,11:47:45,356.85,200,357.0,400,356.9231,450
13565,0.3,0.09,0.21,47.959999999999994,11:47:47,356.85,200,357.0,400,356.9205,270
13584,0.39,0.22,0.17,0.0,11:48:00,356.85,200,357.0,400,356.9113,300
13597,1.23,1.03,0.2,7.83,11:48:07,356.87,100,357.0,100,356.935,200
13640,0.42000000000000004,0.2,0.22,29.839999999999993,11:48:29,357.0,100,357.15,300,357.1388,1000
13665,0.27,0.07,0.2,37.89999999999999,11:48:37,356.92,100,357.15,300,357.0297,100
13671,0.31,0.09,0.22,39.82999999999999,11:48:39,356.92,100,357.14,100,356.911,2500
13754,3.1999999999999997,3.03,0.17,15.41,11:49:15,356.64,700,356.9,200,356.7864,100
13755,3.58,3.4,0.18,18.990000000000002,11:49:18,356.66,300,356.9,100,356.6401,2000
13758,0.54,0.26,0.28,20.19,11:49:20,356.66,300,356.89,100,356.788,100
13762,0.38,0.22,0.16,21.79,11:49:21,356.67,100,356.89,100,356.82099999999997,250
13775,0.24000000000000002,0.07,0.17,25.9,11:49:25,356.7,100,356.94,100,356.8669,450
13875,0.35,0.16,0.19,57.81000000000001,11:49:57,356.5,100,356.74,200,356.6203,450
13887,0.24000000000000002,0.07,0.17,0.0,11:50:00,356.51,200,356.74,100,356.6354,775
13903,0.24000000000000002,0.07,0.17,8.22,11:50:08,356.54,200,356.85,100,356.68,100
13907,0.24000000000000002,0.07,0.17,10.010000000000002,11:50:10,356.54,200,356.85,100,356.541,100
14001,0.33999999999999997,0.18,0.16,46.010000000000005,11:50:46,356.67,100,356.78,100,356.7032,450
14054,1.58,1.3,0.28,2.9000000000000004,11:51:02,356.68,200,356.78,100,356.681,602
14058,0.6000000000000001,0.27,0.33,8.49,11:51:08,356.68,200,356.78,100,356.7271,100
14103,0.4,0.15,0.25,28.069999999999993,11:51:28,356.67,100,356.77,100,356.6673,400
14215,0.29000000000000004,0.07,0.22,14.09,11:52:14,356.75,100,356.91,100,356.8513,1000
14263,0.41000000000000003,0.22,0.19,32.320000000000014,11:52:32,356.79,100,356.99,100,356.902,300
14299,0.32,0.15,0.17,44.08,11:52:44,356.98,100,357.16,100,357.07599999999996,500
14332,0.26,0.07,0.19,54.11,11:52:54,356.86,200,357.19,400,357.0359,100
14375,0.4,0.2,0.2,11.88,11:53:11,356.88,100,357.14,100,357.0264,280
14410,0.26,0.08,0.18,28.0,11:53:28,356.91,100,357.14,200,356.9928,800
14436,0.31000000000000005,0.14,0.17,36.04999999999999,11:53:36,356.94,100,357.14,200,357.0274,100
14470,0.25,0.07,0.18,48.03000000000002,11:53:48,356.96,100,357.13,100,357.0453,450
14487,0.42,0.24,0.18,54.26000000000004,11:53:54,356.96,100,357.13,100,357.045,300
14512,0.41000000000000003,0.21,0.2,6.63,11:54:06,357.0,100,357.14,200,357.1288,2500
14523,0.30000000000000004,0.07,0.23,12.679999999999998,11:54:12,357.0,100,357.14,200,357.12,100
14543,0.27,0.08,0.19,20.34,11:54:20,357.0,100,357.14,200,357.0616,100
14558,0.41000000000000003,0.21,0.2,24.730000000000008,11:54:24,357.0,100,357.14,300,357.126,100
14563,0.27,0.07,0.2,26.580000000000005,11:54:26,357.0,100,357.14,300,357.0749,100
14580,0.38,0.2,0.18,32.49000000000001,11:54:32,357.03,200,357.22,100,357.14,100
14592,0.38,0.19,0.19,36.41000000000001,11:54:36,357.03,100,357.22,100,357.1618,450
14654,0.39,0.22,0.17,0.0,11:55:00,357.17,100,357.35,100,357.2496,745
14689,3.07,2.76,0.31,20.11,11:55:20,357.19,100,357.35,100,357.1901,142
14727,0.32,0.12,0.2,34.31,11:55:34,357.35,300,357.49,100,357.4136,450
14776,0.38,0.18,0.2,52.18000000000003,11:55:52,357.46,300,357.59,200,357.57,500
14799,0.25,0.07,0.18,0.0,11:56:00,357.46,300,357.59,200,357.5116,600
14806,4.1499999999999995,3.84,0.31,6.049999999999999,11:56:06,357.27,200,357.46,200,357.3583,1500
14812,0.28,0.07,0.21,8.059999999999999,11:56:08,357.27,200,357.45,100,357.365,100
14815,0.33999999999999997,0.15,0.19,10.139999999999999,11:56:10,357.27,200,357.45,100,357.344,500
14822,1.77,1.53,0.24,14.819999999999999,11:56:14,357.27,300,357.45,100,357.32,100
14838,0.26,0.08,0.18,20.080000000000002,11:56:20,357.27,300,357.46,200,357.356,111
15020,0.35,0.18,0.17,14.41,11:57:14,357.3,200,357.45,100,357.435,102
15044,0.52,0.27,0.25,22.369999999999994,11:57:22,357.0,200,357.31,200,357.001,280
15088,0.29000000000000004,0.07,0.22,38.120000000000005,11:57:38,357.01,200,357.31,200,357.1778,450
15161,0.37,0.2,0.17,0.0,11:58:00,357.03,200,357.25,100,357.1096,1000
15175,0.24000000000000002,0.07,0.17,3.7800000000000002,11:58:03,357.03,200,357.25,100,357.031,800
15226,0.26,0.07,0.19,19.700000000000003,11:58:19,357.22,200,357.4,100,357.3353,200
15234,0.41000000000000003,0.21,0.2,22.14,11:58:22,357.22,200,357.37,100,357.3,100
15277,0.33999999999999997,0.15,0.19,5.71,11:59:05,357.26,200,357.38,200,357.3032,1000
15285,0.41000000000000003,0.21,0.2,10.229999999999999,11:59:10,357.27,100,357.38,200,357.3184,600
15318,0.27,0.07,0.2,21.730000000000004,11:59:21,357.27,200,357.38,200,357.38,100
15336,0.41000000000000003,0.21,0.2,28.06,11:59:28,357.29,100,357.49,100,357.37800000000004,100
15409,0.47000000000000003,0.2,0.27,4.090000000000001,12:00:04,357.34,200,357.46,100,357.392,1000
15419,0.43,0.21,0.22,7.960000000000001,12:00:07,357.0,300,357.28,200,357.17,100
15424,0.33,0.13,0.2,10.149999999999999,12:00:10,357.0,400,357.27,200,357.1232,200
15490,0.27,0.09,0.18,35.879999999999995,12:00:35,357.01,200,357.25,1500,357.0887,150
15522,0.39,0.23,0.16,45.84999999999999,12:00:45,357.03,200,357.25,1600,357.1269,117
15539,0.42000000000000004,0.17,0.25,51.86,12:00:51,357.07,100,357.25,1600,357.1528,100
15584,3.4099999999999997,3.09,0.32,0.0,12:01:00,357.11,100,357.25,1400,357.24,100
15658,0.35,0.18,0.17,31.119999999999973,12:01:31,357.21,200,357.45,200,357.335,100
15672,0.23,0.07,0.16,34.909999999999954,12:01:34,357.22,200,357.45,100,357.449,3000
15749,0.32,0.07,0.25,21.970000000000002,12:02:21,357.15,100,357.37,200,357.2468,775
15857,0.24000000000000002,0.07,0.17,55.84999999999999,12:02:55,357.16,200,357.34,100,357.2033,1000
15944,0.28,0.08,0.2,3.87,12:03:03,357.3,100,357.4,100,357.341,192
15969,0.38,0.19,0.19,11.939999999999996,12:03:11,357.31,100,357.45,100,357.4205,450
16198,3.4699999999999998,3.23,0.24,15.829999999999998,12:05:15,357.4,100,357.49,100,357.44,100
16199,0.36,0.18,0.18,16.189999999999998,12:05:16,357.42,100,357.49,100,357.4387,450
16226,0.4,0.24,0.16,25.72,12:05:25,357.23,100,357.47,200,357.3356,150
16326,0.4,0.21,0.19,58.12,12:05:58,357.26,200,357.44,100,357.3607,100
16433,0.26,0.07,0.19,16.159999999999997,12:06:16,357.02,100,357.14,100,357.1285,165
16454,0.36,0.18,0.18,24.11,12:06:24,357.02,100,357.14,100,357.075,100
16466,0.28,0.07,0.21,28.130000000000003,12:06:28,356.98,100,357.19,100,357.1212,306
16615,0.28,0.07,0.21,36.120000000000005,12:07:36,357.0,100,357.13,100,357.11,100
16673,0.32,0.14,0.18,14.18,12:08:14,357.06,100,357.24,100,357.1754,500
16817,1.47,1.24,0.23,4.0200000000000005,12:09:04,357.1,300,357.24,100,357.1954,450
16964,0.44,0.18,0.26,0.0,12:10:00,357.07,100,357.23,100,357.1488,160
17087,0.41000000000000003,0.24,0.17,47.899999999999956,12:10:47,357.15,300,357.31,100,357.309,300
17142,0.37,0.18,0.19,3.71,12:11:03,357.15,200,357.31,100,357.2316,450
17172,0.36,0.19,0.17,17.93,12:11:17,357.16,200,357.31,100,357.2095,400
17301,0.36,0.18,0.18,0.0,12:12:00,357.19,100,357.35,500,357.349,100
17420,0.26,0.08,0.18,49.730000000000004,12:12:49,357.19,200,357.33,100,357.2419,200
17434,0.3,0.09,0.21,53.980000000000004,12:12:53,357.19,200,357.33,100,357.19,100
17688,0.49,0.19,0.3,4.460000000000001,12:14:04,357.17,100,357.27,200,357.2516,200
17692,0.39,0.13,0.26,6.0,12:14:06,357.17,100,357.27,200,357.2152,450
17749,0.36000000000000004,0.08,0.28,0.0,12:15:00,357.21,100,357.36,200,357.3052,500
17777,1.45,1.17,0.28,20.18,12:15:20,357.39,100,357.5,1500,357.413,250
17803,0.30000000000000004,0.07,0.23,29.720000000000002,12:15:29,357.4,1800,357.5,1500,357.4999,3500
17849,0.41000000000000003,0.22,0.19,45.50000000000003,12:15:45,357.4,100,357.5,1500,357.4001,3500
17963,0.42,0.21,0.21,18.19000000000001,12:16:18,357.3,100,357.48,100,357.406,170
18014,0.44000000000000006,0.17,0.27,35.88000000000002,12:16:35,357.3,100,357.48,100,357.3962,400
18058,0.29000000000000004,0.12,0.17,0.0,12:17:00,357.3,100,357.48,100,357.3729,100
18064,0.23,0.07,0.16,1.9800000000000002,12:17:01,357.3,200,357.39,200,357.3153,5000
18124,0.23,0.07,0.16,30.07999999999999,12:17:30,357.36,100,357.5,1500,357.361,100
18141,0.34,0.17,0.17,35.17999999999999,12:17:35,357.3,100,357.42,100,357.3432,500
18156,0.25,0.09,0.16,39.879999999999995,12:17:39,357.3,100,357.48,200,357.3885,330
18338,0.33999999999999997,0.18,0.16,45.93999999999998,12:18:45,357.31,200,357.44,100,357.38300000000004,300
18486,0.25,0.08,0.17,27.939999999999998,12:19:27,357.46,200,357.59,100,357.5388,400
18500,0.26,0.09,0.17,31.979999999999997,12:19:31,357.46,300,357.59,100,357.5205,100
18519,0.30000000000000004,0.13,0.17,38.370000000000005,12:19:38,357.48,100,357.6,100,357.5575,1500
18573,0.26,0.09,0.17,10.87,12:20:10,357.52,200,357.65,200,357.649,100
18580,1.5,1.25,0.25,16.4,12:20:16,357.66,100,357.71,100,357.6902,100
18587,1.26,1.04,0.22,20.019999999999996,12:20:20,357.66,500,357.75,400,357.67900000000003,100
18598,0.31,0.08,0.23,23.95,12:20:23,357.66,600,357.75,300,357.7028,450
18604,0.41000000000000003,0.21,0.2,26.279999999999998,12:20:26,357.66,700,357.75,300,357.75,200
18628,0.28,0.07,0.21,34.0,12:20:34,357.71,300,357.8,1000,357.7453,100
18641,0.27,0.09,0.18,38.04,12:20:38,357.71,300,357.8,1000,357.7473,500
18678,0.29000000000000004,0.07,0.22,50.21,12:20:50,357.73,100,357.8,200,357.7786,100
18689,0.24000000000000002,0.07,0.17,54.120000000000005,12:20:54,357.73,100,357.85,200,357.74,100
18695,0.37,0.17,0.2,56.32,12:20:56,357.53,100,357.71,100,357.6308,400
18726,0.39,0.23,0.16,11.71,12:21:11,357.66,100,357.75,100,357.705,100
18738,0.5700000000000001,0.28,0.29,18.34,12:21:18,357.67,100,357.75,100,357.7365,168
18747,0.32,0.12,0.2,23.84,12:21:23,357.69,200,357.84,100,357.83,200
18775,0.38,0.17,0.21,33.879999999999995,12:21:33,357.77,200,357.86,200,357.84,100
18781,0.5900000000000001,0.26,0.33,36.099999999999994,12:21:36,357.78,100,357.86,200,357.8228,102
18808,0.25,0.07,0.18,45.870000000000005,12:21:45,357.58,100,357.71,200,357.6869,200
18855,0.34,0.14,0.2,2.0100000000000002,12:22:02,357.43,100,357.62,200,357.4984,500
18875,0.25,0.07,0.18,12.21,12:22:12,357.43,100,357.62,400,357.5421,250
18966,0.41000000000000003,0.23,0.18,48.07,12:22:48,357.45,100,357.61,500,357.522,140
18981,0.42,0.21,0.21,53.3,12:22:53,357.45,100,357.61,500,357.4932,500
19019,0.5800000000000001,0.27,0.31,2.45,12:23:02,357.32,100,357.46,100,357.3851,100
19138,0.37,0.14,0.23,51.94000000000001,12:23:51,357.2,100,357.33,100,357.2429,1000
19164,0.44,0.19,0.25,0.0,12:24:00,357.21,100,357.31,100,357.26599999999996,100
19202,0.29000000000000004,0.09,0.2,17.88,12:24:17,356.89,100,357.13,200,356.986,500
19293,0.43000000000000005,0.09,0.34,0.0,12:25:00,356.92,100,357.12,600,357.0516,600
19310,0.38,0.14,0.24,7.97,12:25:07,356.92,100,357.1,100,357.0097,100
19372,0.42000000000000004,0.2,0.22,40.14,12:25:40,357.08,100,357.27,200,357.135,200
19377,0.4,0.17,0.23,41.959999999999994,12:25:41,357.08,100,357.27,100,357.1737,200
19421,0.47,0.23,0.24,58.19,12:25:58,357.08,100,357.17,400,357.195,172
19445,0.43,0.21,0.22,8.01,12:26:08,357.09,100,357.28,100,357.1704,250
19453,0.29,0.08,0.21,13.699999999999998,12:26:13,357.1,100,357.28,100,357.166,1000
19481,0.38,0.17,0.21,25.86,12:26:25,357.11,100,357.28,200,357.2161,500
19486,0.28,0.07,0.21,27.67,12:26:27,357.11,100,357.28,200,357.2035,250
19498,0.53,0.28,0.25,32.06000000000001,12:26:32,357.1,200,357.26,100,357.1922,450
19515,0.41000000000000003,0.2,0.21,38.10000000000001,12:26:38,357.11,100,357.28,200,357.1848,315
19521,0.39,0.18,0.21,40.080000000000005,12:26:40,357.11,100,357.28,200,357.1953,100
19556,0.48,0.21,0.27,53.86,12:26:53,356.9,100,357.14,200,356.9991,600
19567,0.49,0.27,0.22,0.0,12:27:00,356.9,100,357.12,200,357.0035,300
19587,1.59,1.29,0.3,12.740000000000002,12:27:12,356.57,200,356.83,100,356.6879,450
19588,2.2800000000000002,2.06,0.22,15.020000000000003,12:27:15,356.57,200,356.75,100,356.665,200
19592,0.25,0.07,0.18,16.990000000000002,12:27:16,356.58,100,356.74,100,356.6537,300
19642,0.37,0.19,0.18,35.81,12:27:35,356.76,100,357.0,200,356.8449,200
19694,0.24000000000000002,0.07,0.17,51.59999999999998,12:27:51,356.76,100,357.0,200,356.8797,200
19757,3.4000000000000004,3.2,0.2,0.0,12:28:00,356.66,100,356.82,200,356.74800000000005,100
19764,1.7,1.5,0.2,3.6100000000000003,12:28:03,356.56,100,356.74,100,356.7175,1000
19802,0.26,0.08,0.18,16.12,12:28:16,356.6,100,356.93,100,356.7374,100
19814,0.37,0.18,0.19,20.03,12:28:20,356.6,100,356.92,200,356.6398,1000
19820,0.27,0.07,0.2,21.990000000000002,12:28:21,356.6,100,356.92,200,356.744,100
19838,0.35,0.14,0.21,28.010000000000012,12:28:28,356.6,100,356.84,200,356.7203,189
19918,0.33,0.08,0.25,12.04,12:29:12,356.73,200,356.97,900,356.81800000000004,250
20017,0.45999999999999996,0.21,0.25,48.24000000000001,12:29:48,356.77,200,356.97,900,356.898,600
20128,0.27,0.07,0.2,37.73000000000001,12:30:37,356.7,300,356.86,100,356.7716,200
20207,0.33,0.14,0.19,7.820000000000001,12:31:07,356.72,200,356.89,100,356.8125,450
20323,0.23,0.07,0.16,51.76999999999998,12:31:51,356.9,200,357.13,100,357.0026,189
20336,0.32,0.07,0.25,55.829999999999984,12:31:55,356.98,100,357.14,100,357.0565,100
20360,0.3,0.08,0.22,2.26,12:32:02,357.05,300,357.33,200,357.1434,450
20371,0.35,0.17,0.18,15.999999999999998,12:32:15,357.06,300,357.15,100,357.0899,900
20502,0.42000000000000004,0.23,0.19,8.06,12:33:08,356.86,100,356.98,100,356.9473,280
20787,0.34,0.17,0.17,34.0,12:34:34,356.84,100,357.04,300,356.9422,450
20854,0.39,0.21,0.18,14.000000000000002,12:35:14,356.92,200,357.09,100,357.005,100
20878,0.31000000000000005,0.14,0.17,21.809999999999995,12:35:21,357.09,200,357.23,100,357.2288,986
20892,0.25,0.08,0.17,25.76999999999999,12:35:25,357.09,200,357.21,100,357.1632,250
20899,0.45,0.27,0.18,28.20999999999999,12:35:28,357.09,200,357.21,100,357.1492,200
21042,0.39,0.23,0.16,2.18,12:36:02,356.81,200,357.18,200,356.9765,375
21127,0.26,0.08,0.18,0.0,12:37:00,356.61,500,356.84,200,356.7053,250
21135,2.8600000000000003,2.6,0.26,5.140000000000001,12:37:05,356.62,100,356.84,100,356.7004,600
21192,0.28,0.07,0.21,25.830000000000005,12:37:25,356.65,200,356.84,100,356.777,250
21303,0.42000000000000004,0.2,0.22,0.0,12:38:00,356.83,200,356.96,100,356.8872,400
21429,0.23,0.07,0.16,6.9300000000000015,12:39:06,356.74,200,357.0,200,356.85699999999997,343
21450,0.41000000000000003,0.24,0.17,13.140000000000004,12:39:13,356.75,200,357.0,200,356.7975,100
21631,0.27,0.07,0.2,17.819999999999993,12:40:17,356.71,100,356.83,100,356.7702,260
21699,0.34,0.17,0.17,29.9,12:41:29,357.0,300,357.1,100,357.105,100
21766,0.38,0.18,0.2,52.13000000000002,12:41:52,357.0,200,357.23,100,357.1132,200
21786,149.10999999999999,148.89,0.22,0.0,12:44:00,357.08,200,357.21,100,357.14599999999996,450
22027,0.87,0.6,0.27,4.91,12:46:04,357.11,100,357.23,100,357.1436,150
22199,0.38,0.21,0.17,23.949999999999996,12:47:23,357.24,100,357.35,200,357.3016,375
22254,0.41000000000000003,0.2,0.21,41.90000000000003,12:47:41,357.24,200,357.35,200,357.295,100
22279,0.4,0.21,0.19,50.11000000000003,12:47:50,357.24,200,357.33,200,357.276,250
22329,0.32999999999999996,0.09,0.24,5.890000000000001,12:48:05,357.17,200,357.3,100,357.2304,100
22330,3.4400000000000004,3.16,0.28,9.330000000000002,12:48:09,357.17,200,357.3,100,357.235,100
22384,0.35,0.17,0.18,29.800000000000008,12:48:29,357.33,200,357.48,200,357.415,100
22402,0.23,0.07,0.16,35.710000000000015,12:48:35,357.33,200,357.46,200,357.408,400
22598,0.34,0.17,0.17,49.890000000000015,12:49:49,357.34,100,357.44,100,357.3893,200
22603,0.43,0.24,0.19,51.96000000000001,12:49:51,357.34,100,357.44,100,357.399,100
22642,3.65,3.29,0.36,21.06,12:50:21,357.17,100,357.33,200,357.2148,100
22688,0.33,0.14,0.19,36.24000000000001,12:50:36,357.21,200,357.4,100,357.2784,1000
22712,0.27,0.07,0.2,43.94000000000003,12:50:43,357.22,100,357.4,100,357.3262,200
22806,0.25,0.07,0.18,13.729999999999999,12:51:13,357.22,200,357.39,100,357.3042,200
23100,0.25,0.07,0.18,0.0,12:53:00,357.02,200,357.19,100,357.099,100
23501,0.36,0.19,0.17,41.22000000000001,12:55:41,357.15,1200,357.27,100,357.2637,500
23522,0.24,0.08,0.16,47.200000000000024,12:55:47,357.13,100,357.27,100,357.2028,350
23609,0.35,0.18,0.17,27.98999999999999,12:56:27,357.16,1500,357.27,100,357.2597,450
23708,0.25,0.07,0.18,0.0,12:57:00,357.18,200,357.27,100,357.2628,100
23727,1.4,1.21,0.19,16.88,12:57:16,357.04,200,357.25,1500,357.1378,450
23759,0.30000000000000004,0.14,0.16,27.91,12:57:27,357.03,1700,357.21,100,357.209,200
23765,0.33999999999999997,0.18,0.16,29.77,12:57:29,357.03,1700,357.21,100,357.1038,200
23790,0.36,0.2,0.16,37.83999999999999,12:57:37,357.04,200,357.21,100,357.11199999999997,100
23951,0.41000000000000003,0.21,0.2,36.079999999999984,12:58:36,357.0,100,357.08,200,357.0404,200
23973,0.24,0.08,0.16,43.79999999999997,12:58:43,357.01,100,357.15,100,357.1057,140
24322,0.24,0.08,0.16,0.0,13:02:00,356.99,100,357.1,100,357.0231,450
24399,0.4,0.24,0.16,24.109999999999996,13:02:24,357.02,100,357.15,300,357.0847,450
24405,0.36,0.2,0.16,25.879999999999995,13:02:25,357.02,100,357.15,200,357.0857,100
24566,0.33999999999999997,0.18,0.16,51.5,13:03:51,357.08,100,357.19,400,357.1075,420
24609,0.44,0.25,0.19,0.0,13:04:00,357.04,100,357.18,100,357.0886,243
24704,0.32999999999999996,0.12,0.21,34.38,13:04:34,356.92,200,357.06,100,356.9256,400
24923,0.32,0.08,0.24,0.0,13:09:00,356.4,1600,356.65,200,356.5134,100
24933,1.82,1.58,0.24,4.83,13:09:04,356.44,100,356.65,200,356.6149,404
25103,0.3,0.08,0.22,7.629999999999999,13:10:07,356.55,100,356.67,100,356.6091,450
25133,0.33,0.16,0.17,17.749999999999993,13:10:17,356.57,100,356.71,100,356.6447,250
25151,0.27,0.09,0.18,23.72999999999999,13:10:23,356.63,100,356.76,100,356.6358,101
25165,0.39,0.18,0.21,27.889999999999986,13:10:27,356.63,200,356.76,100,356.685,100
25262,0.43,0.08,0.35,22.39,13:11:22,356.5,100,356.67,400,356.5576,100
25509,0.61,0.2,0.41,0.0,13:13:00,356.58,100,356.73,100,356.63199999999995,800
25773,0.63,0.15,0.48,23.159999999999993,13:16:23,356.6,100,356.7,100,356.6479,200
25816,0.5800000000000001,0.27,0.31,0.0,13:17:00,356.66,300,356.84,200,356.7851,800
25860,0.6000000000000001,0.07,0.53,27.030000000000005,13:17:27,356.5,200,356.7,200,356.5161,150
25948,0.59,0.12,0.47,2.37,13:18:02,356.51,100,356.61,100,356.56,100
25977,0.58,0.08,0.5,17.97,13:18:17,356.62,100,356.81,100,356.7184,100
26097,1.2000000000000002,0.4,0.8,18.959999999999997,13:20:18,356.53,200,356.75,200,356.705,100
26257,0.59,0.21,0.38,0.0,13:22:00,356.78,100,356.93,100,356.9258,100
26400,0.64,0.08,0.56,27.64999999999999,13:23:27,356.76,100,356.87,200,356.8096,250
26406,0.77,0.18,0.59,31.99999999999999,13:23:31,356.76,100,356.87,200,356.80800000000005,200
26446,4.06,3.4,0.66,11.06,13:24:11,357.03,100,357.13,100,357.0484,300
26497,1.5699999999999998,0.4,1.17,55.75000000000001,13:24:55,356.78,100,356.92,200,356.841,110
26516,1.2200000000000002,0.12,1.1,11.819999999999999,13:25:11,356.91,100,357.05,100,356.9522,100
26519,1.21,0.12,1.09,15.619999999999997,13:25:15,356.91,100,357.05,100,357.0499,150
26582,1.0,0.07,0.93,0.0,13:26:00,356.95,100,357.11,100,357.0373,200
26599,1.0,0.07,0.93,18.580000000000002,13:26:18,356.74,100,357.03,200,356.8668,450
26680,1.21,0.18,1.03,21.65,13:28:21,356.81,100,356.95,100,356.8452,200
26702,3.01,1.71,1.3,10.010000000000002,13:29:10,356.76,200,356.99,100,356.8954,500
26743,1.21,0.19,1.02,0.0,13:30:00,356.83,100,356.95,100,356.9326,100
26760,1.41,0.22,1.19,22.359999999999996,13:30:22,356.83,100,356.95,100,356.8982,100
26765,1.01,0.14,0.87,28.369999999999997,13:30:28,356.83,100,356.95,100,356.9236,200
26773,1.2000000000000002,0.13,1.07,38.769999999999996,13:30:38,356.9,100,356.99,100,356.9561,100
26779,1.19,0.3,0.89,46.169999999999995,13:30:46,356.98,100,357.12,100,357.0503,450
26796,1.38,0.2,1.18,14.59,13:31:14,356.86,100,357.05,200,357.0481,500
26802,1.03,0.08,0.95,21.62,13:31:21,356.86,100,357.04,100,356.9088,109
26847,1.42,0.24,1.18,0.0,13:32:00,356.89,100,357.05,200,356.9935,200
26857,1.21,0.2,1.01,13.830000000000002,13:32:13,356.89,100,357.05,200,356.9597,200
26863,1.7,0.17,1.53,22.999999999999996,13:32:22,356.9,100,357.05,200,356.9758,236
26913,1.1800000000000002,0.08,1.1,0.0,13:34:00,356.82,100,356.94,100,356.865,100
26981,1.2,0.18,1.02,18.45,13:35:18,356.8,100,356.89,100,356.8201,100
27067,1.01,0.29,0.72,12.21,13:37:12,356.52,200,356.71,200,356.596,500
27072,1.03,0.07,0.96,21.840000000000003,13:37:21,356.53,2400,356.66,300,356.6143,300
27088,1.59,0.27,1.32,38.780000000000015,13:37:38,356.52,400,356.73,200,356.655,100
27101,1.4000000000000001,0.07,1.33,55.19000000000002,13:37:55,356.53,2700,356.62,300,356.535,200
27132,1.5699999999999998,0.35,1.22,36.98,13:38:36,356.42,200,356.56,200,356.495,200
27163,3.2,2.2,1.0,8.43,13:39:08,356.46,100,356.54,100,356.5129,775
27320,1.1800000000000002,0.07,1.11,7.01,13:43:07,356.53,3000,356.6,200,356.5624,400
27361,1.23,0.07,1.16,9.23,13:44:09,356.55,1000,356.68,100,356.6153,450
27364,4.77,3.8,0.97,16.009999999999998,13:44:16,356.55,100,356.68,100,356.6371,450
27372,1.2,0.17,1.03,25.419999999999995,13:44:25,356.55,100,356.7,100,356.6238,450
27423,1.2100000000000002,0.09,1.12,0.0,13:45:00,356.39,100,356.58,100,356.485,100
27449,1.02,0.2,0.82,27.19,13:45:27,356.42,200,356.55,100,356.4803,500
27502,1.21,0.07,1.14,0.0,13:47:00,356.46,100,356.58,100,356.4601,500
27561,2.6,1.57,1.03,19.990000000000006,13:48:19,356.55,100,356.67,100,356.60699999999997,325
27597,1.01,0.22,0.79,55.389999999999986,13:48:55,356.27,200,356.53,100,356.398,450
27611,0.99,0.09,0.9,0.0,13:49:00,356.27,100,356.43,200,356.3497,200
27649,0.81,0.14,0.67,39.82000000000001,13:49:39,356.25,100,356.35,300,356.2936,100
27653,0.99,0.08,0.91,43.610000000000014,13:49:43,356.26,3000,356.34,100,356.2986,100
27671,2.18,1.09,1.09,15.18,13:50:15,356.13,200,356.31,100,356.2577,205
27675,1.19,0.18,1.01,19.98,13:50:19,356.21,100,356.39,100,356.249,270
27679,1.02,0.24,0.78,23.819999999999997,13:50:23,356.21,100,356.39,100,356.3014,100
27690,0.81,0.14,0.67,34.209999999999994,13:50:34,356.1,100,356.34,200,356.1026,1400
27700,1.01,0.14,0.87,46.19999999999999,13:50:46,355.91,1000,356.08,100,355.94,100
27724,0.81,0.07,0.74,20.979999999999997,13:51:20,356.13,200,356.32,200,356.1605,182
27738,1.03,0.07,0.96,38.01,13:51:38,356.1,100,356.31,200,356.1947,100
27739,1.1800000000000002,0.25,0.93,39.19,13:51:39,356.1,100,356.25,200,356.184,775
27773,0.99,0.26,0.73,15.610000000000001,13:52:15,356.01,100,356.2,200,356.0938,140
27775,0.99,0.21,0.78,17.41,13:52:17,356.01,100,356.2,200,356.1035,450
27826,1.42,0.65,0.77,5.62,13:53:05,356.0,100,356.15,100,356.0747,450
27838,1.03,0.22,0.81,19.64,13:53:19,356.01,100,356.15,100,356.0844,225
27868,1.16,0.18,0.98,0.0,13:54:00,356.16,100,356.31,200,356.3099,1775
27883,3.41,2.69,0.72,20.63,13:54:20,356.25,100,356.42,100,356.3306,100
27893,1.19,0.23,0.96,30.419999999999995,13:54:30,356.2,100,356.42,200,356.3117,450
27953,1.3900000000000001,0.29,1.1,6.220000000000001,13:55:06,356.34,100,356.46,100,356.3635,150
27971,1.3900000000000001,0.09,1.3,3.97,13:56:03,356.36,100,356.46,100,356.4063,100
28019,0.98,0.15,0.83,53.17,13:56:53,356.08,100,356.31,200,356.1877,100
28033,4.21,3.56,0.65,0.0,13:57:00,356.08,100,356.31,200,356.091,100
28091,3.21,2.0,1.21,5.21,13:58:05,355.82,4300,356.11,100,356.0203,450
28137,1.03,0.08,0.95,13.41,13:59:13,355.65,100,355.9,200,355.7854,475
28142,1.02,0.09,0.93,19.41,13:59:19,355.7,200,355.9,200,355.79900000000004,200
