,Total Delay,Request Delay,Saving Delay,Arrival Time,Time,Bid,Bid Size,Ask,Ask Size,Last Price,Last Size
0,0.6499999999999999,0.3,0.35,0.6499999999999999,09:30:00,93.0,600,93.17,2000,93.0799,100
22,0.3,0.08,0.22,8.47,09:30:08,92.91,800,93.03,200,93.0,100
77,1.79,1.43,0.36,0.0,09:31:00,92.91,400,93.0,500,92.91,100
80,1.4100000000000001,1.07,0.34,2.79,09:31:02,92.92,100,93.0,500,92.98,100
133,0.26,0.07,0.19,21.330000000000002,09:31:21,92.94,500,93.2,900,93.07,100
200,2.27,2.05,0.22,0.0,09:32:00,93.01,500,93.17,200,93.17,100
220,0.37,0.21,0.16,14.069999999999999,09:32:14,93.02,400,93.16,1500,93.03,100
258,0.39,0.22,0.17,26.549999999999994,09:32:26,93.04,300,93.09,100,93.09,100
283,0.25,0.09,0.16,34.35000000000001,09:32:34,93.04,1800,93.16,100,93.1,100
309,0.25,0.07,0.18,42.53000000000002,09:32:42,93.05,200,93.17,100,93.16,100
343,2.23,1.98,0.25,0.0,09:33:00,93.07,1700,93.16,500,93.11,100
354,2.19,1.96,0.23,9.16,09:33:09,93.13,1700,93.2,900,93.2,100
359,0.35,0.18,0.17,12.43,09:33:12,93.13,1800,93.19,400,93.19,100
370,0.66,0.28,0.38,18.680000000000003,09:33:18,93.13,400,93.18,100,93.18,100
405,0.5700000000000001,0.28,0.29,30.550000000000008,09:33:30,93.08,100,93.14,200,93.13,100
412,0.47000000000000003,0.27,0.2,32.56,09:33:32,93.06,100,93.14,100,93.08,100
486,0.25,0.07,0.18,2.14,09:34:02,92.91,100,93.0,300,92.95,150
503,0.44,0.22,0.22,8.04,09:34:08,92.78,200,92.86,200,92.85,100
508,1.78,1.57,0.21,11.239999999999998,09:34:11,92.82,100,93.07,200,92.82,100
509,2.14,1.95,0.19,13.379999999999999,09:34:13,92.84,200,93.06,100,92.931,300
540,0.35,0.13,0.22,31.939999999999994,09:34:31,92.91,100,93.06,100,92.92,100
546,0.45,0.2,0.25,34.08,09:34:34,92.83,200,92.93,200,92.84,100
556,0.47000000000000003,0.28,0.19,38.279999999999994,09:34:38,92.83,200,92.93,300,92.929,500
594,0.38,0.14,0.24,52.279999999999994,09:34:52,92.86,700,92.89,100,92.83,100
600,0.35000000000000003,0.08,0.27,54.38999999999999,09:34:54,92.86,700,92.92,100,92.9,100
604,0.4,0.12,0.28,56.21999999999999,09:34:56,92.88,100,92.98,100,92.93,100
609,0.49,0.2,0.29,58.589999999999996,09:34:58,92.93,300,93.12,200,93.02,100
628,0.45,0.22,0.23,0.0,09:35:00,92.94,300,93.06,100,92.99,100
641,0.4,0.18,0.22,5.91,09:35:05,92.91,200,93.06,200,92.94,100
686,0.6200000000000001,0.28,0.34,22.700000000000003,09:35:22,92.91,300,92.98,300,92.945,100
810,0.4,0.12,0.28,23.229999999999997,09:36:23,92.93,100,93.03,800,93.025,100
931,0.5,0.07,0.43,26.610000000000003,09:37:26,92.97,200,93.05,100,93.05,100
943,0.37,0.07,0.3,31.890000000000008,09:37:31,92.95,100,93.05,100,92.97,100
1016,4.37,4.13,0.24,4.37,09:38:04,92.96,200,93.06,800,93.01,100
1445,0.36,0.07,0.29,18.139999999999993,09:41:18,92.97,100,93.02,100,93.015,100
1809,0.27,0.08,0.19,0.0,09:44:00,93.02,300,93.07,100,93.021,146
1945,0.43,0.18,0.25,56.300000000000026,09:44:56,93.02,100,93.09,700,93.0492,550
2005,0.43,0.07,0.36,30.040000000000006,09:45:30,93.01,1400,93.05,100,93.04,100
2071,0.53,0.25,0.28,55.84000000000002,09:45:55,93.06,100,93.15,500,93.14,100
2087,0.56,0.27,0.29,0.0,09:46:00,93.07,1500,93.15,100,93.105,100
2110,0.37,0.1,0.27,10.219999999999999,09:46:10,93.12,1400,93.18,200,93.15,100
2115,0.34,0.08,0.26,13.95,09:46:13,93.17,200,93.23,300,93.21,100
2116,2.6999999999999997,2.32,0.38,16.65,09:46:16,93.17,300,93.23,200,93.23,100
2135,0.41000000000000003,0.2,0.21,26.080000000000002,09:46:26,93.19,300,93.25,1700,93.225,100
2158,0.32999999999999996,0.09,0.24,34.14000000000001,09:46:34,93.21,800,93.25,100,93.25,100
2209,0.53,0.27,0.26,52.00000000000003,09:46:52,93.2,300,93.28,100,93.28,100
2221,0.44,0.22,0.22,56.23000000000003,09:46:56,93.27,100,93.3,600,93.27,100
2227,0.25,0.07,0.18,0.0,09:47:00,93.27,100,93.3,600,93.285,100
2258,0.44,0.23,0.21,15.81,09:47:15,93.25,100,93.29,700,93.29,133
2273,0.37,0.2,0.17,21.899999999999995,09:47:21,93.26,100,93.32,100,93.3,552
2279,0.5,0.21,0.29,24.439999999999994,09:47:24,93.26,100,93.33,100,93.32,118
2304,0.44,0.18,0.26,34.249999999999986,09:47:34,93.26,500,93.34,300,93.31,100
2309,0.32999999999999996,0.09,0.24,36.40999999999999,09:47:36,93.31,200,93.34,100,93.34,200
2315,0.25,0.07,0.18,38.16,09:47:38,93.29,100,93.34,200,93.33,100
2347,0.42,0.21,0.21,50.059999999999995,09:47:50,93.31,200,93.36,100,93.35,100
2373,0.39,0.2,0.19,0.0,09:48:00,93.32,100,93.38,300,93.36,100
2389,0.31,0.09,0.22,5.930000000000001,09:48:05,93.33,300,93.38,100,93.38,100
2409,0.31,0.08,0.23,15.780000000000003,09:48:15,93.33,100,93.38,300,93.37,100
2464,0.47,0.22,0.25,38.12999999999999,09:48:38,93.25,300,93.3,100,93.26,100
2706,0.30000000000000004,0.07,0.23,14.030000000000001,09:50:14,93.24,100,93.27,100,93.24,100
2712,0.5,0.27,0.23,16.259999999999998,09:50:16,93.21,300,93.26,200,93.22,100
3098,0.28,0.07,0.21,15.669999999999998,09:53:15,93.35,500,93.39,200,93.3742,995
3106,0.75,0.54,0.21,20.21,09:53:20,93.37,300,93.41,200,93.4,400
3127,0.3,0.09,0.21,27.780000000000005,09:53:27,93.39,200,93.42,100,93.41,100
3140,0.34,0.17,0.17,31.650000000000002,09:53:31,93.38,100,93.42,100,93.39,100
3177,0.43,0.22,0.21,43.82999999999998,09:53:43,93.36,300,93.41,100,93.375,583
3189,0.44,0.23,0.21,47.779999999999966,09:53:47,93.38,100,93.41,100,93.385,200
3281,0.23,0.07,0.16,22.18,09:54:22,93.39,200,93.43,100,93.42,100
3306,0.26,0.08,0.18,30.190000000000005,09:54:30,93.39,100,93.43,200,93.4077,1000
3373,0.43,0.25,0.18,0.0,09:55:00,93.39,100,93.42,400,93.384,694
3398,0.33999999999999997,0.13,0.21,13.689999999999996,09:55:13,93.39,100,93.43,200,93.4018,900
3403,1.42,0.92,0.5,16.449999999999996,09:55:16,93.39,200,93.44,100,93.43,100
3418,0.4,0.07,0.33,23.759999999999994,09:55:23,93.41,100,93.45,300,93.446,360
3479,0.27,0.07,0.2,47.58000000000002,09:55:47,93.41,700,93.44,200,93.425,100
4104,3.3400000000000003,2.95,0.39,0.0,10:00:00,93.21,200,93.26,100,93.265,100
4125,0.73,0.27,0.46,13.700000000000001,10:00:13,93.24,400,93.33,100,93.2922,500
4190,0.54,0.08,0.46,43.56999999999998,10:00:43,93.34,200,93.4,1700,93.395,100
4256,0.29000000000000004,0.09,0.2,14.02,10:01:14,93.32,300,93.37,100,93.345,100
4467,0.37,0.13,0.24,48.03000000000001,10:02:48,93.34,200,93.38,100,93.3665,360
4473,0.25,0.08,0.17,49.91000000000001,10:02:49,93.34,200,93.37,100,93.3689,500
4536,0.25,0.08,0.17,18.530000000000005,10:03:18,93.35,400,93.38,200,93.3725,1000
4891,0.39,0.14,0.25,31.720000000000002,10:05:31,93.32,300,93.35,100,93.335,100
4896,0.30000000000000004,0.07,0.23,33.71999999999999,10:05:33,93.31,200,93.34,100,93.325,100
4969,0.24000000000000002,0.07,0.17,23.859999999999996,10:06:23,93.3,200,93.35,100,93.323,100
5092,0.33,0.17,0.16,0.0,10:07:00,93.28,300,93.34,100,93.3189,410
5278,0.36000000000000004,0.08,0.28,22.21,10:08:22,93.3,200,93.34,300,93.3225,200
5372,0.28,0.07,0.21,0.0,10:09:00,93.3,200,93.34,300,93.32600000000001,289
5379,0.32,0.09,0.23,6.410000000000001,10:09:06,93.3,200,93.34,300,93.314,369
5689,0.26,0.08,0.18,0.0,10:14:00,93.3,200,93.32,200,93.3153,292
5861,3.37,3.02,0.35,4.8100000000000005,10:15:04,93.26,200,93.29,300,93.271,500
5953,0.24,0.08,0.16,41.80000000000003,10:15:41,93.29,200,93.31,100,93.3056,235
6516,0.39,0.19,0.2,40.31000000000002,10:20:40,93.29,700,93.33,200,93.3124,400
6631,0.49,0.08,0.41,16.150000000000002,10:22:16,93.25,300,93.3,900,93.272,102
6637,2.21,1.94,0.27,21.610000000000003,10:22:21,93.25,300,93.3,900,93.275,100
7299,0.41000000000000003,0.23,0.18,17.69,10:28:17,93.31,400,93.32,100,93.3117,7000
7913,0.34,0.17,0.17,38.85000000000002,10:33:38,93.37,500,93.38,100,93.3732,375
7958,3.92,3.62,0.3,5.51,10:34:05,93.34,100,93.37,100,93.355,200
8134,1.78,0.08,1.7,50.22999999999999,10:35:50,93.41,500,93.43,1300,93.429,300
8148,0.59,0.08,0.51,4.17,10:36:04,93.43,300,93.46,100,93.44,195
8156,2.7600000000000002,2.24,0.52,12.75,10:36:12,93.43,700,93.46,100,93.45,100
8162,1.2,0.77,0.43,17.15,10:36:17,93.43,700,93.46,100,93.4413,165
8177,0.8300000000000001,0.19,0.64,26.58,10:36:26,93.46,100,93.47,100,93.47,135
8183,0.5900000000000001,0.14,0.45,30.37,10:36:30,93.47,100,93.49,200,93.48,739
8230,0.64,0.2,0.44,0.0,10:37:00,93.44,200,93.47,100,93.46,100
8436,0.8300000000000001,0.27,0.56,22.009999999999998,10:39:22,93.39,100,93.4,100,93.3973,100
8502,0.75,0.18,0.57,19.139999999999997,10:40:19,93.39,200,93.42,3700,93.405,200
8529,0.6,0.17,0.43,37.74000000000001,10:40:37,93.4,800,93.42,3600,93.4094,536
8551,0.57,0.08,0.49,51.88000000000003,10:40:51,93.41,600,93.46,300,93.435,100
8808,0.46,0.08,0.38,27.44,10:43:27,93.42,100,93.46,100,93.4335,575
8868,0.6200000000000001,0.07,0.55,21.740000000000006,10:44:21,93.42,200,93.46,400,93.4252,590
9077,0.6300000000000001,0.07,0.56,17.6,10:46:17,93.39,100,93.43,100,93.404,450
9285,0.45,0.13,0.32,0.0,10:49:00,93.35,100,93.37,300,93.3504,200
9424,0.44,0.07,0.37,33.96000000000001,10:50:33,93.33,200,93.35,100,93.3487,104
9588,0.64,0.17,0.47,36.22,10:52:36,93.28,100,93.31,100,93.2929,200
9683,0.57,0.09,0.48,32.38,10:53:32,93.28,200,93.33,300,93.305,100
9821,1.79,1.23,0.56,13.760000000000002,10:57:13,93.3,100,93.33,200,93.315,100
10020,0.6100000000000001,0.28,0.33,2.39,10:59:02,93.32,100,93.36,200,93.331,100
10038,0.5800000000000001,0.07,0.51,12.36,10:59:12,93.3,100,93.34,200,93.3137,100
10078,0.76,0.35,0.41,34.37,10:59:34,93.3,100,93.33,200,93.3063,100
10267,0.6000000000000001,0.07,0.53,8.15,11:04:08,93.37,600,93.39,200,93.3812,100
10459,0.74,0.31,0.43,34.15,11:06:34,93.31,100,93.33,100,93.3135,975
10529,1.39,0.94,0.45,10.8,11:07:10,93.35,100,93.38,100,93.3613,303
10669,0.62,0.24,0.38,38.260000000000005,11:08:38,93.31,100,93.34,200,93.3299,182
10703,0.43,0.07,0.36,0.0,11:09:00,93.34,300,93.38,300,93.3626,535
10710,0.59,0.21,0.38,4.17,11:09:04,93.34,500,93.38,300,93.353,500
10937,0.5900000000000001,0.27,0.32,40.04000000000002,11:11:40,93.34,500,93.36,100,93.3599,500
11078,0.8,0.19,0.61,27.94000000000001,11:13:27,93.34,100,93.37,100,93.3531,1024
11455,0.62,0.09,0.53,31.63999999999999,11:19:31,93.3,300,93.35,100,93.3406,293
11478,0.62,0.08,0.54,45.43999999999999,11:19:45,93.3,100,93.35,100,93.3159,106
11822,0.5900000000000001,0.07,0.52,0.0,11:24:00,93.3,300,93.35,200,93.309,200
12057,0.5700000000000001,0.13,0.44,0.0,11:28:00,93.32,100,93.36,200,93.3328,113
12063,0.74,0.07,0.67,0.0,11:29:00,93.35,200,93.38,200,93.365,4500
12289,0.44,0.07,0.37,10.83,11:32:10,93.31,400,93.33,100,93.3216,100
12389,1.38,0.79,0.59,10.84,11:33:10,93.3,200,93.31,100,93.3099,200
12395,0.5800000000000001,0.07,0.51,14.44,11:33:14,93.3,200,93.31,100,93.307,110
12625,0.98,0.41,0.57,2.2,11:37:02,93.4,200,93.43,100,93.415,300
12780,118.2,117.59,0.61,0.0,11:40:00,93.44,300,93.47,100,93.4496,500
12879,0.35,0.15,0.2,1.9899999999999998,11:42:01,93.46,400,93.49,100,93.475,300
12934,0.42000000000000004,0.22,0.2,27.82999999999999,11:42:27,93.46,200,93.49,100,93.4707,193
12987,0.27,0.07,0.2,45.87999999999999,11:42:45,93.46,200,93.49,200,93.4736,170
13176,0.34,0.17,0.17,8.020000000000001,11:45:08,93.46,200,93.49,200,93.48100000000001,100
13346,0.27,0.09,0.18,22.020000000000003,11:46:22,93.44,600,93.47,100,93.454,140
13461,2.77,2.55,0.22,7.220000000000001,11:47:07,93.48,500,93.49,100,93.485,100
13480,0.29000000000000004,0.07,0.22,13.350000000000001,11:47:13,93.48,200,93.49,300,93.49,100
13616,0.23,0.07,0.16,0.0,11:48:00,93.47,200,93.5,4200,93.5,100
13665,0.27,0.07,0.2,16.059999999999995,11:48:16,93.47,400,93.5,4200,93.4999,160
13701,0.26,0.08,0.18,28.100000000000005,11:48:28,93.47,400,93.5,4200,93.499,255
13774,0.23,0.07,0.16,16.009999999999998,11:49:16,93.47,500,93.5,4200,93.4768,500
13907,0.24000000000000002,0.07,0.17,2.0300000000000002,11:50:02,93.47,300,93.48,600,93.4757,1771
13976,0.25,0.08,0.17,30.029999999999998,11:50:30,93.46,400,93.47,200,93.469,505
14027,0.36,0.14,0.22,46.239999999999995,11:50:46,93.46,600,93.47,400,93.465,100
14164,0.28,0.1,0.18,50.17000000000001,11:51:50,93.47,1100,93.48,1100,93.4767,340
14384,0.32,0.12,0.2,0.0,11:53:00,93.47,100,93.49,100,93.4814,106
14487,0.42,0.24,0.18,34.209999999999994,11:53:34,93.47,800,93.49,200,93.4816,500
14568,0.27,0.07,0.2,0.0,11:54:00,93.49,400,93.53,100,93.51,400
14592,0.38,0.19,0.19,8.02,11:54:08,93.52,500,93.54,1000,93.53,100
14626,0.56,0.27,0.29,18.38,11:54:18,93.53,700,93.55,100,93.54,100
14643,0.43000000000000005,0.26,0.17,24.17999999999999,11:54:24,93.54,400,93.56,100,93.56,100
14700,0.37,0.17,0.2,26.020000000000007,11:55:26,93.53,900,93.56,100,93.55,100
14955,0.39,0.21,0.18,0.0,11:57:00,93.51,500,93.54,200,93.52,100
15009,0.47000000000000003,0.27,0.2,26.08,11:57:26,93.51,300,93.54,200,93.5205,336
15767,0.24000000000000002,0.07,0.17,28.1,12:02:28,93.54,500,93.58,100,93.58,100
15887,0.23,0.07,0.16,1.55,12:03:01,93.57,300,93.6,200,93.59,100
15909,1.04,0.87,0.17,12.409999999999997,12:03:12,93.57,400,93.6,200,93.6,100
15981,0.28,0.07,0.21,39.660000000000004,12:03:39,93.59,200,93.62,100,93.605,100
15987,0.46,0.23,0.23,41.690000000000005,12:03:41,93.6,300,93.63,200,93.62,100
16004,0.33,0.13,0.2,47.790000000000006,12:03:47,93.6,500,93.63,100,93.63,200
16042,0.42,0.21,0.21,7.819999999999999,12:04:07,93.6,200,93.62,1800,93.61,100
16185,0.37,0.2,0.17,0.0,12:05:00,93.58,500,93.63,300,93.6293,260
16296,0.42,0.18,0.24,46.300000000000004,12:05:46,93.59,200,93.63,100,93.615,400
16396,0.25,0.07,0.18,0.0,12:06:00,93.57,100,93.58,100,93.57,100
16817,1.47,1.24,0.23,0.0,12:09:00,93.55,200,93.58,200,93.5631,220
17338,0.38,0.19,0.19,6.220000000000001,12:12:06,93.56,200,93.59,1300,93.575,100
17618,2.25,2.02,0.23,9.04,12:14:09,93.6,400,93.62,100,93.6133,330
17753,0.45,0.13,0.32,0.0,12:15:00,93.65,100,93.67,100,93.66,100
17849,0.41000000000000003,0.22,0.19,43.67000000000003,12:15:43,93.63,600,93.67,400,93.6474,200
17862,0.42000000000000004,0.23,0.19,47.94000000000003,12:15:47,93.63,800,93.67,400,93.65,100
17880,0.29000000000000004,0.09,0.2,54.00000000000004,12:15:54,93.63,800,93.67,400,93.6524,100
17912,0.33,0.14,0.19,0.0,12:16:00,93.63,800,93.67,100,93.67,100
18211,0.36,0.19,0.17,39.54000000000001,12:17:39,93.67,300,93.69,400,93.68,100
18216,0.29000000000000004,0.12,0.17,0.0,12:18:00,93.67,400,93.69,100,93.69,100
18444,0.23,0.07,0.16,0.0,12:19:00,93.67,400,93.69,100,93.6788,500
18524,0.4,0.21,0.19,23.870000000000005,12:19:23,93.65,200,93.68,200,93.665,100
18716,2.56,2.35,0.21,5.35,12:21:05,93.67,500,93.7,100,93.7,100
18847,0.44,0.2,0.24,57.37,12:21:57,93.67,800,93.71,100,93.671,250
18879,0.44,0.24,0.2,11.929999999999998,12:22:11,93.67,400,93.7,100,93.6999,200
18990,0.28,0.08,0.2,53.96000000000001,12:22:53,93.67,400,93.7,100,93.685,100
19001,0.31,0.13,0.18,0.0,12:23:00,93.69,200,93.72,100,93.71,100
19139,0.47,0.26,0.21,56.48000000000002,12:23:56,93.69,900,93.73,100,93.73,100
19410,0.4,0.19,0.21,47.56,12:25:47,93.68,500,93.7,100,93.6935,200
19609,0.23,0.07,0.16,9.600000000000001,12:27:09,93.7,400,93.73,100,93.7289,1191
19925,0.33,0.13,0.2,0.0,12:29:00,93.66,300,93.7,300,93.6797,300
20756,0.23,0.07,0.16,0.0,12:34:00,93.63,300,93.67,200,93.631,100
20812,0.35,0.17,0.18,1.7599999999999998,12:35:01,93.63,100,93.67,300,93.64,100
20892,0.25,0.08,0.17,35.79,12:35:35,93.64,300,93.67,300,93.655,100
21406,44.300000000000004,43.96,0.34,0.0,12:39:00,93.53,500,93.55,100,93.5313,468
21426,0.33,0.17,0.16,6.110000000000001,12:39:06,93.53,600,93.55,100,93.537,200
21706,0.23,0.07,0.16,22.379999999999992,12:41:22,93.51,200,93.55,600,93.5381,182
21800,0.30000000000000004,0.14,0.16,4.68,12:44:04,93.47,300,93.5,100,93.4873,200
22024,0.43,0.21,0.22,0.0,12:46:00,93.51,200,93.52,200,93.515,115
22104,0.28,0.07,0.21,40.06,12:46:40,93.49,300,93.52,300,93.501,3600
22224,0.36,0.14,0.22,31.82,12:47:31,93.47,400,93.49,200,93.479,400
22499,0.4,0.24,0.16,0.0,12:49:00,93.48,300,93.52,300,93.5014,300
22637,3.49,3.21,0.28,0.0,12:50:00,93.44,600,93.49,300,93.4653,150
22658,0.44999999999999996,0.24,0.21,10.079999999999998,12:50:10,93.44,800,93.49,200,93.4626,496
23416,0.24000000000000002,0.07,0.17,20.779999999999998,12:55:20,93.42,900,93.43,400,93.4201,100
24158,0.28,0.12,0.16,23.630000000000003,13:01:23,93.42,200,93.45,400,93.4404,100
24481,0.33,0.14,0.19,27.88,13:03:27,93.43,400,93.45,100,93.4409,100
24765,1.44,1.26,0.18,0.0,13:05:00,93.43,500,93.45,100,93.4394,388
24774,0.23,0.07,0.16,9.21,13:05:09,93.43,700,93.45,100,93.4353,141
25235,3.9499999999999997,3.57,0.38,0.0,13:11:00,93.39,700,93.42,200,93.4086,116
25475,2.95,2.4,0.55,15.120000000000001,13:13:15,93.33,200,93.36,200,93.3414,297
25809,0.59,0.23,0.36,0.0,13:17:00,93.45,100,93.48,400,93.455,100
25813,0.6200000000000001,0.07,0.55,2.58,13:17:02,93.45,100,93.48,300,93.4692,1060
25815,3.83,3.22,0.61,10.41,13:17:10,93.45,400,93.48,100,93.4719,100
26216,0.61,0.24,0.37,40.010000000000005,13:21:40,93.49,800,93.5,300,93.4946,160
26232,0.45,0.13,0.32,49.42000000000001,13:21:49,93.47,500,93.49,300,93.4701,100
26412,0.62,0.1,0.52,2.02,13:23:02,93.47,800,93.49,100,93.4783,150
26517,1.19,0.17,1.02,7.219999999999999,13:25:07,93.45,300,93.47,400,93.4624,200
26535,1.19,0.39,0.8,27.85,13:25:27,93.45,200,93.48,400,93.4581,197
26600,1.22,0.23,0.99,0.0,13:27:00,93.43,300,93.45,200,93.4301,500
26760,1.41,0.22,1.19,30.99,13:30:30,93.43,200,93.45,100,93.431,150
26786,1.2,0.21,0.99,2.62,13:31:02,93.41,200,93.44,100,93.4248,300
26984,1.3800000000000001,0.07,1.31,0.0,13:35:00,93.47,700,93.49,100,93.47200000000001,188
27012,1.1800000000000002,0.1,1.08,0.0,13:36:00,93.45,400,93.48,100,93.46700000000001,900
27487,1.23,0.19,1.04,41.61000000000001,13:46:41,93.44,200,93.46,100,93.4433,113
27511,1.1800000000000002,0.08,1.1,12.809999999999999,13:47:12,93.46,500,93.47,200,93.4644,100
27572,1.1600000000000001,0.23,0.93,31.960000000000004,13:48:31,93.42,100,93.44,200,93.4399,206
27593,0.98,0.09,0.89,51.35999999999999,13:48:51,93.44,100,93.45,100,93.445,100
27630,1.19,0.14,1.05,0.0,13:49:00,93.43,400,93.46,400,93.4543,278
27710,1.3900000000000001,0.08,1.31,0.0,13:51:00,93.4,300,93.41,200,93.4046,100
27717,1.3699999999999999,0.23,1.14,9.379999999999999,13:51:09,93.39,400,93.41,300,93.4036,211
27721,1.2000000000000002,0.27,0.93,13.979999999999997,13:51:13,93.4,100,93.41,300,93.4069,178
27726,1.41,0.24,1.17,23.569999999999997,13:51:23,93.4,100,93.41,300,93.4032,131
27728,1.21,0.07,1.14,25.97,13:51:25,93.39,200,93.41,200,93.40700000000001,122
27754,1.1900000000000002,0.07,1.12,57.39000000000001,13:51:57,93.4,300,93.42,200,93.4125,196
27762,0.98,0.15,0.83,0.0,13:52:00,93.4,200,93.42,200,93.419,161
27823,0.97,0.18,0.79,6.39,13:53:06,93.4,600,93.42,200,93.4001,340
27881,0.98,0.07,0.91,14.000000000000002,13:54:14,93.4,400,93.42,200,93.406,569
27909,0.81,0.07,0.74,45.230000000000004,13:54:45,93.4,500,93.42,200,93.4115,205
27930,2.6,1.74,0.86,0.0,13:55:00,93.4,400,93.42,300,93.4101,200
28152,1.1800000000000002,0.07,1.11,36.160000000000004,13:59:36,93.43,300,93.44,400,93.4344,380
28223,1.36,0.08,1.28,54.39,14:00:54,93.44,300,93.46,100,93.4466,221
28235,0.98,0.24,0.74,13.62,14:01:13,93.44,300,93.46,200,93.4546,300
28261,1.03,0.12,0.91,41.620000000000005,14:01:41,93.44,500,93.46,100,93.44200000000001,100
28346,1.2,0.17,1.03,10.83,14:03:10,93.5,600,93.51,100,93.505,100
28382,1.3900000000000001,0.07,1.32,12.950000000000001,14:04:12,93.49,300,93.53,100,93.525,100
28438,0.98,0.18,0.8,10.750000000000002,14:05:10,93.51,200,93.53,200,93.5224,200
28441,1.1800000000000002,0.07,1.11,14.360000000000001,14:05:14,93.51,200,93.53,200,93.51799999999999,196
28509,1.02,0.07,0.95,2.4000000000000004,14:06:02,93.52,200,93.54,200,93.524,166
28768,0.97,0.07,0.9,54.34,14:11:54,93.59,400,93.62,100,93.59100000000001,900
28779,0.82,0.08,0.74,0.0,14:12:00,93.59,500,93.62,300,93.6002,565
28948,3.41,2.72,0.69,6.8100000000000005,14:15:06,93.65,400,93.66,300,93.6566,160
28958,0.99,0.18,0.81,19.59,14:15:19,93.65,700,93.66,300,93.6599,200
29010,0.8200000000000001,0.07,0.75,3.8200000000000003,14:16:03,93.64,100,93.65,300,93.645,100
29017,0.8200000000000001,0.18,0.64,11.830000000000002,14:16:11,93.63,200,93.64,300,93.635,300
29301,4.17,3.74,0.43,0.0,14:21:00,93.58,200,93.61,100,93.5734,292
29332,0.46,0.08,0.38,21.660000000000007,14:21:21,93.58,200,93.61,300,93.5925,300
29338,0.61,0.2,0.41,25.270000000000007,14:21:25,93.58,300,93.61,400,93.595,400
29356,0.78,0.22,0.56,35.420000000000016,14:21:35,93.57,200,93.58,100,93.585,300
29377,0.61,0.17,0.44,0.0,14:22:00,93.57,100,93.59,1100,93.5835,178
29425,0.5900000000000001,0.27,0.32,31.87,14:22:31,93.55,100,93.56,100,93.5586,685
29644,0.6,0.08,0.52,16.2,14:24:16,93.61,100,93.62,600,93.6125,100
29812,0.61,0.18,0.43,49.330000000000005,14:26:49,93.61,700,93.64,300,93.625,3888
30069,0.61,0.17,0.44,26.210000000000008,14:29:26,93.63,100,93.66,400,93.647,215
30218,0.65,0.2,0.45,0.0,14:31:00,93.63,200,93.64,300,93.6425,300
30431,0.6000000000000001,0.07,0.53,0.0,14:34:00,93.62,100,93.63,400,93.6225,100
30485,104.82,104.3,0.52,0.0,14:36:00,93.57,500,93.58,300,93.5799,100
30622,1.58,0.95,0.63,14.040000000000001,14:38:14,93.56,300,93.57,100,93.5634,662
30783,0.6399999999999999,0.07,0.57,0.0,14:40:00,93.54,200,93.55,200,93.545,300
30833,0.63,0.08,0.55,39.850000000000016,14:40:39,93.52,300,93.53,100,93.5299,100
30866,0.6,0.09,0.51,2.41,14:41:02,93.53,200,93.54,600,93.535,100
31046,0.61,0.25,0.36,22.029999999999994,14:43:22,93.53,500,93.55,300,93.5499,204
31121,0.6000000000000001,0.07,0.53,11.439999999999996,14:44:11,93.53,400,93.55,400,93.5331,500
31189,0.6,0.08,0.52,2.23,14:45:02,93.56,200,93.57,300,93.5646,387
31327,0.5800000000000001,0.07,0.51,30.32999999999999,14:46:30,93.55,400,93.56,100,93.5556,100
31362,3.39,2.81,0.58,17.619999999999997,14:47:17,93.55,2000,93.57,100,93.5525,100
31412,0.6,0.25,0.35,52.56999999999999,14:47:52,93.57,300,93.59,100,93.5813,132
31560,0.46,0.08,0.38,0.0,14:49:00,93.55,2200,93.58,100,93.5648,100
31790,0.6,0.17,0.43,15.409999999999998,14:52:15,93.56,500,93.58,200,93.5699,280
31914,0.74,0.2,0.54,49.920000000000016,14:53:49,93.54,300,93.57,400,93.555,200
31981,0.76,0.07,0.69,33.99999999999999,14:54:33,93.55,200,93.58,300,93.554,250
31990,0.62,0.17,0.45,40.01,14:54:40,93.55,400,93.58,300,93.5776,600
32015,0.8099999999999999,0.24,0.57,0.0,14:55:00,93.55,500,93.58,300,93.565,100
32046,0.6100000000000001,0.07,0.54,27.729999999999997,14:55:27,93.55,500,93.58,300,93.5703,100
32135,0.6,0.25,0.35,8.83,14:57:08,93.54,600,93.55,100,93.5403,100
32249,0.6000000000000001,0.07,0.53,33.8,14:58:33,93.56,1000,93.59,300,93.5714,101
32644,0.61,0.08,0.53,22.179999999999996,15:03:22,93.57,100,93.59,200,93.5812,119
32659,0.64,0.08,0.56,33.82999999999999,15:03:33,93.57,200,93.59,200,93.5832,875
32757,0.79,0.07,0.72,49.49000000000001,15:04:49,93.62,1000,93.63,200,93.62299999999999,1014
32822,0.64,0.08,0.56,16.41,15:05:16,93.6,300,93.62,300,93.6088,200
32897,0.8200000000000001,0.17,0.65,42.03000000000001,15:06:42,93.62,500,93.64,300,93.6363,240
32923,0.7799999999999999,0.09,0.69,1.6,15:07:01,93.63,600,93.65,300,93.6419,183
32940,0.81,0.28,0.53,21.84,15:07:21,93.63,700,93.65,400,93.6432,105
32984,0.77,0.17,0.6,55.78000000000002,15:07:55,93.64,800,93.67,300,93.6699,2250
33020,0.63,0.08,0.55,15.830000000000004,15:08:15,93.65,300,93.66,900,93.654,253
33178,0.45,0.07,0.38,18.459999999999997,15:10:18,93.7,700,93.72,200,93.72,100
33208,0.43,0.08,0.35,35.86000000000001,15:10:35,93.71,200,93.72,400,93.715,200
33332,0.5800000000000001,0.07,0.51,5.41,15:12:05,93.68,100,93.69,100,93.6885,1454
33463,0.43,0.07,0.36,29.099999999999998,15:13:29,93.66,300,93.67,300,93.6659,6980
33610,1.7999999999999998,1.18,0.62,0.0,15:15:00,93.64,400,93.65,100,93.649,105
33974,0.6200000000000001,0.28,0.34,15.639999999999997,15:19:15,93.61,200,93.63,100,93.6101,132
33994,0.6200000000000001,0.07,0.55,29.26,15:19:29,93.61,200,93.63,100,93.6165,313
34091,0.61,0.24,0.37,46.040000000000006,15:20:46,93.61,200,93.63,200,93.6214,150
34182,0.59,0.08,0.51,25.639999999999997,15:21:25,93.63,200,93.64,100,93.6399,100
34201,3.77,3.21,0.56,0.0,15:22:00,93.63,400,93.64,100,93.6357,460
34245,0.62,0.2,0.42,33.37,15:22:33,93.64,800,93.65,700,93.6443,116
34349,0.75,0.14,0.61,44.57000000000001,15:23:44,93.63,300,93.65,300,93.6439,100
34358,0.5800000000000001,0.07,0.51,50.21000000000001,15:23:50,93.63,300,93.65,200,93.637,449
34402,0.64,0.18,0.46,32.03,15:24:32,93.65,300,93.67,200,93.6612,150
34459,0.79,0.19,0.6,0.0,15:25:00,93.64,100,93.66,300,93.6491,300
34555,0.5700000000000001,0.07,0.5,16.179999999999996,15:26:16,93.65,400,93.66,700,93.6554,300
34631,2.2,1.67,0.53,5.8100000000000005,15:27:05,93.65,400,93.67,400,93.65100000000001,150
34690,0.8400000000000001,0.2,0.64,48.42000000000002,15:27:48,93.65,600,93.67,200,93.663,150
34732,3.39,2.77,0.62,10.8,15:28:10,93.65,300,93.66,300,93.65899999999999,100
34850,0.81,0.18,0.63,37.64999999999999,15:29:37,93.65,200,93.67,200,93.6564,250
35115,3.4099999999999997,2.84,0.57,0.0,15:33:00,93.63,500,93.65,500,93.63600000000001,200
35171,0.78,0.07,0.71,38.56,15:33:38,93.64,200,93.65,1400,93.6444,300
35288,0.75,0.08,0.67,0.0,15:35:00,93.63,100,93.64,200,93.6337,244
35488,1.3399999999999999,0.85,0.49,14.969999999999999,15:37:14,93.6,300,93.61,600,93.6099,530
35528,0.75,0.08,0.67,44.57000000000001,15:37:44,93.6,100,93.61,200,93.6035,100
35549,0.7899999999999999,0.08,0.71,58.23000000000001,15:37:58,93.61,200,93.62,700,93.6192,158
35643,0.62,0.21,0.41,0.0,15:39:00,93.6,1000,93.61,400,93.6038,306
35879,0.6300000000000001,0.07,0.56,46.44000000000001,15:41:46,93.59,200,93.6,300,93.5984,100
35950,0.61,0.12,0.49,49.02,15:42:49,93.59,200,93.61,400,93.5992,400
36125,0.6599999999999999,0.08,0.58,10.229999999999999,15:44:10,93.56,300,93.57,300,93.5661,100
36215,0.58,0.16,0.42,39.38,15:45:39,93.54,700,93.56,900,93.54299999999999,530
36351,0.44,0.08,0.36,21.44,15:47:21,93.53,400,93.55,600,93.5408,187
36412,0.59,0.23,0.36,57.860000000000056,15:47:57,93.53,400,93.54,200,93.5399,110
36546,0.44999999999999996,0.1,0.35,36.09,15:49:36,93.53,800,93.55,400,93.5367,1353
36594,0.81,0.07,0.74,6.76,15:50:06,93.54,100,93.55,300,93.5425,200
36617,0.61,0.18,0.43,27.980000000000015,15:50:27,93.54,300,93.56,400,93.5492,200
36850,0.78,0.25,0.53,36.64,15:53:36,93.55,200,93.56,400,93.5599,174
36908,0.6,0.13,0.47,18.23,15:54:18,93.53,900,93.55,900,93.5301,350
36952,0.6000000000000001,0.07,0.53,46.06000000000002,15:54:46,93.53,500,93.54,900,93.5328,1031
37094,0.6,0.21,0.39,34.02000000000001,15:56:34,93.54,300,93.55,700,93.5444,100
37098,0.55,0.2,0.35,36.220000000000006,15:56:36,93.54,300,93.55,700,93.54899999999999,133
37142,0.78,0.17,0.61,4.94,15:57:04,93.54,600,93.55,1200,93.5475,100
37249,0.6,0.09,0.51,53.96000000000002,15:59:53,93.54,800,93.55,200,93.5497,100
37264,0.65,0.23,0.42,63.970000000000034,16:00:03,93.59,1600,93.6,100,93.59899999999999,100
