,Total Delay,Request Delay,Saving Delay,Arrival Time,Time,Bid,Bid Size,Ask,Ask Size,Last Price,Last Size
0,0.6499999999999999,0.3,0.35,0.6499999999999999,09:30:00,190.55,300,191.16,100,190.62,100
12,0.35,0.16,0.19,4.76,09:30:04,190.55,300,191.15,100,190.56,100
16,0.32,0.08,0.24,6.53,09:30:06,190.55,300,191.14,100,190.68,100
28,0.5800000000000001,0.27,0.31,10.940000000000001,09:30:10,190.55,300,190.85,100,190.555,100
32,0.43,0.21,0.22,12.59,09:30:12,190.27,100,190.79,200,190.55,100
59,0.33,0.1,0.23,0.0,09:31:00,190.2,100,190.79,300,190.26,105
75,0.89,0.62,0.27,10.45,09:31:10,190.0,300,190.65,200,190.01,100
110,0.5,0.28,0.22,26.060000000000002,09:31:26,190.07,100,190.4,300,190.08,100
122,0.32,0.12,0.2,29.93,09:31:29,189.51,100,190.23,100,189.5,100
127,0.6000000000000001,0.27,0.33,32.04,09:31:32,189.34,100,189.96,300,189.67,100
133,0.26,0.07,0.19,34.0,09:31:34,189.34,200,189.96,300,189.55,100
138,0.38,0.07,0.31,35.97,09:31:35,189.04,100,189.6,100,189.3548,500
143,0.38,0.07,0.31,37.830000000000005,09:31:37,189.37,200,189.6,300,189.48,100
144,0.46,0.18,0.28,38.290000000000006,09:31:38,189.04,100,189.44,100,189.04,100
147,0.47,0.22,0.25,39.57000000000001,09:31:39,189.04,100,189.44,100,189.44,100
148,0.4,0.08,0.32,39.970000000000006,09:31:39,189.04,200,189.6,400,189.39,100
152,0.74,0.21,0.53,42.2,09:31:42,189.13,300,189.82,200,189.145,100
169,0.27,0.07,0.2,47.85000000000001,09:31:47,189.13,300,189.8,100,189.47,100
181,0.34,0.17,0.17,51.760000000000005,09:31:51,189.13,300,189.77,100,189.45,400
186,0.29,0.08,0.21,0.0,09:32:00,189.31,200,189.77,300,189.335,100
197,2.11,1.93,0.18,5.2,09:32:05,189.31,200,189.77,300,189.34,100
200,2.27,2.05,0.22,8.01,09:32:08,189.31,1000,189.77,300,189.37,100
202,2.2199999999999998,2.03,0.19,15.0,09:32:15,189.32,200,189.77,300,189.581,100
206,0.24000000000000002,0.07,0.17,16.12,09:32:16,189.32,200,189.77,200,189.33,100
220,0.37,0.21,0.16,22.08,09:32:22,189.6,100,189.77,200,189.6,110
264,0.24000000000000002,0.07,0.17,36.509999999999984,09:32:36,189.52,100,189.77,200,189.52,187
276,0.24000000000000002,0.07,0.17,40.38999999999998,09:32:40,189.73,200,189.96,200,189.94,100
281,0.38,0.21,0.17,41.749999999999986,09:32:41,189.73,300,189.96,200,189.96,400
283,0.25,0.09,0.16,42.359999999999985,09:32:42,189.55,100,189.99,200,189.5877,100
295,0.33999999999999997,0.18,0.16,46.37,09:32:46,189.55,100,189.98,100,189.765,100
302,0.39,0.22,0.17,48.61,09:32:48,189.56,200,189.97,100,189.9,100
309,0.25,0.07,0.18,50.54,09:32:50,189.52,200,189.97,100,189.7491,315
320,0.69,0.28,0.41,54.9,09:32:54,189.52,200,189.96,100,189.53,200
350,3.75,3.46,0.29,5.78,09:33:05,189.31,1000,189.8,100,189.5256,125
354,2.19,1.96,0.23,9.16,09:33:09,189.35,200,189.8,100,189.49,100
362,2.69,2.48,0.21,15.6,09:33:15,189.35,100,189.8,500,189.35,100
423,0.28,0.07,0.21,36.62000000000001,09:33:36,189.5,200,189.8,500,189.65,100
427,0.41000000000000003,0.17,0.24,38.59,09:33:38,189.39,300,189.8,500,189.51,100
433,0.26,0.07,0.19,40.400000000000006,09:33:40,189.39,300,189.8,500,189.5622,250
452,0.26,0.07,0.19,46.540000000000006,09:33:46,189.56,300,189.8,600,189.6651,100
457,0.33,0.13,0.2,48.43,09:33:48,189.57,200,189.98,100,189.62,100
458,0.27,0.09,0.18,48.7,09:33:48,190.01,200,190.3,100,189.95,100
475,0.32,0.09,0.23,54.800000000000004,09:33:54,190.03,100,190.53,100,190.13,100
480,0.28,0.11,0.17,0.0,09:34:00,190.05,100,190.53,100,190.3188,100
486,0.25,0.07,0.18,2.14,09:34:02,190.18,100,190.53,100,190.17,100
503,0.44,0.22,0.22,8.04,09:34:08,190.04,100,190.18,100,190.05,100
511,0.48,0.27,0.21,14.19,09:34:14,189.62,300,190.03,200,189.68,100
516,0.42000000000000004,0.2,0.22,22.2,09:34:22,189.8,100,190.02,200,189.86,100
522,0.33,0.07,0.26,24.469999999999995,09:34:24,189.81,100,190.25,200,189.555,100
531,0.51,0.17,0.34,28.27999999999999,09:34:28,189.56,200,190.24,100,189.69,100
535,0.39,0.08,0.31,30.049999999999994,09:34:30,189.56,300,190.24,100,189.9225,100
551,0.47,0.25,0.22,35.97,09:34:35,189.85,200,190.24,100,189.87,100
614,0.38,0.08,0.3,0.0,09:35:00,189.93,100,190.49,100,189.93,200
621,0.33,0.07,0.26,6.3500000000000005,09:35:06,189.94,100,190.49,300,189.975,100
636,0.43,0.22,0.21,20.59,09:35:20,189.65,300,190.13,1700,189.66,100
641,0.4,0.18,0.22,22.53,09:35:22,189.39,200,189.89,200,189.61,100
680,0.33,0.07,0.26,36.78000000000001,09:35:36,189.31,600,189.89,100,189.77,300
685,0.43,0.21,0.22,38.70000000000001,09:35:38,189.31,600,189.89,100,189.585,100
686,0.6200000000000001,0.28,0.34,39.32000000000001,09:35:39,189.11,100,189.89,200,189.26,100
689,0.28,0.07,0.21,40.66000000000001,09:35:40,187.89,200,188.55,200,187.96,100
694,0.29,0.08,0.21,42.300000000000004,09:35:42,187.89,200,188.55,200,188.22,300
695,0.6200000000000001,0.28,0.34,42.92,09:35:42,188.56,200,188.94,300,188.48,200
701,0.26,0.08,0.18,44.800000000000004,09:35:44,188.57,200,188.94,100,188.57,100
714,0.44,0.26,0.18,48.92000000000001,09:35:48,188.56,200,188.95,100,188.94,200
759,0.38,0.21,0.17,0.0,09:36:00,188.92,200,189.17,200,188.91,100
763,0.41000000000000003,0.19,0.22,1.4,09:36:01,188.93,100,189.17,200,188.945,100
764,0.29,0.08,0.21,1.69,09:36:01,189.05,100,189.42,200,189.158,100
765,0.44000000000000006,0.17,0.27,2.13,09:36:02,189.15,100,189.42,100,189.1575,100
767,1.8299999999999998,1.63,0.2,4.359999999999999,09:36:04,189.37,200,189.8,400,189.57,100
769,0.36000000000000004,0.08,0.28,7.12,09:36:07,189.41,500,189.69,500,189.41,100
790,0.38,0.09,0.29,22.240000000000002,09:36:22,189.24,100,189.77,200,189.7,100
795,0.33,0.1,0.23,24.060000000000006,09:36:24,189.21,100,189.76,400,189.25,100
800,0.44000000000000006,0.17,0.27,26.140000000000008,09:36:26,189.21,200,189.76,300,189.485,100
891,0.5700000000000001,0.2,0.37,7.2299999999999995,09:37:07,188.98,100,189.7,200,189.17,100
893,0.28,0.07,0.21,8.01,09:37:08,189.15,300,189.7,200,189.4466,100
898,1.7399999999999998,1.38,0.36,12.08,09:37:12,189.16,100,189.7,200,189.359,150
984,0.41,0.12,0.29,51.87999999999997,09:37:51,189.7,100,189.86,200,189.84,200
998,0.48,0.21,0.27,0.0,09:38:00,190.3,300,190.66,200,190.48,100
1002,0.42,0.07,0.35,1.98,09:38:01,190.07,100,190.61,200,190.09,200
1011,0.56,0.27,0.29,6.1800000000000015,09:38:06,190.34,200,190.63,200,190.525,100
1023,0.39,0.11,0.28,15.890000000000002,09:38:15,189.81,100,190.28,500,189.81,100
1028,0.34,0.08,0.26,17.89,09:38:17,189.63,700,190.28,500,190.04,100
1033,0.42000000000000004,0.14,0.28,19.959999999999997,09:38:19,189.63,700,190.28,500,190.255,100
1039,0.49,0.07,0.42,24.03,09:38:24,190.11,200,190.57,200,190.57,100
1047,0.48,0.19,0.29,28.22,09:38:28,190.0,200,190.74,100,190.0,600
1051,0.47,0.17,0.3,29.99,09:38:29,190.15,100,190.74,100,190.15,100
1080,0.46,0.23,0.23,42.17999999999999,09:38:42,190.22,100,190.75,100,190.5003,100
1099,0.58,0.23,0.35,49.90999999999998,09:38:49,190.25,200,190.75,300,190.46,100
1132,0.47,0.23,0.24,0.0,09:39:00,190.37,200,190.74,100,190.73,100
1137,0.31,0.08,0.23,4.06,09:39:04,190.83,100,191.0,100,190.9,100
1149,0.26,0.07,0.19,10.47,09:39:10,190.85,200,191.0,200,190.99,100
1152,0.44,0.2,0.24,11.81,09:39:11,190.84,200,191.0,200,190.9632,500
1156,0.27,0.07,0.2,13.73,09:39:13,190.84,300,191.0,200,191.0,100
1159,2.5700000000000003,2.24,0.33,17.37,09:39:17,191.03,100,191.29,100,191.35,100
1161,0.37,0.09,0.28,18.160000000000004,09:39:18,190.75,200,191.19,300,191.04,100
1165,0.51,0.22,0.29,19.740000000000006,09:39:19,190.76,200,191.18,200,190.9703,200
1171,0.30000000000000004,0.07,0.23,21.710000000000004,09:39:21,190.76,200,191.19,400,190.81,200
1177,0.36,0.15,0.21,23.930000000000007,09:39:23,190.78,200,191.19,400,190.89,100
1202,0.47,0.18,0.29,33.89000000000001,09:39:33,190.83,200,191.19,300,191.18,219
1211,0.45,0.2,0.25,38.13000000000001,09:39:38,190.84,200,191.19,200,191.1,100
1215,0.49,0.2,0.29,39.84000000000002,09:39:39,190.83,300,191.19,200,191.19,100
1216,0.49,0.22,0.27,40.33000000000002,09:39:40,190.75,200,191.15,400,191.005,100
1231,0.29,0.08,0.21,45.670000000000016,09:39:45,190.76,100,191.13,400,190.9598,300
1251,0.28,0.08,0.2,52.01000000000001,09:39:52,190.76,200,191.09,500,190.76,115
1266,0.52,0.28,0.24,0.0,09:40:00,190.75,300,191.09,700,190.75,100
1269,2.0100000000000002,1.81,0.2,2.7600000000000002,09:40:02,190.75,400,191.09,700,190.78,100
1285,0.43,0.19,0.24,11.940000000000001,09:40:11,190.75,400,191.08,500,190.81099999999998,100
1308,0.42,0.18,0.24,23.730000000000004,09:40:23,190.78,200,191.09,800,191.09,200
1362,0.4,0.2,0.2,43.579999999999984,09:40:43,191.0,100,191.25,200,191.08,100
1373,0.28,0.08,0.2,47.819999999999986,09:40:47,190.51,500,190.8,100,190.59,100
1378,0.36,0.07,0.29,49.70999999999999,09:40:49,190.53,200,190.8,100,190.8,125
1422,0.4,0.21,0.19,0.0,09:41:00,190.76,200,190.96,200,190.75099999999998,337
1445,0.36,0.07,0.29,14.100000000000001,09:41:14,190.99,100,191.25,300,191.1125,400
1469,0.56,0.23,0.33,22.070000000000004,09:41:22,190.76,200,191.05,300,190.83,100
1475,0.3,0.09,0.21,23.85000000000001,09:41:23,190.76,300,191.05,300,191.035,170
1493,0.38,0.21,0.17,30.25000000000001,09:41:30,190.76,300,191.2,300,190.86,100
1519,0.38,0.08,0.3,40.34000000000001,09:41:40,191.15,200,191.25,400,191.25,100
1528,0.33,0.07,0.26,44.20000000000002,09:41:44,191.0,200,191.37,100,191.15,200
1543,0.42000000000000004,0.22,0.2,0.0,09:42:00,191.01,200,191.37,100,191.05,100
1551,0.41000000000000003,0.09,0.32,3.7700000000000005,09:42:03,191.01,200,191.37,100,191.355,100
1554,4.06,3.67,0.39,8.559999999999999,09:42:08,191.01,200,191.38,400,191.03,100
1555,0.30000000000000004,0.07,0.23,8.86,09:42:08,191.01,200,191.38,400,191.175,500
1560,2.34,2.03,0.31,13.59,09:42:13,191.03,200,191.3,400,191.06,100
1566,0.41000000000000003,0.09,0.32,18.380000000000003,09:42:18,190.58,200,190.97,200,190.875,100
1568,0.38,0.07,0.31,20.05,09:42:20,190.58,200,190.97,200,190.58,200
1577,0.48,0.17,0.31,24.02,09:42:24,190.58,300,190.97,200,190.64,100
1581,0.4,0.16,0.24,25.729999999999997,09:42:25,190.65,100,191.11,400,190.605,100
1586,0.48,0.19,0.29,27.779999999999994,09:42:27,190.66,300,191.11,300,190.88,200
1672,0.46,0.08,0.38,0.0,09:43:00,190.74,200,191.01,300,190.775,100
1680,0.45,0.2,0.25,3.55,09:43:03,190.79,300,191.01,300,190.9124,100
1688,0.46,0.26,0.2,7.949999999999999,09:43:07,190.8,200,191.01,300,190.97,100
1692,1.6300000000000001,1.29,0.34,10.64,09:43:10,190.58,300,191.0,300,190.77,133
1721,0.32,0.08,0.24,23.859999999999996,09:43:23,190.67,500,191.0,400,190.95,100
1741,0.4,0.08,0.32,31.689999999999994,09:43:31,190.68,100,191.0,600,190.856,200
1767,0.37,0.18,0.19,41.730000000000004,09:43:41,190.7,100,191.0,600,190.8693,250
1773,0.29000000000000004,0.07,0.22,43.720000000000006,09:43:43,191.01,200,191.25,600,191.01,100
1778,0.48,0.21,0.27,45.830000000000005,09:43:45,190.7,100,191.23,200,190.9625,100
1783,0.29,0.08,0.21,47.660000000000004,09:43:47,190.7,200,191.23,200,190.71,200
1804,0.33999999999999997,0.15,0.19,0.0,09:44:00,190.77,200,191.23,200,191.021,100
1877,0.65,0.27,0.38,34.04999999999999,09:44:34,190.81,400,191.24,300,191.0491,100
1886,0.35,0.17,0.18,37.89999999999999,09:44:37,190.81,400,191.23,300,191.0536,100
1985,0.5700000000000001,0.28,0.29,20.040000000000003,09:45:20,191.0,300,191.22,100,191.02,100
1990,0.34,0.17,0.17,21.830000000000002,09:45:21,191.01,100,191.22,100,191.015,100
2009,0.43,0.21,0.22,29.87000000000001,09:45:29,191.17,200,191.5,300,191.34,100
2014,0.5700000000000001,0.26,0.31,32.150000000000006,09:45:32,191.39,200,191.62,200,191.425,100
2025,0.35000000000000003,0.08,0.27,36.00000000000001,09:45:36,191.0,200,191.45,200,191.24,100
2030,0.38,0.2,0.18,37.80000000000001,09:45:37,191.0,300,191.43,200,191.225,200
2066,0.43,0.14,0.29,51.790000000000006,09:45:51,191.02,200,191.41,300,191.395,100
2076,0.34,0.07,0.27,55.92000000000001,09:45:55,191.02,200,191.41,300,191.11,100
2103,0.44999999999999996,0.21,0.24,8.159999999999998,09:46:08,191.04,200,191.4,300,191.2,100
2112,2.15,1.73,0.42,14.87,09:46:14,191.06,600,191.4,200,191.0601,200
2145,0.32,0.14,0.18,32.03,09:46:32,191.2,100,191.4,700,191.2825,100
2152,0.38,0.08,0.3,34.32,09:46:34,191.23,200,191.4,700,191.305,100
2158,0.32999999999999996,0.09,0.24,36.34,09:46:36,191.23,100,191.4,700,191.247,500
2163,0.33,0.07,0.26,38.07,09:46:38,191.29,200,191.47,200,191.2801,105
2168,0.45999999999999996,0.21,0.25,40.24000000000001,09:46:40,191.29,100,191.45,200,191.45,100
2180,0.28,0.08,0.2,44.20000000000002,09:46:44,191.3,100,191.47,300,191.3847,200
2185,0.39,0.18,0.21,46.20000000000002,09:46:46,191.15,100,191.37,200,191.17,100
2197,0.34,0.14,0.2,50.29000000000002,09:46:50,191.0,200,191.34,200,191.2204,500
2279,0.5,0.21,0.29,5.47,09:47:05,191.24,200,191.37,300,191.2986,250
2321,0.4,0.2,0.2,21.08,09:47:21,191.03,200,191.27,200,191.145,150
2338,0.48,0.24,0.24,27.289999999999996,09:47:27,191.16,100,191.31,100,191.27,100
2343,0.5900000000000001,0.27,0.32,29.419999999999995,09:47:29,191.16,300,191.31,100,191.3,100
2373,0.39,0.2,0.19,0.0,09:48:00,190.54,400,190.99,100,190.53,200
2388,0.28,0.07,0.21,5.620000000000001,09:48:05,190.59,400,190.99,500,190.795,100
2389,0.31,0.09,0.22,5.930000000000001,09:48:05,190.61,100,190.98,100,190.79,100
2436,0.25,0.08,0.17,27.939999999999994,09:48:27,190.79,100,190.94,100,190.82,200
2439,0.6100000000000001,0.27,0.34,29.459999999999994,09:48:29,190.8,200,190.94,100,190.9299,100
2453,0.43000000000000005,0.23,0.2,34.01,09:48:34,190.97,100,191.09,100,190.98,200
2479,0.27,0.08,0.19,43.82,09:48:43,190.89,200,191.07,200,191.0016,100
2496,0.41000000000000003,0.21,0.2,49.73,09:48:49,190.89,100,191.07,200,191.065,100
2514,0.49,0.27,0.22,55.850000000000016,09:48:55,190.89,100,191.07,200,190.9901,400
2533,0.51,0.15,0.36,0.0,09:49:00,190.81,200,191.04,100,190.93,100
2550,2.28,1.94,0.34,16.67,09:49:16,190.66,100,190.94,100,190.66,100
2586,0.54,0.24,0.3,32.1,09:49:32,190.61,100,190.71,200,190.61,100
2594,0.37,0.07,0.3,35.93,09:49:35,190.78,100,190.95,100,190.91,100
2599,0.44,0.2,0.24,38.01,09:49:38,190.81,100,190.96,100,190.894,104
2621,0.38,0.17,0.21,45.90000000000001,09:49:45,190.86,100,191.06,200,190.96,100
2706,0.30000000000000004,0.07,0.23,23.990000000000002,09:50:23,190.88,200,190.98,100,190.88099999999997,200
2762,0.37,0.1,0.27,50.06,09:50:50,191.06,200,191.44,300,191.4,100
2817,0.38,0.08,0.3,20.04,09:51:20,191.17,100,191.35,600,191.16,100
2826,0.42000000000000004,0.16,0.26,23.800000000000004,09:51:23,191.12,100,191.35,600,191.1717,100
2831,0.38,0.14,0.24,25.85,09:51:25,191.13,200,191.36,1200,191.36,100
2853,0.48,0.22,0.26,34.01,09:51:34,191.12,300,191.36,1200,191.3025,100
2864,0.34,0.08,0.26,37.74999999999999,09:51:37,191.12,400,191.36,1200,191.12,100
2875,0.41000000000000003,0.2,0.21,41.81999999999998,09:51:41,191.38,100,191.65,100,191.5,100
2886,0.44,0.21,0.23,46.05999999999998,09:51:46,191.69,100,191.9,100,191.83,100
2891,0.29,0.08,0.21,47.72999999999998,09:51:47,191.7,100,191.91,100,191.91,200
2902,0.4,0.2,0.2,52.03999999999998,09:51:52,191.71,300,191.91,100,191.81,200
2916,0.41000000000000003,0.2,0.21,0.0,09:52:00,191.71,400,191.99,100,191.8093,125
2932,1.1,0.85,0.25,6.74,09:52:06,191.69,100,191.9,100,191.71,100
2936,0.42,0.21,0.21,8.100000000000001,09:52:08,191.69,100,191.75,500,191.73,100
2939,2.09,1.8,0.29,10.97,09:52:10,191.27,100,191.74,100,191.5314,100
2948,0.29000000000000004,0.07,0.22,17.930000000000003,09:52:17,191.29,100,191.74,100,191.665,100
2965,0.26,0.08,0.18,23.830000000000002,09:52:23,191.31,200,191.74,2000,191.68,100
2966,0.25,0.08,0.17,24.080000000000002,09:52:24,191.31,200,191.74,2000,191.5766,100
2972,0.25,0.07,0.18,26.000000000000004,09:52:26,191.32,200,191.73,200,191.5083,300
2985,0.36,0.17,0.19,30.050000000000004,09:52:30,191.33,200,191.75,1100,191.715,100
3004,0.26,0.07,0.19,36.12,09:52:36,191.33,200,191.75,1100,191.5397,100
3014,0.5,0.18,0.32,40.24,09:52:40,191.37,200,191.74,1300,191.63,100
3018,0.36,0.07,0.29,42.25,09:52:42,191.37,300,191.74,1300,191.635,100
3053,0.44,0.23,0.21,54.150000000000006,09:52:54,191.78,300,192.0,200,191.89,100
3075,0.6,0.23,0.37,0.0,09:53:00,191.8,200,191.99,100,191.87,100
3085,0.29000000000000004,0.09,0.2,3.8600000000000003,09:53:03,191.81,100,191.97,100,191.8783,200
3088,0.42,0.18,0.24,7.75,09:53:07,191.87,100,192.0,200,191.97,150
3094,0.26,0.07,0.19,12.389999999999999,09:53:12,191.88,200,192.0,100,192.0,100
3102,1.28,1.0,0.28,16.52,09:53:16,191.91,100,192.0,100,191.9547,200
3121,0.37,0.19,0.18,23.560000000000006,09:53:23,191.91,200,192.22,100,192.22,100
3127,0.3,0.09,0.21,25.700000000000006,09:53:25,191.96,100,192.22,100,192.18,100
3140,0.34,0.17,0.17,29.570000000000004,09:53:29,191.99,200,192.22,100,192.0797,300
3152,0.4,0.23,0.17,33.57,09:53:33,191.99,200,192.22,100,192.215,400
3165,0.26,0.08,0.18,37.58999999999999,09:53:37,192.14,100,192.25,100,192.196,200
3172,0.31,0.13,0.18,39.76999999999998,09:53:39,192.15,300,192.25,100,192.2219,200
3177,0.43,0.22,0.21,41.74999999999998,09:53:41,191.97,100,192.2,300,192.1046,400
3188,0.3,0.12,0.18,45.25999999999997,09:53:45,191.97,100,192.2,300,192.0758,200
3189,0.44,0.23,0.21,45.69999999999997,09:53:45,191.97,100,192.2,300,192.2,100
3195,0.39,0.22,0.17,47.89999999999996,09:53:47,192.02,100,192.25,100,192.25,100
3207,0.38,0.22,0.16,51.58999999999996,09:53:51,192.02,100,192.25,100,192.1763,300
3214,0.24000000000000002,0.07,0.17,53.64999999999997,09:53:53,192.03,100,192.25,100,192.1488,100
3239,0.31,0.12,0.19,2.5500000000000003,09:54:02,192.12,200,192.37,100,192.35,100
3243,0.27,0.07,0.2,9.510000000000002,09:54:09,192.15,300,192.37,100,192.37,100
3244,3.73,3.54,0.19,13.240000000000002,09:54:13,192.17,200,192.37,100,192.2651,200
3266,0.43000000000000005,0.26,0.17,20.580000000000005,09:54:20,192.17,200,192.37,600,192.2857,1000
3287,0.24000000000000002,0.07,0.17,26.549999999999997,09:54:26,192.36,100,192.75,400,192.55,100
3295,0.27,0.08,0.19,28.84,09:54:28,192.36,200,192.75,400,192.735,100
3306,0.26,0.08,0.18,32.74,09:54:32,192.38,300,192.74,200,192.75,100
3323,0.27,0.08,0.19,38.70000000000001,09:54:38,192.19,100,192.52,100,192.42,100
3329,0.24000000000000002,0.07,0.17,40.51000000000001,09:54:40,192.19,300,192.72,1600,192.5367,150
3387,1.64,1.43,0.21,6.239999999999999,09:55:06,192.05,100,192.59,100,192.3339,400
3389,1.5,1.26,0.24,8.059999999999999,09:55:08,192.05,200,192.59,100,192.32,100
3403,1.42,0.92,0.5,16.449999999999996,09:55:16,191.94,200,192.38,100,192.2675,100
3424,0.38,0.12,0.26,25.729999999999993,09:55:25,191.97,200,192.38,100,192.165,100
3434,0.39,0.19,0.2,30.079999999999995,09:55:30,191.97,300,192.36,200,192.17,400
3439,0.28,0.08,0.2,31.749999999999996,09:55:31,191.97,100,192.37,100,191.995,100
3448,0.45,0.25,0.2,35.79,09:55:35,191.98,200,192.36,200,192.09,100
3453,0.38,0.08,0.3,37.51,09:55:37,191.97,100,192.37,200,192.01,100
3469,0.52,0.24,0.28,43.720000000000006,09:55:43,191.97,200,192.37,200,192.1443,100
3479,0.27,0.07,0.2,47.58000000000002,09:55:47,191.97,100,192.36,100,191.9701,150
3484,0.33,0.07,0.26,49.73000000000002,09:55:49,191.97,100,192.36,100,191.99,100
3494,0.3,0.09,0.21,53.47000000000001,09:55:53,191.98,100,192.36,100,192.065,100
3500,0.47,0.22,0.25,55.73000000000002,09:55:55,191.92,100,192.17,200,191.93,100
3504,0.44,0.21,0.23,57.51000000000002,09:55:57,191.77,100,192.17,100,191.85,100
3509,0.5,0.26,0.24,0.0,09:56:00,191.54,200,192.15,100,191.76,100
3519,0.47,0.22,0.25,4.739999999999999,09:56:04,191.57,100,191.93,100,191.74,400
3526,2.38,2.05,0.33,10.07,09:56:10,191.56,100,191.93,100,191.58,100
3529,0.52,0.2,0.32,12.39,09:56:12,191.57,200,191.93,100,191.696,500
3533,0.45,0.23,0.22,13.96,09:56:13,191.61,100,191.85,200,191.57,100
3543,0.91,0.66,0.25,20.380000000000003,09:56:20,191.61,100,191.93,100,191.752,100
3548,0.27,0.07,0.2,21.87,09:56:21,191.61,100,191.92,200,191.61,100
3554,0.52,0.22,0.3,24.080000000000002,09:56:24,191.61,100,191.92,200,191.62,100
3576,0.37,0.07,0.3,33.91,09:56:33,191.58,100,191.67,100,191.66,100
3628,0.32,0.07,0.25,51.93999999999999,09:56:51,191.76,300,192.0,300,191.88,100
3634,0.4,0.21,0.19,54.139999999999986,09:56:54,191.78,100,191.99,100,191.9252,800
3657,0.38,0.09,0.29,0.0,09:57:00,191.8,100,191.93,100,191.9223,100
3672,0.29,0.08,0.21,9.82,09:57:09,191.92,100,192.13,200,191.95,100
3677,1.35,1.06,0.29,15.1,09:57:15,191.97,300,192.29,100,191.97099999999998,100
3700,0.33,0.14,0.19,25.990000000000002,09:57:25,192.02,300,192.3,100,192.02,100
3707,0.29,0.08,0.21,27.88,09:57:27,192.02,400,192.17,100,192.15,100
3718,0.37,0.17,0.2,32.279999999999994,09:57:32,191.94,200,192.17,100,192.055,25000
3724,0.56,0.27,0.29,34.14,09:57:34,191.99,200,192.17,100,192.08,100
3734,0.37,0.19,0.18,37.879999999999995,09:57:37,191.99,200,192.17,100,192.07,100
3809,0.25,0.07,0.18,3.2199999999999998,09:58:03,191.96,300,192.16,200,191.96,100
3833,0.24000000000000002,0.07,0.17,22.009999999999998,09:58:22,191.99,200,192.08,100,192.035,25000
3851,0.25,0.07,0.18,27.870000000000008,09:58:27,191.99,300,192.16,100,192.14,100
3858,0.35,0.16,0.19,30.02000000000001,09:58:30,191.99,300,192.16,100,192.075,100
3984,0.3,0.12,0.18,17.870000000000008,09:59:17,191.78,300,191.99,100,191.86,100
4014,0.34,0.17,0.17,27.85000000000001,09:59:27,191.78,200,191.9,100,191.84,100
4034,0.4,0.23,0.17,33.800000000000004,09:59:33,191.8,200,191.9,100,191.8388,900
4045,0.4,0.19,0.21,38.14,09:59:38,191.73,100,192.1,400,191.8,200
4089,0.28,0.07,0.21,0.0,10:00:00,191.74,200,192.1,100,191.92,400
4099,0.39,0.07,0.32,3.85,10:00:03,191.74,300,192.1,100,191.9075,100
4155,0.48,0.17,0.31,36.28,10:00:36,191.9,400,192.1,100,192.1,100
4164,0.49,0.18,0.31,40.089999999999996,10:00:40,191.99,100,192.1,100,192.024,150
4206,0.5,0.12,0.38,1.91,10:01:01,192.08,400,192.25,100,192.1735,100
4210,0.35000000000000003,0.07,0.28,3.5100000000000002,10:01:03,192.08,400,192.25,100,192.1647,200
4221,2.69,2.36,0.33,11.209999999999999,10:01:11,191.95,200,192.15,200,192.03,100
4231,0.28,0.07,0.21,17.22,10:01:17,191.95,300,192.14,200,192.045,100
4235,0.26,0.07,0.19,20.270000000000003,10:01:20,191.96,100,192.15,100,192.05,100
4262,0.25,0.07,0.18,29.470000000000002,10:01:29,191.81,100,192.02,100,191.9,100
4311,0.44999999999999996,0.24,0.21,45.60000000000003,10:01:45,191.8,300,192.01,100,191.905,100
4337,0.36,0.19,0.17,53.58000000000005,10:01:53,191.85,300,192.01,100,191.9217,200
4380,4.4399999999999995,4.26,0.18,18.169999999999998,10:02:18,191.75,100,192.01,100,191.75,100
4385,0.24000000000000002,0.07,0.17,19.899999999999995,10:02:19,191.51,100,191.7,100,191.51,100
4404,0.33,0.07,0.26,25.98999999999999,10:02:25,191.51,100,191.75,100,191.6297,100
4473,0.25,0.08,0.17,49.91000000000001,10:02:49,191.42,100,191.62,100,191.43,100
4478,0.34,0.08,0.26,52.09000000000002,10:02:52,191.29,100,191.56,100,191.39,100
4484,0.4,0.18,0.22,54.320000000000014,10:02:54,191.29,100,191.56,100,191.33,100
4511,0.28,0.08,0.2,5.860000000000001,10:03:05,191.26,200,191.56,100,191.48,100
4514,1.45,1.22,0.23,7.870000000000002,10:03:07,191.26,200,191.56,100,191.41,100
4538,2.86,2.63,0.23,21.700000000000003,10:03:21,191.26,200,191.61,100,191.435,100
4545,0.29000000000000004,0.09,0.2,23.840000000000003,10:03:23,191.26,200,191.61,100,191.524,100
4557,0.39,0.21,0.18,27.910000000000004,10:03:27,191.27,100,191.61,100,191.4868,800
4595,0.27,0.1,0.17,39.790000000000006,10:03:39,191.27,200,191.61,100,191.275,100
4626,0.36,0.16,0.2,49.62,10:03:49,191.28,300,191.61,100,191.3562,800
4672,3.85,3.52,0.33,11.73,10:04:11,191.5,800,191.7,100,191.7,100
4673,0.38,0.14,0.24,12.110000000000001,10:04:12,191.5,800,191.7,100,191.6232,800
4712,0.32,0.08,0.24,30.070000000000007,10:04:30,191.6,200,192.02,100,191.8164,104
4732,0.52,0.21,0.31,38.21,10:04:38,191.61,400,192.06,100,192.04,100
4736,0.28,0.07,0.21,39.82,10:04:39,191.61,400,192.06,100,192.06,100
4758,0.37,0.17,0.2,48.089999999999996,10:04:48,191.97,200,192.29,100,192.285,100
4765,0.43,0.12,0.31,50.379999999999995,10:04:50,191.96,300,192.29,100,192.0651,167
4774,0.53,0.2,0.33,54.44999999999999,10:04:54,191.96,300,192.3,200,192.29,100
4823,0.3,0.09,0.21,17.59,10:05:17,192.01,200,192.2,100,192.105,200
4828,0.48,0.23,0.25,19.73,10:05:19,192.1,300,192.2,100,192.12,100
4891,0.39,0.14,0.25,41.77999999999998,10:05:41,192.12,200,192.24,100,192.24,100
4902,0.49,0.23,0.26,45.97999999999997,10:05:45,192.15,200,192.37,200,192.36,100
4922,0.39,0.22,0.17,53.61999999999997,10:05:53,192.23,100,192.37,200,192.235,200
4938,3.37,3.21,0.16,0.0,10:06:00,192.26,100,192.37,300,192.26,100
4949,0.38,0.21,0.17,5.65,10:06:05,192.27,100,192.37,300,192.27,100
4952,2.39,2.14,0.25,12.66,10:06:12,192.32,200,192.37,300,192.3282,100
4994,0.45999999999999996,0.22,0.24,28.039999999999992,10:06:28,192.22,200,192.35,100,192.2827,200
5044,0.24000000000000002,0.07,0.17,45.78000000000001,10:06:45,192.44,200,192.5,100,192.4735,200
5049,0.39,0.18,0.21,47.640000000000015,10:06:47,192.39,100,192.48,300,192.48,100
5070,0.37,0.18,0.19,0.0,10:07:00,192.43,300,192.54,900,192.5,100
5076,0.4,0.2,0.2,2.2,10:07:02,192.43,300,192.54,900,192.485,100
5083,0.45999999999999996,0.25,0.21,4.62,10:07:04,192.48,200,192.62,100,192.54,100
5085,0.23,0.07,0.16,6.790000000000001,10:07:06,192.51,300,192.69,200,192.51,100
5092,0.33,0.17,0.16,13.900000000000002,10:07:13,192.81,200,192.99,200,192.99,300
5097,0.38,0.21,0.17,15.550000000000004,10:07:15,192.54,100,192.86,100,192.6124,200
5107,0.25,0.08,0.17,21.59,10:07:21,192.54,200,192.86,100,192.8271,1000
5113,0.28,0.08,0.2,23.650000000000006,10:07:23,192.55,300,192.86,100,192.8599,1000
5152,0.33999999999999997,0.16,0.18,37.680000000000014,10:07:37,192.56,200,192.86,400,192.662,600
5157,0.37,0.17,0.2,39.56000000000001,10:07:39,192.7,300,192.86,100,192.7,100
5181,0.27,0.08,0.19,47.73000000000002,10:07:47,192.85,100,192.95,100,192.85,100
5220,0.28,0.07,0.21,0.0,10:08:00,192.58,200,192.87,200,192.868,100
5256,0.38,0.21,0.17,18.209999999999997,10:08:18,192.74,100,192.87,200,192.87,100
5268,0.27,0.08,0.19,22.05,10:08:22,192.78,100,192.91,100,192.84,100
5283,0.36,0.13,0.23,28.07,10:08:28,192.96,100,192.99,100,192.97,200
5288,0.66,0.27,0.39,30.179999999999996,10:08:30,192.97,200,193.1,100,193.06,100
5321,0.29000000000000004,0.07,0.22,42.18000000000001,10:08:42,192.97,200,193.18,200,193.17,100
5326,0.33,0.08,0.25,44.09000000000001,10:08:44,193.07,100,193.18,200,193.07,100
5332,0.27,0.09,0.18,45.97000000000002,10:08:45,193.08,200,193.37,100,193.19,100
5338,0.26,0.07,0.19,48.12000000000002,10:08:48,193.09,200,193.28,100,193.21200000000002,600
5343,0.45999999999999996,0.24,0.22,50.04000000000002,10:08:50,193.1,200,193.28,100,193.206,500
5355,0.32,0.08,0.24,53.97000000000001,10:08:53,193.12,100,193.36,200,193.28,100
5361,0.29000000000000004,0.07,0.22,55.900000000000006,10:08:55,193.12,200,193.36,200,193.2688,200
5376,0.37,0.17,0.2,0.0,10:09:00,193.19,200,193.42,200,193.41,100
5378,4.11,3.81,0.3,4.430000000000001,10:09:04,193.17,200,193.42,300,193.3,100
5383,0.8999999999999999,0.59,0.31,10.410000000000002,10:09:10,193.01,100,193.16,100,193.03,100
5386,2.83,2.65,0.18,13.830000000000002,10:09:13,193.01,300,193.42,500,193.2355,200
5387,0.41000000000000003,0.24,0.17,14.240000000000002,10:09:14,193.02,200,193.41,200,193.215,200
5388,2.6500000000000004,2.43,0.22,16.89,10:09:16,193.01,400,193.42,500,193.0205,100
5401,0.36,0.07,0.29,22.080000000000002,10:09:22,193.01,400,193.42,500,193.22,100
5420,0.27,0.07,0.2,28.070000000000004,10:09:28,193.01,200,193.31,300,193.21,100
5426,0.26,0.08,0.18,30.080000000000005,10:09:30,192.96,100,193.28,1500,193.0,100
5444,0.26,0.07,0.19,36.099999999999994,10:09:36,193.03,100,193.39,200,193.2,900
5462,168.17,168.0,0.17,0.0,10:12:00,193.01,100,193.35,100,193.01,100
5463,0.26,0.1,0.16,0.26,10:12:00,192.94,100,193.09,100,192.94,100
5491,0.24000000000000002,0.07,0.17,8.260000000000002,10:12:08,193.11,100,193.33,100,193.11,100
5498,0.33,0.08,0.25,10.53,10:12:10,192.94,100,193.25,200,193.025,100
5503,0.5700000000000001,0.37,0.2,12.43,10:12:12,192.94,100,193.25,100,193.1613,1030
5540,0.26,0.08,0.18,26.410000000000018,10:12:26,193.0,100,193.24,200,193.125,100
5546,0.32,0.12,0.2,0.0,10:13:00,193.0,100,193.25,100,193.205,100
5559,1.82,1.57,0.25,6.64,10:13:06,193.01,100,193.24,100,193.1292,300
5560,2.4,2.01,0.39,9.04,10:13:09,193.0,200,193.24,100,193.005,100
5564,0.38,0.18,0.2,12.02,10:13:12,193.0,200,193.24,200,193.0001,100
5585,0.29000000000000004,0.07,0.22,23.959999999999997,10:13:23,193.01,100,193.24,200,193.1253,200
5683,0.27,0.1,0.17,58.03000000000003,10:13:58,193.01,100,193.21,200,193.02,100
5705,0.4,0.23,0.17,1.0,10:14:01,192.8,200,192.93,100,192.93,100
5709,0.34,0.17,0.17,2.24,10:14:02,192.8,100,193.0,100,192.8954,100
5711,0.30000000000000004,0.13,0.17,2.9300000000000006,10:14:02,192.8,100,193.0,100,192.81,100
5717,1.59,1.33,0.26,9.81,10:14:09,192.8,100,193.0,100,192.9,300
5854,0.29,0.08,0.21,5.67,10:15:05,192.89,200,193.18,200,193.0151,300
6026,1.61,1.35,0.26,14.669999999999998,10:16:14,192.8,200,193.0,200,192.96,100
6093,0.33999999999999997,0.13,0.21,37.75000000000001,10:16:37,192.73,200,193.0,400,192.8444,100
6170,0.32,0.09,0.23,16.19,10:17:16,192.78,100,193.01,400,192.895,290
6176,0.26,0.07,0.19,20.120000000000008,10:17:20,192.77,200,193.0,200,192.825,100
6188,0.43,0.19,0.24,24.760000000000005,10:17:24,192.77,200,193.01,300,192.89,100
6197,0.51,0.23,0.28,28.460000000000008,10:17:28,192.8,200,192.83,100,192.8175,100
6201,0.39,0.07,0.32,30.040000000000006,10:17:30,192.58,300,192.81,100,192.77,100
6237,0.4,0.21,0.19,42.190000000000026,10:17:42,192.59,200,192.73,100,192.59,200
6241,0.33,0.07,0.26,43.74000000000002,10:17:43,192.59,200,192.73,100,192.66,100
6257,0.5700000000000001,0.18,0.39,50.230000000000025,10:17:50,192.37,100,192.69,100,192.56,100
6265,0.44999999999999996,0.09,0.36,54.32000000000003,10:17:54,192.35,100,192.69,300,192.4625,100
6294,1.22,0.82,0.4,16.7,10:18:16,192.49,100,192.68,100,192.49,100
6302,0.5800000000000001,0.24,0.34,21.839999999999996,10:18:21,192.45,100,192.69,300,192.53,100
6318,52.14,51.78,0.36,0.0,10:19:00,192.25,100,192.48,100,192.28,100
6329,0.39,0.19,0.2,4.38,10:19:04,192.25,100,192.47,100,192.3864,100
6440,4.45,4.13,0.32,0.0,10:20:00,192.37,200,192.51,100,192.4504,100
6442,0.36,0.15,0.21,0.8,10:20:00,192.39,100,192.51,100,192.4,200
6451,1.02,0.77,0.25,5.57,10:20:05,192.22,100,192.48,100,192.39,100
6454,0.43000000000000005,0.17,0.26,6.69,10:20:06,192.22,200,192.48,300,192.23,100
6483,0.36,0.14,0.22,18.6,10:20:18,192.22,400,192.48,300,192.3166,300
6505,0.35,0.14,0.21,26.900000000000002,10:20:26,192.27,200,192.48,300,192.38,100
6516,0.39,0.19,0.2,30.849999999999998,10:20:30,192.28,200,192.45,100,192.3775,150
6547,0.34,0.07,0.27,4.069999999999999,10:21:04,192.0,200,192.29,100,192.11,100
6608,0.6799999999999999,0.21,0.47,0.0,10:22:00,191.98,200,192.18,100,192.13,100
6628,0.46,0.18,0.28,14.300000000000002,10:22:14,191.99,100,192.17,100,192.0934,300
6734,2.37,1.92,0.45,7.67,10:23:07,191.99,200,192.12,200,192.0528,400
6742,0.53,0.24,0.29,15.809999999999997,10:23:15,191.75,200,192.04,200,191.77,100
6747,0.48,0.09,0.39,18.139999999999997,10:23:18,191.75,200,192.04,200,191.9385,500
6751,0.44999999999999996,0.24,0.21,19.749999999999996,10:23:19,191.75,200,192.04,200,191.8805,300
6779,0.42,0.12,0.3,29.87,10:23:29,191.75,100,191.87,400,191.826,100
6798,0.42000000000000004,0.19,0.23,38.04999999999999,10:23:38,191.51,100,191.86,100,191.65,290
6808,0.33,0.13,0.2,41.709999999999994,10:23:41,191.52,100,191.75,400,191.6,100
6832,0.43000000000000005,0.23,0.2,49.45000000000001,10:23:49,191.45,100,191.81,200,191.46,200
6856,4.62,4.28,0.34,8.959999999999999,10:24:08,191.71,100,191.98,100,191.78,100
6861,0.39,0.16,0.23,12.149999999999999,10:24:12,191.83,100,192.22,200,192.025,100
6864,0.29000000000000004,0.09,0.2,14.02,10:24:14,191.83,100,192.21,1000,191.845,100
6873,0.51,0.24,0.27,20.3,10:24:20,191.85,100,192.12,100,191.975,300
6892,0.63,0.23,0.4,30.139999999999997,10:24:30,191.63,100,191.79,100,191.82,100
6896,0.52,0.22,0.3,32.11,10:24:32,191.63,100,191.95,100,191.79,100
6919,0.44999999999999996,0.24,0.21,42.05999999999999,10:24:42,191.81,100,191.93,200,191.795,300
6939,0.48,0.19,0.29,50.330000000000005,10:24:50,191.81,200,192.02,100,191.94,100
6965,0.91,0.27,0.64,0.0,10:25:00,191.82,200,192.09,100,191.925,300
6982,0.36,0.09,0.27,13.459999999999997,10:25:13,191.87,200,192.04,100,191.955,100
6987,0.74,0.27,0.47,17.929999999999996,10:25:17,191.87,200,192.0,100,191.9327,300
7013,0.53,0.1,0.43,29.859999999999996,10:25:29,191.9,200,192.14,100,192.0106,400
7151,0.61,0.19,0.42,40.51,10:26:40,192.06,300,192.17,100,192.1238,150
7233,0.45,0.23,0.22,17.25,10:27:17,192.1,300,192.31,300,192.2175,400
7237,0.47000000000000003,0.2,0.27,19.17,10:27:19,192.1,300,192.31,300,192.195,100
7271,0.44,0.25,0.19,2.03,10:28:02,192.12,200,192.31,400,192.2472,100
7291,0.38,0.21,0.17,13.85,10:28:13,192.21,100,192.38,100,192.31,100
7324,0.43000000000000005,0.2,0.23,25.84,10:28:25,192.31,200,192.61,200,192.6,100
7353,0.31,0.08,0.23,35.730000000000004,10:28:35,192.4,200,192.6,200,192.525,300
7381,0.38,0.17,0.21,46.000000000000014,10:28:46,192.4,100,192.61,100,192.52,100
7427,0.41000000000000003,0.21,0.2,2.14,10:29:02,192.57,100,192.74,1100,192.6553,500
7439,3.2600000000000002,2.93,0.33,10.75,10:29:10,192.71,100,192.98,200,192.845,100
7505,0.27,0.07,0.2,33.85000000000001,10:29:33,192.78,400,192.89,400,192.835,200
7516,0.28,0.08,0.2,37.84000000000002,10:29:37,192.78,400,192.89,400,192.8812,170
7566,0.52,0.19,0.33,54.02000000000003,10:29:54,192.95,100,193.2,100,192.95,100
7654,0.33999999999999997,0.09,0.25,39.239999999999995,10:30:39,193.02,600,193.14,100,193.14,100
7665,0.45,0.18,0.27,43.519999999999996,10:30:43,193.04,300,193.14,100,193.09,100
7704,0.29000000000000004,0.07,0.22,0.0,10:31:00,192.86,100,193.08,100,192.98,100
7723,2.41,1.96,0.45,13.13,10:31:13,192.87,300,193.03,200,193.0075,200
7744,0.44,0.24,0.2,24.090000000000007,10:31:24,192.9,300,193.02,100,192.955,100
7804,0.4,0.23,0.17,0.0,10:33:00,193.04,100,193.19,200,193.045,100
7806,0.32,0.15,0.17,0.56,10:33:00,193.07,100,193.21,200,193.135,100
7807,3.0,2.76,0.24,3.56,10:33:03,193.1,200,193.21,200,193.155,100
7811,0.41000000000000003,0.24,0.17,4.830000000000001,10:33:04,193.04,200,193.21,300,193.1,100
7874,0.38,0.19,0.19,26.790000000000017,10:33:26,193.24,100,193.43,100,193.24,100
7899,0.24000000000000002,0.07,0.17,34.80000000000002,10:33:34,193.33,100,193.49,100,193.33,100
7919,0.34,0.08,0.26,40.85000000000002,10:33:40,193.41,100,193.49,100,193.4172,107
7924,0.44,0.19,0.25,42.920000000000016,10:33:42,193.43,200,193.61,100,193.52,174
7941,0.36,0.12,0.24,2.2,10:34:02,193.42,200,193.61,100,193.61,274
7963,0.5,0.23,0.27,15.850000000000001,10:34:15,193.42,400,193.61,100,193.42,300
7979,0.36,0.13,0.23,24.029999999999994,10:34:24,193.44,200,193.61,100,193.525,100
7985,0.27,0.08,0.19,25.919999999999995,10:34:25,193.54,100,193.72,100,193.57,100
8042,0.48,0.23,0.25,48.3,10:34:48,193.29,300,193.63,100,193.45,200
8075,0.63,0.17,0.46,0.0,10:35:00,193.49,100,193.64,400,193.49,100
8078,0.64,0.21,0.43,2.0100000000000002,10:35:02,193.45,100,193.67,200,193.48,100
8084,0.78,0.28,0.5,6.55,10:35:06,193.3,300,193.49,100,193.475,100
8105,0.8,0.26,0.54,19.980000000000004,10:35:19,193.3,400,193.49,200,193.47,100
8114,0.47000000000000003,0.08,0.39,25.640000000000004,10:35:25,193.3,400,193.49,200,193.395,146
8156,2.7600000000000002,2.24,0.52,8.58,10:36:08,193.37,200,193.57,100,193.46,100
8193,0.62,0.18,0.44,32.260000000000005,10:36:32,193.55,300,193.72,100,193.69,100
8196,0.5700000000000001,0.07,0.5,33.84,10:36:33,193.55,500,193.72,100,193.6605,700
8200,0.62,0.18,0.44,36.25,10:36:36,193.7,100,193.79,100,193.74,100
8203,0.58,0.09,0.49,37.839999999999996,10:36:37,193.71,200,193.84,200,193.79,100
8207,0.62,0.09,0.53,40.08999999999999,10:36:40,193.71,200,193.95,100,193.88,100
8210,0.8,0.07,0.73,42.469999999999985,10:36:42,193.72,200,193.94,100,193.89,100
8230,0.64,0.2,0.44,0.0,10:37:00,193.78,200,193.94,100,193.8769,500
8241,0.5700000000000001,0.07,0.5,7.950000000000001,10:37:07,193.81,100,193.94,100,193.84,100
8256,0.6000000000000001,0.28,0.32,19.74000000000001,10:37:19,193.81,200,193.93,200,193.82,100
8259,0.5900000000000001,0.07,0.52,21.53000000000001,10:37:21,193.81,500,193.93,100,193.8208,100
8266,0.6,0.17,0.43,25.70000000000001,10:37:25,193.81,500,193.93,100,193.865,100
8270,0.62,0.26,0.36,27.90000000000001,10:37:27,193.81,500,193.9,100,193.87,100
8289,0.5900000000000001,0.07,0.52,39.51000000000002,10:37:39,193.87,200,194.11,100,193.9,100
8292,0.78,0.35,0.43,41.51000000000002,10:37:41,193.91,100,194.11,100,194.015,100
8295,0.61,0.18,0.43,43.49000000000002,10:37:43,193.91,100,194.11,100,194.01,100
8302,0.5700000000000001,0.07,0.5,47.47000000000003,10:37:47,193.91,500,194.1,100,194.00400000000002,387
8306,0.5700000000000001,0.07,0.5,49.88000000000003,10:37:49,193.91,500,194.09,100,194.0,2900
8309,0.6,0.19,0.41,51.51000000000003,10:37:51,193.92,200,194.08,300,194.08,100
8313,0.63,0.19,0.44,53.73000000000003,10:37:53,193.92,100,194.08,300,193.9952,100
8328,0.59,0.09,0.5,0.0,10:38:00,194.03,200,194.14,100,194.03,100
8335,0.6,0.21,0.39,4.220000000000001,10:38:04,194.05,100,194.24,200,194.14,100
8347,0.61,0.22,0.39,16.21,10:38:16,194.05,600,194.24,100,194.145,100
8350,0.62,0.27,0.35,18.21,10:38:18,194.05,700,194.28,600,194.24,100
8353,0.6000000000000001,0.07,0.53,20.000000000000004,10:38:20,194.25,100,194.42,100,194.25,100
8357,0.45,0.07,0.38,22.430000000000003,10:38:22,194.25,500,194.43,100,194.415,200
8360,0.59,0.09,0.5,24.39,10:38:24,194.25,700,194.45,100,194.255,100
8377,0.61,0.17,0.44,34.410000000000004,10:38:34,194.31,800,194.57,200,194.49,100
8380,0.5800000000000001,0.14,0.44,35.99,10:38:35,194.32,200,194.52,100,194.42,200
8388,0.44,0.08,0.36,40.23,10:38:40,194.32,300,194.58,100,194.5,100
8398,0.8,0.15,0.65,46.61,10:38:46,194.37,100,194.57,100,194.52,100
8404,0.7899999999999999,0.08,0.71,50.58,10:38:50,194.37,800,194.56,200,194.55,100
8406,0.66,0.16,0.5,52.23,10:38:52,194.42,400,194.56,200,194.56,100
8409,1.01,0.13,0.88,54.839999999999996,10:38:54,194.43,200,194.56,200,194.4989,100
8411,0.8500000000000001,0.18,0.67,0.0,10:39:00,194.55,100,194.66,300,194.445,100
8413,0.9299999999999999,0.07,0.86,1.73,10:39:01,194.55,800,194.68,100,194.555,100
8416,0.83,0.13,0.7,4.2,10:39:04,194.55,800,194.7,100,194.5953,200
8418,0.75,0.08,0.67,6.93,10:39:06,194.5,100,194.62,100,194.59,100
8421,0.5800000000000001,0.25,0.33,9.559999999999999,10:39:09,194.47,100,194.65,100,194.48,100
8423,2.21,1.42,0.79,12.509999999999998,10:39:12,194.47,100,194.63,100,194.57,200
8425,0.79,0.18,0.61,14.099999999999998,10:39:14,194.51,500,194.63,100,194.63,100
8427,0.77,0.18,0.59,15.489999999999998,10:39:15,194.51,500,194.7,100,194.7,100
8431,0.79,0.18,0.61,20.099999999999998,10:39:20,194.51,900,194.7,100,194.5784,600
8433,0.79,0.25,0.54,21.509999999999998,10:39:21,194.51,900,194.73,100,194.715,100
8440,0.76,0.27,0.49,26.719999999999995,10:39:26,194.56,100,194.83,100,194.74,100
8446,0.95,0.22,0.73,31.889999999999997,10:39:31,194.69,200,194.9,200,194.785,200
8451,0.61,0.08,0.53,35.32,10:39:35,194.69,500,194.89,100,194.8286,700
8455,0.8,0.3,0.5,37.94,10:39:37,194.69,500,194.89,100,194.88,100
8458,0.76,0.14,0.62,39.89,10:39:39,194.69,800,194.98,100,194.89,100
8461,0.7799999999999999,0.08,0.7,41.900000000000006,10:39:41,194.69,700,194.99,100,194.84,100
8464,0.6300000000000001,0.07,0.56,43.92000000000001,10:39:43,194.69,700,194.99,100,194.96,100
8466,0.6499999999999999,0.07,0.58,45.34000000000001,10:39:45,194.69,700,194.99,100,194.8455,120
8472,0.7699999999999999,0.08,0.69,49.69000000000002,10:39:49,194.84,300,194.99,100,194.8346,110
8480,0.78,0.15,0.63,55.69000000000002,10:39:55,194.84,100,194.89,100,194.87,100
8483,0.8099999999999999,0.22,0.59,58.090000000000025,10:39:58,194.84,200,194.9,100,194.9,100
8485,0.64,0.14,0.5,0.0,10:40:00,194.69,200,194.86,100,194.75,100
8497,4.56,3.8,0.76,13.749999999999996,10:40:13,194.69,600,194.87,200,194.86,100
8500,0.8,0.17,0.63,16.539999999999996,10:40:16,194.69,600,194.87,300,194.78,300
8529,0.6,0.17,0.43,37.74000000000001,10:40:37,194.78,100,194.87,200,194.8,100
8533,0.96,0.33,0.63,40.51000000000001,10:40:40,194.7,300,194.85,100,194.73,100
8577,0.6000000000000001,0.14,0.46,0.0,10:41:00,194.52,500,194.7,500,194.6244,100
8582,3.0200000000000005,2.49,0.53,6.800000000000001,10:41:06,194.59,100,194.69,200,194.5778,900
8584,0.62,0.25,0.37,8.02,10:41:08,194.59,200,194.69,200,194.6222,1000
8605,0.66,0.2,0.46,22.609999999999996,10:41:22,194.61,200,194.9,200,194.7724,100
8660,0.5900000000000001,0.26,0.33,0.0,10:42:00,194.61,300,194.89,200,194.8408,1117
8667,0.56,0.07,0.49,3.9600000000000004,10:42:03,194.61,300,194.87,100,194.7172,400
8671,0.43999999999999995,0.09,0.35,6.199999999999999,10:42:06,194.61,400,194.87,100,194.753,100
8687,0.5900000000000001,0.28,0.31,20.079999999999995,10:42:20,194.61,400,194.89,200,194.71,100
8702,0.6,0.25,0.35,30.299999999999997,10:42:30,194.61,400,194.88,200,194.8022,175
8705,0.61,0.29,0.32,32.1,10:42:32,194.62,500,194.88,200,194.875,100
8726,0.45,0.08,0.37,44.09,10:42:44,194.63,400,194.86,100,194.79,100
8770,0.59,0.08,0.51,0.59,10:43:00,194.85,300,194.99,100,194.925,100
8772,1.19,0.7,0.49,2.21,10:43:02,194.85,300,195.0,900,194.99,100
8775,0.6,0.08,0.52,4.789999999999999,10:43:04,194.85,600,195.0,900,194.85,500
8777,0.65,0.13,0.52,6.239999999999999,10:43:06,194.86,300,195.0,900,194.9489,500
8780,0.61,0.08,0.53,8.2,10:43:08,194.94,200,195.11,500,195.0,100
8783,0.7799999999999999,0.08,0.7,10.41,10:43:10,194.94,500,195.1,100,195.02,100
8789,0.8099999999999999,0.21,0.6,15.200000000000001,10:43:15,194.94,400,195.11,600,195.055,100
8791,0.6399999999999999,0.07,0.57,16.64,10:43:16,194.94,500,195.1,200,195.025,100
8800,0.66,0.21,0.45,22.650000000000002,10:43:22,194.94,400,195.1,100,195.105,103
8803,0.75,0.25,0.5,24.790000000000003,10:43:24,195.06,100,195.24,200,195.11,447
8808,0.46,0.08,0.38,28.03,10:43:28,195.06,700,195.24,100,195.15,100
8815,0.63,0.17,0.46,32.620000000000005,10:43:32,195.07,100,195.18,200,195.18,100
8818,0.7899999999999999,0.22,0.57,34.99000000000001,10:43:34,195.07,100,195.23,100,195.1103,200
8820,0.79,0.12,0.67,36.42000000000001,10:43:36,195.06,700,195.24,100,195.115,100
8832,0.6,0.1,0.5,0.0,10:44:00,195.07,200,195.24,100,195.1973,300
8835,0.46,0.12,0.34,1.8599999999999999,10:44:01,195.19,300,195.3,100,195.25,200
8841,0.56,0.07,0.49,5.630000000000001,10:44:05,195.19,100,195.3,300,195.299,1000
8845,0.59,0.21,0.38,7.84,10:44:07,195.22,100,195.4,100,195.3,100
8848,1.4,0.92,0.48,10.42,10:44:10,195.22,300,195.4,100,195.31,100
8850,0.58,0.08,0.5,11.61,10:44:11,195.22,300,195.29,100,195.395,100
8852,2.2,1.66,0.54,14.419999999999998,10:44:14,195.22,300,195.29,100,195.2895,100
8854,0.5900000000000001,0.14,0.45,15.779999999999998,10:44:15,195.22,300,195.4,100,195.23,100
8857,0.7899999999999999,0.09,0.7,17.999999999999996,10:44:17,195.22,300,195.4,100,195.29,195
8863,0.6399999999999999,0.07,0.57,22.02,10:44:22,195.22,300,195.4,100,195.39,100
8866,0.76,0.07,0.69,24.2,10:44:24,195.23,300,195.4,100,195.4,100
8871,0.5900000000000001,0.13,0.46,27.590000000000003,10:44:27,195.23,100,195.4,100,195.315,200
8874,0.6100000000000001,0.07,0.54,29.630000000000003,10:44:29,195.25,300,195.43,300,195.43,100
8898,0.61,0.25,0.36,43.62000000000002,10:44:43,195.26,200,195.49,100,195.355,100
8905,0.63,0.27,0.36,47.590000000000025,10:44:47,195.35,300,195.49,100,195.4865,100
8909,0.58,0.17,0.41,49.980000000000025,10:44:49,195.26,500,195.49,100,195.42,100
8912,0.44,0.07,0.37,51.630000000000024,10:44:51,195.01,100,195.48,100,195.1625,100
8915,0.64,0.18,0.46,53.42000000000002,10:44:53,195.01,100,195.48,100,195.01,100
8916,0.5800000000000001,0.18,0.4,54.00000000000002,10:44:54,195.01,100,195.48,100,195.245,200
8936,4.2,3.76,0.44,6.99,10:45:06,195.04,100,195.4,400,195.21,100
8938,0.44,0.07,0.37,8.02,10:45:08,195.04,300,195.4,400,195.22,500
8942,1.42,0.97,0.45,11.2,10:45:11,195.05,200,195.36,200,195.1852,100
8947,2.3600000000000003,1.84,0.52,16.369999999999997,10:45:16,195.06,200,195.35,1500,195.065,100
8956,0.65,0.23,0.42,22.039999999999996,10:45:22,195.07,100,195.23,100,195.155,110
8959,0.61,0.21,0.4,24.049999999999994,10:45:24,195.07,100,195.23,100,195.1586,150
8965,0.5900000000000001,0.14,0.45,27.619999999999997,10:45:27,194.85,200,195.2,100,194.926,100
8972,0.58,0.08,0.5,31.97,10:45:31,194.93,100,195.2,100,194.94,100
8984,0.75,0.14,0.61,39.779999999999994,10:45:39,194.95,300,195.1,300,195.09,100
8986,0.62,0.08,0.54,41.029999999999994,10:45:41,194.95,200,195.1,300,194.95,100
9003,0.61,0.18,0.43,52.01,10:45:52,194.95,400,195.19,100,195.1,100
9015,0.44,0.12,0.32,0.0,10:46:00,194.96,200,195.1,100,195.03,150
9030,0.63,0.21,0.42,12.190000000000001,10:46:12,194.83,200,195.08,200,194.955,100
9034,0.5900000000000001,0.26,0.33,14.39,10:46:14,194.82,200,195.09,100,194.83,100
9077,0.6300000000000001,0.07,0.56,42.209999999999994,10:46:42,194.82,300,194.97,100,194.91,100
9083,0.7799999999999999,0.09,0.69,46.79,10:46:46,194.83,200,194.97,100,194.9325,100
9099,0.94,0.35,0.59,56.95000000000002,10:46:56,194.64,100,194.81,100,194.725,200
9109,0.6100000000000001,0.28,0.33,0.0,10:47:00,194.65,300,194.8,200,194.68,100
9115,2.97,2.47,0.5,9.18,10:47:09,194.83,300,195.19,100,195.085,100
9119,0.63,0.19,0.44,12.39,10:47:12,194.83,400,195.05,100,194.9363,300
9136,0.59,0.15,0.44,22.399999999999995,10:47:22,194.84,100,195.05,100,194.9618,200
9157,0.65,0.17,0.48,34.04999999999999,10:47:34,194.86,200,195.04,200,194.8605,100
9166,0.5900000000000001,0.07,0.52,40.209999999999994,10:47:40,194.86,300,195.05,100,194.9518,100
9203,4.82,4.37,0.45,0.0,10:48:00,195.02,200,195.12,100,195.05,100
9205,0.62,0.22,0.4,3.0,10:48:03,195.01,100,195.1,100,195.06,300
9235,0.62,0.24,0.38,20.799999999999994,10:48:20,194.97,200,195.07,100,194.97,100
9292,0.43,0.08,0.35,7.64,10:49:07,194.62,100,194.82,100,194.66,100
9297,0.5800000000000001,0.07,0.51,13.589999999999998,10:49:13,194.62,200,194.86,100,194.752,100
9312,0.43,0.07,0.36,21.830000000000002,10:49:21,194.52,200,194.73,100,194.521,100
9315,0.62,0.23,0.39,23.610000000000003,10:49:23,194.52,200,194.83,100,194.6905,200
9341,0.61,0.08,0.53,40.24000000000001,10:49:40,194.53,100,194.73,100,194.6139,600
9347,0.61,0.15,0.46,44.39000000000001,10:49:44,194.53,200,194.71,300,194.62,100
9352,0.8500000000000001,0.2,0.65,48.03000000000001,10:49:48,194.53,200,194.71,200,194.54,100
9363,0.98,0.18,0.8,55.99000000000001,10:49:55,194.53,200,194.69,100,194.6899,100
9366,0.77,0.21,0.56,58.41000000000001,10:49:58,194.53,200,194.69,100,194.53,100
9376,0.61,0.09,0.52,3.78,10:50:03,194.31,100,194.6,100,194.31,100
9386,2.2,1.55,0.65,14.129999999999999,10:50:14,194.1,100,194.41,100,194.40900000000002,100
9388,2.7600000000000002,2.18,0.58,17.54,10:50:17,193.97,200,194.11,100,194.11,300
9389,0.62,0.18,0.44,18.16,10:50:18,193.97,200,194.16,200,194.04,100
9391,0.6000000000000001,0.2,0.4,19.360000000000003,10:50:19,193.98,100,194.16,200,194.065,100
9398,0.5900000000000001,0.07,0.52,23.520000000000007,10:50:23,193.99,200,194.15,100,194.06,100
9424,0.44,0.07,0.37,37.740000000000016,10:50:37,194.0,200,194.19,200,194.17,100
9427,0.6000000000000001,0.2,0.4,39.52000000000002,10:50:39,194.0,200,194.19,200,194.1072,200
9430,0.5800000000000001,0.26,0.32,41.31000000000002,10:50:41,194.0,200,194.19,200,194.1254,600
9449,0.61,0.18,0.43,51.690000000000005,10:50:51,194.0,300,194.11,300,194.0959,300
9455,0.5700000000000001,0.07,0.5,55.28,10:50:55,194.0,300,194.11,300,194.055,300
9456,0.44,0.07,0.37,55.72,10:50:55,194.0,300,194.11,300,194.0517,100
9516,0.63,0.18,0.45,41.93000000000002,10:51:41,194.0,100,194.13,100,194.035,200
9529,0.6000000000000001,0.07,0.53,50.14000000000002,10:51:50,194.0,100,194.13,200,194.0691,200
9554,3.45,2.83,0.62,0.0,10:52:00,193.85,200,194.13,200,193.85,100
9557,0.8200000000000001,0.18,0.64,2.7800000000000002,10:52:02,193.85,200,194.0,400,193.9242,300
9563,0.62,0.13,0.49,6.99,10:52:06,193.7,100,193.85,500,193.76,300
9564,0.6100000000000001,0.27,0.34,7.6000000000000005,10:52:07,193.51,500,193.81,100,193.7,100
9582,0.75,0.26,0.49,19.349999999999994,10:52:19,193.45,100,193.84,200,193.53,100
9602,0.64,0.19,0.45,33.199999999999996,10:52:33,193.45,100,193.82,300,193.63,100
9609,0.59,0.08,0.51,37.37000000000001,10:52:37,193.45,100,193.8,100,193.6685,600
9614,0.59,0.08,0.51,41.36000000000002,10:52:41,193.45,100,193.8,200,193.62,100
9668,0.61,0.2,0.41,10.229999999999999,10:53:10,193.55,300,193.82,100,193.6479,270
9732,0.5700000000000001,0.12,0.45,0.0,10:54:00,193.57,300,193.82,200,193.695,100
9744,3.38,2.89,0.49,12.43,10:54:12,193.59,300,193.82,200,193.77,100
9780,0.6,0.11,0.49,16.23,10:56:16,193.83,200,194.11,100,193.965,200
9799,0.6100000000000001,0.07,0.54,28.860000000000007,10:56:28,193.83,400,194.1,100,193.97,100
9850,0.61,0.21,0.4,18.209999999999997,10:57:18,193.89,300,194.08,100,193.9373,190
9862,0.58,0.08,0.5,24.589999999999996,10:57:24,193.89,300,194.08,100,193.9983,1000
9882,0.6,0.24,0.36,36.39000000000001,10:57:36,193.88,200,194.05,100,193.91,100
9926,3.18,2.58,0.6,0.0,10:58:00,193.91,300,194.03,200,193.9533,500
9937,0.5700000000000001,0.07,0.5,6.200000000000001,10:58:06,193.81,100,193.95,100,193.86,100
9986,0.6000000000000001,0.2,0.4,34.25000000000001,10:58:34,193.72,100,193.86,100,193.83,100
9999,2.33,1.88,0.45,0.0,10:59:00,193.72,100,193.85,100,193.73,100
10081,0.5700000000000001,0.07,0.5,50.97000000000003,10:59:50,193.76,300,194.0,200,193.94,100
10085,0.5700000000000001,0.18,0.39,52.99000000000002,10:59:52,193.76,300,194.0,200,193.78,100
10100,1.19,0.61,0.58,0.0,11:00:00,193.76,300,194.0,200,193.9467,150
10186,4.41,3.86,0.55,0.0,11:01:00,193.87,500,193.97,200,193.95,100
10210,0.57,0.09,0.48,12.98,11:01:12,193.88,300,193.98,100,193.98,100
10221,0.5700000000000001,0.07,0.5,19.209999999999997,11:01:19,193.99,400,194.25,100,194.25900000000001,500
10224,0.43,0.07,0.36,20.819999999999997,11:01:20,194.0,100,194.25,100,194.1215,200
10225,0.5700000000000001,0.07,0.5,21.389999999999997,11:01:21,194.0,300,194.25,100,194.22,100
10256,135.06,134.46,0.6,0.0,11:04:00,194.27,100,194.36,100,194.315,100
10257,0.76,0.07,0.69,0.76,11:04:00,194.28,200,194.39,100,194.36,100
10259,1.23,0.7,0.53,2.78,11:04:02,194.35,200,194.5,100,194.335,100
10261,0.7699999999999999,0.08,0.69,4.329999999999999,11:04:04,194.36,200,194.5,100,194.47,100
10267,0.6000000000000001,0.07,0.53,8.15,11:04:08,194.36,200,194.49,200,194.4297,300
10273,0.59,0.08,0.51,12.110000000000001,11:04:12,194.25,100,194.44,100,194.305,100
10299,0.59,0.22,0.37,29.939999999999998,11:04:29,194.07,400,194.42,200,194.38,100
10306,0.59,0.09,0.5,34.330000000000005,11:04:34,194.08,100,194.41,100,194.26,100
10309,0.76,0.08,0.68,36.290000000000006,11:04:36,194.09,200,194.4,100,194.39,100
10340,1.56,0.89,0.67,0.0,11:05:00,194.21,300,194.38,300,194.21,100
10344,3.99,3.43,0.56,5.800000000000001,11:05:05,194.21,300,194.38,300,194.3035,177
10367,0.43,0.13,0.3,19.029999999999998,11:05:19,194.25,100,194.38,200,194.29,100
10381,0.59,0.29,0.3,26.849999999999998,11:05:26,194.14,200,194.35,200,194.2618,100
10392,0.62,0.21,0.41,33.059999999999995,11:05:33,194.15,200,194.35,200,194.16,100
10410,0.44,0.07,0.37,42.719999999999985,11:05:42,194.17,100,194.35,200,194.282,493
10422,0.59,0.18,0.41,1.17,11:06:01,194.17,300,194.35,200,194.2625,100
10473,0.44,0.13,0.31,35.15,11:06:35,194.15,100,194.29,100,194.1875,400
10503,0.6,0.22,0.38,51.349999999999994,11:06:51,194.15,200,194.29,100,194.22299999999998,100
10514,0.6000000000000001,0.2,0.4,0.0,11:07:00,194.15,400,194.29,100,194.225,200
10521,3.98,3.41,0.57,7.779999999999999,11:07:07,194.23,100,194.34,100,194.32,100
10529,1.39,0.94,0.45,14.6,11:07:14,194.18,100,194.34,100,194.2825,100
10613,4.41,3.9,0.51,0.0,11:08:00,194.18,100,194.31,200,194.2255,100
10724,0.62,0.18,0.44,25.810000000000006,11:09:25,194.27,300,194.39,100,194.3899,112
10731,0.5800000000000001,0.07,0.51,30.000000000000007,11:09:30,194.27,300,194.41,100,194.41,100
10800,0.61,0.17,0.44,0.0,11:10:00,194.17,200,194.32,100,194.23,196
10812,0.44,0.08,0.36,7.630000000000001,11:10:07,194.15,500,194.31,200,194.27,100
10820,0.43,0.07,0.36,11.81,11:10:11,194.15,400,194.32,300,194.19,100
10824,0.61,0.22,0.39,14.01,11:10:14,194.15,400,194.39,200,194.2743,100
10827,0.57,0.09,0.48,15.780000000000001,11:10:15,194.15,500,194.39,300,194.34,100
10846,0.59,0.24,0.35,28.000000000000007,11:10:28,194.0,200,194.2,100,194.02,100
10849,0.6100000000000001,0.07,0.54,29.950000000000006,11:10:29,194.0,100,194.2,200,194.1,200
10873,0.5900000000000001,0.19,0.4,43.55000000000001,11:10:43,193.95,200,194.08,100,194.025,1000
10919,0.6,0.17,0.43,29.840000000000007,11:11:29,193.86,100,193.97,100,193.9113,100
10930,0.5900000000000001,0.19,0.4,36.04000000000002,11:11:36,193.65,300,193.93,300,193.8,100
10950,0.59,0.09,0.5,48.450000000000024,11:11:48,193.65,400,193.81,200,193.66,100
10953,0.59,0.08,0.51,50.24000000000003,11:11:50,193.5,100,193.7,200,193.51,100
10958,0.6,0.18,0.42,53.09000000000004,11:11:53,193.5,200,193.7,200,193.5,100
10978,0.56,0.07,0.49,10.16,11:12:10,193.5,400,193.7,200,193.5966,300
10981,0.5900000000000001,0.07,0.52,15.17,11:12:15,193.5,400,193.7,200,193.6129,200
10983,0.44999999999999996,0.09,0.36,19.02,11:12:19,193.5,400,193.7,200,193.6,100
10988,0.64,0.23,0.41,24.009999999999998,11:12:24,193.68,500,193.85,200,193.75,100
11028,0.8099999999999999,0.24,0.57,50.82,11:12:50,193.72,100,193.85,300,193.72,300
11050,0.62,0.08,0.54,6.030000000000001,11:13:06,194.05,100,194.29,400,194.05,100
11076,0.81,0.2,0.61,28.41000000000001,11:13:28,194.07,200,194.3,200,194.1926,125
11078,0.8,0.19,0.61,29.990000000000013,11:13:29,194.13,200,194.31,100,194.3,100
11081,0.78,0.07,0.71,32.21000000000001,11:13:32,194.13,200,194.31,100,194.30900000000003,100
11132,0.6,0.17,0.43,3.97,11:14:03,194.29,400,194.47,100,194.43,100
11158,0.44,0.08,0.36,23.789999999999996,11:14:23,194.31,400,194.47,200,194.45,100
11182,0.62,0.18,0.44,37.98999999999999,11:14:37,194.27,100,194.47,500,194.46,100
11214,0.79,0.17,0.62,7.830000000000001,11:16:07,194.0,200,194.31,100,194.09,100
11223,0.62,0.24,0.38,14.08,11:16:14,193.78,100,193.99,200,193.99,100
11272,0.61,0.18,0.43,22.78,11:17:22,194.02,100,194.16,100,194.15,100
11275,0.59,0.18,0.41,24.38,11:17:24,194.05,100,194.27,200,194.2,100
11315,0.6,0.22,0.38,46.400000000000006,11:17:46,194.19,100,194.43,300,194.37,100
11326,0.44,0.12,0.32,0.0,11:18:00,194.2,100,194.45,300,194.44,100
11361,0.6100000000000001,0.07,0.54,28.570000000000004,11:18:28,194.29,100,194.47,100,194.35,400
11364,0.63,0.08,0.55,30.610000000000003,11:18:30,194.29,200,194.47,100,194.4699,6000
11433,0.77,0.07,0.7,0.0,11:19:00,194.23,300,194.37,300,194.2804,900
11542,0.6000000000000001,0.07,0.53,19.56,11:20:19,194.33,100,194.46,100,194.33,100
11597,0.6,0.08,0.52,11.759999999999998,11:21:11,194.33,200,194.5,300,194.4108,139
11621,0.79,0.15,0.64,30.199999999999996,11:21:30,194.33,300,194.45,200,194.3978,126
11658,0.6100000000000001,0.07,0.54,2.7800000000000002,11:22:02,194.37,200,194.47,200,194.4623,800
11711,0.43,0.07,0.36,39.82000000000001,11:22:39,194.22,300,194.46,100,194.4,100
11769,0.79,0.34,0.45,0.0,11:23:00,194.27,100,194.46,300,194.275,100
12007,0.59,0.09,0.5,23.97,11:26:23,194.22,100,194.47,300,194.345,100
12091,7.41,6.91,0.5,0.0,11:29:00,194.03,100,194.16,200,194.11599999999999,400
12147,2.5700000000000003,1.76,0.81,0.0,11:30:00,193.86,600,194.0,300,193.93,200
12198,0.6,0.24,0.36,0.0,11:31:00,194.07,300,194.26,200,194.165,100
12298,2.3899999999999997,1.91,0.48,4.02,11:32:04,194.36,100,194.46,200,194.365,100
12320,0.5800000000000001,0.07,0.51,17.449999999999996,11:32:17,194.47,400,194.66,400,194.65,100
12377,0.61,0.12,0.49,4.57,11:33:04,194.51,300,194.66,100,194.585,200
12395,0.5800000000000001,0.07,0.51,18.400000000000006,11:33:18,194.51,600,194.66,100,194.5901,100
12415,0.62,0.18,0.44,30.41000000000001,11:33:30,194.74,300,194.92,100,194.92,100
12422,0.43999999999999995,0.09,0.35,34.25000000000001,11:33:34,194.81,100,194.99,100,194.98,100
12447,0.43,0.07,0.36,47.81000000000001,11:33:47,194.68,300,194.83,100,194.825,100
12520,0.6,0.08,0.52,32.42999999999999,11:34:32,194.82,200,194.93,200,194.93,100
12553,0.75,0.17,0.58,0.0,11:35:00,194.83,100,194.93,200,194.8748,125
12566,79.02,78.7,0.32,0.0,11:36:00,194.96,600,195.07,400,195.02200000000002,150
12575,0.59,0.18,0.41,5.1499999999999995,11:36:05,194.8,100,194.94,100,194.82,100
12622,0.6000000000000001,0.07,0.53,4.37,11:37:04,194.84,400,194.99,100,194.915,100
12676,0.57,0.08,0.49,37.940000000000005,11:37:37,194.9,100,194.99,200,194.945,200
12701,0.59,0.15,0.44,51.999999999999986,11:37:51,194.99,200,195.13,100,195.07,100
12705,0.5700000000000001,0.12,0.45,0.0,11:38:00,194.99,300,195.13,100,195.0817,100
12782,0.62,0.14,0.48,1.62,11:40:01,195.28,600,195.45,100,195.46900000000002,200
12791,0.75,0.24,0.51,0.0,11:41:00,195.29,200,195.45,100,195.3444,1000
12804,0.62,0.21,0.41,11.84,11:41:11,195.3,200,195.45,100,195.44,100
12825,0.75,0.07,0.68,28.17,11:41:28,195.34,400,195.49,100,195.42700000000002,151
12859,0.5900000000000001,0.14,0.45,50.03000000000002,11:41:50,195.39,100,195.6,100,195.57,100
12862,0.61,0.19,0.42,51.83000000000003,11:41:51,195.45,300,195.7,800,195.64,100
12866,0.75,0.07,0.68,54.40000000000003,11:41:54,195.45,400,195.68,100,195.5618,400
12873,0.4,0.2,0.2,0.0,11:42:00,195.45,600,195.68,100,195.525,200
12891,0.25,0.07,0.18,8.01,11:42:08,195.45,800,195.68,100,195.67,100
12897,0.26,0.08,0.18,9.780000000000001,11:42:09,195.5,200,195.68,100,195.645,100
12901,0.95,0.74,0.21,12.530000000000001,11:42:12,195.5,400,195.68,100,195.574,500
12934,0.42000000000000004,0.22,0.2,27.82999999999999,11:42:27,195.51,200,195.67,100,195.59,100
12975,0.33999999999999997,0.15,0.19,41.78999999999999,11:42:41,195.53,200,195.63,100,195.63,100
12981,0.41000000000000003,0.22,0.19,43.91999999999999,11:42:43,195.3,100,195.63,200,195.415,100
12986,0.23,0.07,0.16,45.609999999999985,11:42:45,195.25,100,195.63,200,195.55,100
13055,0.29000000000000004,0.07,0.22,0.0,11:43:00,195.39,400,195.58,100,195.475,100
13108,0.45,0.07,0.38,23.099999999999998,11:43:23,195.42,400,195.61,100,195.62,100
13123,0.33,0.13,0.2,28.80999999999999,11:43:28,195.42,400,195.6,100,195.5341,275
13134,0.30000000000000004,0.07,0.23,32.889999999999986,11:43:32,195.45,100,195.64,100,195.58,100
13140,0.38,0.15,0.23,34.69999999999999,11:43:34,195.47,100,195.64,100,195.465,100
13142,84.78,84.59,0.19,0.0,11:45:00,195.68,200,195.84,100,195.68,127
13145,0.25,0.07,0.18,0.99,11:45:00,195.68,300,195.83,200,195.7606,100
13157,0.24000000000000002,0.07,0.17,4.840000000000001,11:45:04,195.68,300,195.84,100,195.72,100
13170,0.25,0.08,0.17,8.89,11:45:08,195.68,400,195.84,200,195.76,200
13182,0.26,0.09,0.17,12.700000000000003,11:45:12,195.68,600,195.84,100,195.84,100
13189,0.35,0.17,0.18,14.800000000000002,11:45:14,195.8,100,195.89,100,195.845,100
13196,0.23,0.07,0.16,16.71,11:45:16,195.79,400,195.88,100,195.79,1000
13209,0.44,0.23,0.21,21.009999999999998,11:45:21,195.79,500,195.89,200,195.88,100
13215,0.37,0.21,0.16,22.939999999999998,11:45:22,195.83,400,195.98,100,195.93,100
13222,0.34,0.17,0.17,24.909999999999993,11:45:24,195.85,200,196.0,400,196.0,300
13244,0.25,0.08,0.17,32.81999999999999,11:45:32,195.87,100,196.0,400,195.94,100
13272,0.41000000000000003,0.23,0.18,41.089999999999996,11:45:41,195.71,200,195.93,100,195.82,100
13293,0.28,0.12,0.16,6.89,11:46:06,195.75,200,195.92,100,195.75,100
13295,4.75,4.48,0.27,12.0,11:46:12,195.75,300,195.94,100,195.9,100
13305,0.24000000000000002,0.07,0.17,16.23,11:46:16,195.84,600,195.97,100,195.87,100
13311,0.54,0.29,0.25,22.39,11:46:22,195.84,600,195.98,100,195.97,100
13327,0.30000000000000004,0.07,0.23,28.099999999999998,11:46:28,195.84,400,195.98,200,195.955,100
13360,0.28,0.07,0.21,38.100000000000016,11:46:38,195.87,300,196.0,400,195.99,100
13387,0.26,0.07,0.19,48.26000000000001,11:46:48,195.72,200,196.0,200,195.8693,100
13404,0.47,0.23,0.24,54.16000000000002,11:46:54,195.83,100,196.0,300,195.91,100
13447,0.8200000000000001,0.51,0.31,8.47,11:47:08,196.04,100,196.15,100,196.14,100
13462,0.32,0.12,0.2,16.009999999999998,11:47:16,196.17,200,196.33,1000,196.245,400
13468,0.26,0.08,0.18,17.809999999999995,11:47:17,196.23,200,196.44,100,196.23,100
13474,0.27,0.07,0.2,19.979999999999997,11:47:19,196.26,100,196.44,100,196.44,200
13480,0.29000000000000004,0.07,0.22,21.819999999999993,11:47:21,196.26,200,196.44,100,196.261,500
13487,0.4,0.18,0.22,23.959999999999997,11:47:23,196.21,200,196.4,100,196.325,100
13490,0.28,0.09,0.19,24.8,11:47:24,196.21,200,196.37,100,196.32,100
13494,0.28,0.07,0.21,25.98,11:47:25,196.21,300,196.42,100,196.24,100
13506,0.27,0.08,0.19,29.9,11:47:29,196.21,100,196.63,500,196.28,100
13518,0.29000000000000004,0.07,0.22,33.79,11:47:33,196.21,100,196.47,100,196.53799999999998,300
13536,0.29000000000000004,0.09,0.2,39.83,11:47:39,196.21,300,196.47,100,196.26,100
13559,0.33,0.13,0.2,47.86000000000001,11:47:47,196.27,100,196.62,100,196.609,100
13565,0.3,0.09,0.21,49.839999999999996,11:47:49,196.27,100,196.62,100,196.49,100
13590,0.47000000000000003,0.27,0.2,0.0,11:48:00,196.38,600,196.59,100,196.4716,600
13595,0.58,0.22,0.36,2.07,11:48:02,196.38,600,196.59,100,196.485,100
13603,1.68,1.45,0.23,12.45,11:48:12,196.39,400,196.59,100,196.55,100
13628,0.56,0.22,0.34,23.82999999999999,11:48:23,196.48,300,196.63,300,196.59,100
13634,0.33999999999999997,0.16,0.18,25.629999999999992,11:48:25,196.35,100,196.59,300,196.5,100
13652,0.3,0.09,0.21,31.649999999999995,11:48:31,196.31,100,196.62,600,196.62,100
13677,0.39,0.18,0.21,39.63999999999998,11:48:39,196.35,100,196.54,200,196.45,100
13745,0.28,0.1,0.18,0.0,11:49:00,196.42,500,196.6,200,196.43,100
13752,0.74,0.51,0.23,6.49,11:49:06,196.42,500,196.6,300,196.48,100
13762,0.38,0.22,0.16,17.889999999999997,11:49:17,196.52,400,196.6,200,196.52,100
13832,0.26,0.07,0.19,39.93999999999999,11:49:39,196.22,100,196.47,200,196.42,100
13839,0.43000000000000005,0.26,0.17,42.089999999999996,11:49:42,196.22,100,196.47,200,196.3622,300
13864,0.27,0.07,0.2,50.02999999999999,11:49:50,196.23,100,196.47,200,196.425,100
13893,0.4,0.23,0.17,0.0,11:50:00,196.23,300,196.47,200,196.4,400
13902,2.61,2.31,0.3,5.91,11:50:05,196.23,300,196.47,200,196.35,100
13907,0.24000000000000002,0.07,0.17,7.94,11:50:07,196.23,400,196.46,100,196.3,100
13919,0.35,0.18,0.17,18.060000000000002,11:50:18,196.23,400,196.46,100,196.2301,100
13932,0.41000000000000003,0.25,0.16,22.11,11:50:22,196.23,400,196.46,200,196.41,100
14014,0.28,0.11,0.17,47.910000000000004,11:50:47,196.23,500,196.41,200,196.39,200
14062,1.6099999999999999,1.26,0.35,2.4,11:51:02,196.23,300,196.38,100,196.38,100
14065,0.28,0.09,0.19,3.2800000000000002,11:51:03,196.23,300,196.38,100,196.37,100
14072,0.35,0.14,0.21,9.360000000000001,11:51:09,196.24,300,196.38,200,196.3621,200
14103,0.4,0.15,0.25,19.580000000000002,11:51:19,196.29,100,196.38,200,196.29,100
14109,0.42000000000000004,0.22,0.2,21.390000000000004,11:51:21,196.25,300,196.33,100,196.315,100
14116,0.38,0.17,0.21,23.640000000000004,11:51:23,196.0,200,196.33,100,196.11,100
14139,0.42000000000000004,0.23,0.19,31.36000000000001,11:51:31,196.0,200,196.29,100,196.2043,200
14206,3.46,3.28,0.18,0.0,11:52:00,196.01,100,196.2,300,196.02,100
14215,0.29000000000000004,0.07,0.22,4.94,11:52:04,195.96,100,196.11,100,195.98,100
14250,0.24000000000000002,0.07,0.17,18.750000000000007,11:52:18,195.9,100,196.09,100,195.96,100
14263,0.41000000000000003,0.22,0.19,23.170000000000016,11:52:23,195.91,200,196.03,100,196.01,100
14311,0.32,0.14,0.18,38.960000000000015,11:52:38,195.92,200,196.16,100,196.015,200
14325,0.27,0.08,0.19,42.69000000000002,11:52:42,195.91,400,196.19,100,195.92,100
14349,0.41000000000000003,0.19,0.22,0.0,11:53:00,195.92,100,196.16,200,196.048,100
14375,0.4,0.2,0.2,13.8,11:53:13,195.92,400,196.16,200,196.03,100
14397,0.25,0.08,0.17,25.850000000000005,11:53:25,195.93,100,196.16,200,196.04,100
14481,0.56,0.28,0.28,54.08000000000004,11:53:54,195.79,200,195.89,400,195.81,100
14505,0.39,0.21,0.18,6.06,11:54:06,195.83,100,196.0,100,195.89,100
14516,1.04,0.77,0.27,14.29,11:54:14,195.82,100,195.89,300,195.83,100
14517,1.98,1.65,0.33,16.27,11:54:16,195.8,100,195.89,300,195.8398,200
14566,0.33,0.14,0.19,33.41000000000001,11:54:33,195.86,200,195.99,200,195.86,100
14643,0.43000000000000005,0.26,0.17,58.24000000000002,11:54:58,195.86,200,195.99,100,195.925,200
14722,0.3,0.08,0.22,30.25000000000001,11:55:30,195.93,200,196.07,100,195.965,100
14758,0.36,0.14,0.22,43.95000000000002,11:55:43,195.95,200,196.07,100,196.07,100
14764,0.4,0.18,0.22,46.21000000000002,11:55:46,196.04,300,196.13,100,196.0375,100
14781,0.5700000000000001,0.23,0.34,52.140000000000036,11:55:52,196.05,300,196.19,100,196.08,100
14806,4.1499999999999995,3.84,0.31,0.0,11:56:00,196.09,300,196.17,200,196.1,100
14812,0.28,0.07,0.21,2.01,11:56:02,196.1,300,196.2,100,196.18,100
14822,1.77,1.53,0.24,8.77,11:56:08,196.1,400,196.24,100,196.145,100
14851,0.25,0.07,0.18,18.029999999999998,11:56:18,196.12,300,196.24,100,196.2016,100
14987,0.26,0.07,0.19,13.17,11:57:13,196.23,200,196.44,100,196.335,1100
14997,0.36,0.17,0.19,17.22,11:57:17,196.23,200,196.32,1400,196.377,200
15055,0.34,0.17,0.17,37.36,11:57:37,196.32,100,196.46,100,196.34799999999998,200
15083,0.37,0.17,0.2,47.59,11:57:47,196.35,100,196.46,100,196.4241,100
15107,0.41,0.12,0.29,0.0,11:58:00,196.48,300,196.6,300,196.5328,100
15109,5.33,5.14,0.19,5.76,11:58:05,196.48,300,196.6,300,196.54,100
15124,0.45000000000000007,0.28,0.17,16.22,11:58:16,196.49,500,196.6,300,196.52900000000002,500
15136,0.53,0.25,0.28,22.29,11:58:22,196.52,200,196.6,300,196.56,200
15167,0.28,0.11,0.17,31.870000000000008,11:58:31,196.54,300,196.6,300,196.57,200
15191,0.37,0.2,0.17,38.07000000000001,11:58:38,196.58,300,196.65,100,196.63,100
15234,0.41000000000000003,0.21,0.2,52.3,11:58:52,196.44,200,196.53,100,196.5026,400
15239,0.31,0.08,0.23,54.06,11:58:54,196.44,200,196.53,100,196.53,200
15269,1.92,1.64,0.28,0.0,11:59:00,196.45,200,196.62,100,196.5146,100
15270,0.4,0.17,0.23,0.4,11:59:00,196.45,200,196.61,200,196.5248,700
15307,0.3,0.08,0.22,18.290000000000003,11:59:18,196.45,200,196.6,100,196.455,100
15336,0.41000000000000003,0.21,0.2,28.46,11:59:28,196.53,100,196.65,100,196.6,100
15375,0.31,0.08,0.23,42.220000000000006,11:59:42,196.56,300,196.66,100,196.65,100
15388,0.46,0.18,0.28,46.32,11:59:46,196.57,100,196.66,100,196.66,100
15439,0.43000000000000005,0.2,0.23,3.0300000000000007,12:00:03,196.45,100,196.58,100,196.515,100
15496,0.29000000000000004,0.09,0.2,22.839999999999996,12:00:22,196.45,400,196.6,100,196.525,200
15592,0.25,0.07,0.18,17.400000000000002,12:01:17,196.46,200,196.58,100,196.58,100
15599,0.28,0.1,0.18,19.900000000000002,12:01:19,196.47,100,196.58,100,196.5401,100
15605,0.26,0.07,0.19,21.910000000000004,12:01:21,196.49,400,196.58,100,196.5217,100
15638,0.25,0.09,0.16,32.16,12:01:32,196.61,100,196.7,300,196.68,100
15651,0.25,0.08,0.17,36.00000000000001,12:01:36,196.56,100,196.66,100,196.61,300
15672,0.23,0.07,0.16,41.86999999999999,12:01:41,196.56,100,196.66,100,196.6065,500
15727,3.92,3.68,0.24,0.0,12:02:00,196.57,100,196.66,100,196.6098,100
15761,0.35,0.17,0.18,20.220000000000002,12:02:20,196.6,300,196.68,100,196.67,100
15797,0.24000000000000002,0.07,0.17,32.13999999999999,12:02:32,196.62,300,196.67,200,196.645,100
15825,0.26,0.09,0.17,41.11999999999999,12:02:41,196.45,100,196.54,100,196.47,100
15857,0.24000000000000002,0.07,0.17,50.19999999999997,12:02:50,196.36,200,196.5,400,196.43400000000003,400
15901,0.36,0.19,0.17,12.140000000000002,12:03:12,196.7,100,196.86,100,196.77,100
15911,2.04,1.72,0.32,19.08,12:03:19,196.7,100,196.88,100,196.7963,100
15913,1.73,1.48,0.25,21.09,12:03:21,196.7,100,196.88,100,196.79,400
15944,0.28,0.08,0.2,31.96,12:03:31,196.7,200,196.91,100,196.805,100
15956,0.28,0.07,0.21,35.94000000000001,12:03:35,196.7,200,196.88,100,196.72,100
16020,0.28,0.07,0.21,57.990000000000016,12:03:57,196.73,200,196.99,100,196.92,100
16036,0.36,0.15,0.21,0.0,12:04:00,196.73,500,196.99,100,196.825,800
16059,0.31,0.08,0.23,14.02,12:04:14,196.75,300,196.99,100,196.87,100
16083,0.36,0.09,0.27,22.860000000000003,12:04:22,196.76,100,196.98,200,196.8635,700
16102,0.37,0.18,0.19,29.79000000000001,12:04:29,196.83,400,196.99,100,196.93099999999998,500
16132,0.41000000000000003,0.21,0.2,39.88,12:04:39,196.87,100,196.99,100,196.98,100
16195,3.0,2.78,0.22,0.0,12:05:00,196.83,100,196.9,100,196.86,100
16196,0.25,0.07,0.18,0.25,12:05:00,196.83,100,196.87,100,196.84,100
16220,0.36,0.2,0.16,12.129999999999999,12:05:12,196.93,100,197.0,100,197.0,100
16226,0.4,0.24,0.16,13.87,12:05:13,196.9,100,197.0,100,196.91,100
16241,0.25,0.08,0.17,18.159999999999997,12:05:18,196.93,100,197.0,100,196.9133,200
16246,0.5900000000000001,0.28,0.31,20.169999999999995,12:05:20,196.88,100,196.97,100,196.9304,1000
16289,0.38,0.18,0.2,33.940000000000005,12:05:33,196.88,300,196.99,200,196.919,500
16296,0.42,0.18,0.24,36.28000000000001,12:05:36,196.94,100,197.0,100,196.9706,100
16307,0.39,0.19,0.2,40.18,12:05:40,196.94,100,197.0,100,196.97,400
16402,0.27,0.08,0.19,8.130000000000003,12:06:08,196.9,100,197.01,100,196.955,100
16473,0.38,0.2,0.18,32.19000000000001,12:06:32,196.9,300,197.01,100,196.9,100
16479,0.47000000000000003,0.27,0.2,34.12000000000001,12:06:34,196.9,300,197.03,100,197.01,100
16501,2.19,2.0,0.19,0.0,12:07:00,196.91,100,197.06,100,196.9648,398
16503,0.25,0.07,0.18,0.62,12:07:00,197.01,200,197.15,100,197.09,300
16514,4.23,3.96,0.27,10.370000000000001,12:07:10,197.03,100,197.14,100,197.085,100
16515,0.24000000000000002,0.07,0.17,10.610000000000001,12:07:10,197.03,100,197.14,100,197.08,100
16526,0.23,0.07,0.16,16.610000000000003,12:07:16,197.03,300,197.1,100,197.1026,500
16562,0.39,0.2,0.19,28.85000000000001,12:07:28,197.03,300,197.14,200,197.0825,100
16577,0.26,0.08,0.18,33.720000000000006,12:07:33,197.07,200,197.24,200,197.14,100
16580,0.25,0.07,0.18,34.68000000000001,12:07:34,197.06,100,197.14,100,197.03,100
16587,0.35,0.17,0.18,36.78000000000001,12:07:36,197.06,200,197.14,100,197.1034,500
16608,0.27,0.07,0.2,44.54000000000002,12:07:44,197.06,200,197.14,100,197.1199,200
16627,0.27,0.09,0.18,50.60000000000003,12:07:50,197.04,100,197.1,100,197.04,100
16646,0.43000000000000005,0.23,0.2,0.0,12:08:00,196.9,200,197.05,100,196.975,204
16663,0.36,0.17,0.19,8.16,12:08:08,197.0,500,197.12,100,196.995,100
16672,1.38,1.03,0.35,17.599999999999998,12:08:17,197.09,500,197.18,100,197.135,100
16673,0.32,0.14,0.18,17.919999999999998,12:08:17,197.09,100,197.21,100,197.12,100
16710,0.32,0.14,0.18,29.96999999999999,12:08:29,197.1,100,197.23,100,197.19,483
16725,0.48,0.22,0.26,35.849999999999994,12:08:35,197.12,400,197.29,200,197.185,100
16731,0.26,0.07,0.19,37.69,12:08:37,197.12,400,197.29,100,197.234,300
16737,0.31,0.09,0.22,40.01,12:08:40,197.13,200,197.31,100,197.15,100
16760,0.61,0.26,0.35,48.15000000000001,12:08:48,197.13,100,197.33,100,197.1201,100
16770,0.45999999999999996,0.21,0.25,51.79000000000001,12:08:51,197.13,100,197.33,100,197.23,100
16775,0.48,0.15,0.33,53.990000000000016,12:08:53,197.15,200,197.33,100,197.24200000000002,100
16797,0.36,0.18,0.18,0.0,12:09:00,197.16,200,197.32,100,197.29,100
16817,1.47,1.24,0.23,9.85,12:09:09,197.05,100,197.21,100,197.06,100
16822,0.31,0.12,0.19,11.93,12:09:11,197.05,100,197.13,200,197.115,100
16831,0.36,0.17,0.19,15.889999999999999,12:09:15,196.89,100,197.04,100,196.99,100
16842,0.29,0.11,0.18,20.029999999999994,12:09:20,196.89,200,197.05,200,196.9971,100
16848,0.27,0.09,0.18,21.669999999999995,12:09:21,196.89,200,197.05,200,196.9403,100
16880,0.28,0.12,0.16,31.629999999999995,12:09:31,196.83,100,196.96,100,196.95,100
16903,0.23,0.07,0.16,38.97999999999998,12:09:38,196.89,100,196.97,100,196.96,100
17004,0.37,0.16,0.21,21.909999999999986,12:10:21,196.92,300,197.05,400,196.945,200
17010,0.26,0.07,0.19,23.829999999999988,12:10:23,196.87,200,196.96,100,196.94,100
17029,0.31,0.07,0.24,29.979999999999986,12:10:29,196.85,100,196.96,100,196.905,1000
17036,0.5800000000000001,0.24,0.34,32.359999999999985,12:10:32,196.85,100,196.96,100,196.9061,100
17122,0.38,0.21,0.17,0.0,12:11:00,196.9,300,197.01,100,196.9553,100
17155,0.42000000000000004,0.22,0.2,14.350000000000001,12:11:14,196.77,300,196.88,100,196.8184,100
17165,0.36,0.18,0.18,18.21,12:11:18,196.77,300,196.93,100,196.88,100
17264,0.4,0.24,0.16,50.12000000000001,12:11:50,196.98,100,197.05,500,197.05,100
17282,0.37,0.21,0.16,56.150000000000006,12:11:56,197.0,200,197.12,100,197.0644,150
17301,0.36,0.18,0.18,0.0,12:12:00,197.0,200,197.19,200,197.17,200
17305,1.39,1.19,0.2,4.68,12:12:04,197.0,200,197.2,100,197.2,100
17312,0.25,0.07,0.18,7.839999999999999,12:12:07,197.06,200,197.25,200,197.065,100
17319,0.37,0.17,0.2,9.99,12:12:09,197.08,100,197.25,200,197.22,100
17321,1.3900000000000001,1.06,0.33,12.82,12:12:12,197.11,100,197.25,200,197.24,100
17324,0.30000000000000004,0.13,0.17,13.89,12:12:13,197.11,200,197.29,100,197.25,100
17326,1.6199999999999999,1.45,0.17,15.82,12:12:15,197.11,200,197.3,100,197.2995,100
17331,1.97,1.78,0.19,19.619999999999997,12:12:19,197.11,200,197.29,100,197.28,100
17386,0.41000000000000003,0.21,0.2,37.86,12:12:37,197.16,200,197.29,100,197.27,100
17403,0.24000000000000002,0.07,0.17,43.91,12:12:43,197.19,100,197.3,100,197.3,100
17427,0.27,0.07,0.2,51.870000000000005,12:12:51,197.27,300,197.4,100,197.41,100
17434,0.3,0.09,0.21,53.980000000000004,12:12:53,197.27,300,197.41,100,197.4,102
17440,0.26,0.07,0.19,55.88000000000001,12:12:55,197.27,300,197.4,100,197.325,100
17451,0.38,0.18,0.2,1.85,12:13:01,197.28,100,197.47,600,197.49,100
17457,0.38,0.2,0.18,3.98,12:13:03,197.34,100,197.56,100,197.39,100
17596,0.43,0.24,0.19,0.0,12:14:00,197.35,600,197.52,200,197.51,100
17618,2.25,2.02,0.23,9.04,12:14:09,197.27,100,197.34,100,197.35,100
17619,2.58,2.41,0.17,11.62,12:14:11,196.94,200,197.15,100,197.045,100
17664,0.27,0.08,0.19,27.880000000000006,12:14:27,196.91,100,197.07,100,196.915,100
17764,0.39,0.2,0.19,4.1899999999999995,12:15:04,196.82,100,196.99,100,196.89,100
17772,0.36000000000000004,0.08,0.28,9.41,12:15:09,196.82,100,196.99,100,196.83,100
17777,1.45,1.17,0.28,12.569999999999999,12:15:12,196.82,100,196.98,300,196.9055,200
17781,0.32999999999999996,0.09,0.24,13.979999999999997,12:15:13,196.82,200,196.97,100,196.855,200
17787,0.30000000000000004,0.07,0.23,16.139999999999997,12:15:16,196.59,100,196.82,200,196.73,200
17798,0.35,0.11,0.24,20.099999999999998,12:15:20,196.56,300,196.82,300,196.6749,300
17813,0.35,0.12,0.23,25.93,12:15:25,196.7,100,196.82,300,196.7641,200
17880,0.29000000000000004,0.09,0.2,48.22000000000001,12:15:48,196.7,200,196.81,100,196.71,100
17912,0.33,0.14,0.19,0.0,12:16:00,196.8,100,196.95,100,196.875,300
17920,0.55,0.23,0.32,4.17,12:16:04,196.8,200,196.98,200,196.8842,400
17952,0.3,0.08,0.22,19.930000000000007,12:16:19,196.96,200,197.07,100,197.015,1200
17963,0.42,0.21,0.21,24.130000000000013,12:16:24,196.99,100,197.07,100,197.02,100
18058,0.29000000000000004,0.12,0.17,0.0,12:17:00,196.95,100,197.07,100,197.05700000000002,100
18090,0.42,0.24,0.18,18.970000000000002,12:17:18,196.97,200,197.12,100,197.07,100
18247,1.41,1.17,0.24,8.38,12:18:08,197.05,300,197.18,100,197.13,100
18325,0.24000000000000002,0.07,0.17,31.650000000000006,12:18:31,197.16,200,197.24,100,197.225,300
18397,0.24000000000000002,0.07,0.17,0.0,12:19:00,197.19,300,197.29,100,197.26,100
18412,0.33,0.17,0.16,12.84,12:19:12,197.07,200,197.24,100,197.21,100
18416,0.23,0.07,0.16,15.86,12:19:15,197.03,200,197.26,100,197.145,100
18507,0.30000000000000004,0.07,0.23,42.36,12:19:42,197.02,500,197.25,100,197.0579,100
18580,1.5,1.25,0.25,16.4,12:20:16,197.33,300,197.5,500,197.45,200
18593,0.37,0.18,0.19,22.27,12:20:22,197.33,300,197.5,500,197.4208,100
18604,0.41000000000000003,0.21,0.2,26.279999999999998,12:20:26,197.48,300,197.58,100,197.48,100
18617,0.39,0.21,0.18,30.34,12:20:30,197.51,200,197.7,200,197.5,100
18653,0.41000000000000003,0.21,0.2,42.07,12:20:42,197.51,300,197.7,100,197.6492,100
18707,0.24,0.08,0.16,0.0,12:21:00,197.51,300,197.7,100,197.5746,1000
18716,2.56,2.35,0.21,5.35,12:21:05,197.51,300,197.7,100,197.605,100
18839,0.37,0.17,0.2,54.19,12:21:54,197.36,300,197.61,100,197.43,100
18862,0.47000000000000003,0.27,0.2,0.0,12:22:00,197.44,100,197.61,100,197.61,100
18867,0.27,0.07,0.2,1.5700000000000003,12:22:01,197.53,100,197.7,200,197.66,100
18872,0.28,0.08,0.2,3.66,12:22:03,197.53,200,197.6,200,197.565,100
18874,2.39,2.08,0.31,7.67,12:22:07,197.53,200,197.6,200,197.57299999999998,1000
18895,0.47,0.22,0.25,19.69,12:22:19,197.55,100,197.65,100,197.6,110
18918,0.4,0.21,0.19,27.959999999999997,12:22:27,197.52,200,197.65,100,197.5851,100
18941,0.28,0.07,0.21,35.629999999999995,12:22:35,197.52,200,197.65,100,197.6312,100
18947,0.4,0.21,0.19,37.849999999999994,12:22:37,197.52,200,197.65,100,197.585,200
18978,0.27,0.07,0.2,47.53999999999999,12:22:47,197.57,200,197.7,2100,197.64,100
18981,0.42,0.21,0.21,49.00999999999999,12:22:49,197.57,100,197.69,200,197.635,100
18983,0.28,0.09,0.19,49.63999999999999,12:22:49,197.57,200,197.7,2100,197.58,100
18996,0.26,0.07,0.19,53.6,12:22:53,197.57,200,197.77,100,197.7,100
19020,2.62,2.37,0.25,0.0,12:23:00,197.6,200,197.77,100,197.685,100
19022,0.30000000000000004,0.07,0.23,0.9,12:23:00,197.6,200,197.77,100,197.62,100
19035,0.62,0.29,0.33,7.350000000000001,12:23:07,197.6,200,197.77,100,197.6844,250
19048,0.37,0.14,0.23,15.109999999999998,12:23:15,197.63,100,197.76,100,197.73,100
19095,0.37,0.14,0.23,31.139999999999997,12:23:31,197.8,300,197.94,100,197.65,100
19101,0.35000000000000003,0.08,0.27,33.12,12:23:33,197.8,300,197.9,100,197.858,1500
19107,0.43,0.18,0.25,35.29,12:23:35,197.8,300,197.93,100,197.86599999999999,500
19122,0.3,0.09,0.21,40.85999999999999,12:23:40,197.8,300,197.93,200,197.84400000000002,300
19128,0.29,0.08,0.21,43.059999999999995,12:23:43,197.8,300,197.9,200,197.8535,500
19174,0.33,0.08,0.25,0.0,12:24:00,197.8,200,197.88,100,197.8,100
19177,3.42,3.16,0.26,4.04,12:24:04,197.8,200,197.88,200,197.87,100
19178,0.26,0.07,0.19,4.3,12:24:04,197.8,200,197.88,200,197.835,100
19190,0.35,0.09,0.26,10.639999999999999,12:24:10,197.75,100,197.84,100,197.755,100
19242,0.41000000000000003,0.21,0.2,30.389999999999997,12:24:30,197.72,100,197.83,100,197.74,200
19252,0.35,0.14,0.21,34.04999999999999,12:24:34,197.73,200,197.83,100,197.774,100
19259,0.29,0.08,0.21,36.089999999999996,12:24:36,197.82,100,198.0,500,197.88,100
19264,0.69,0.25,0.44,38.309999999999995,12:24:38,197.91,100,198.09,300,198.0,100
19268,0.5700000000000001,0.19,0.38,40.12,12:24:40,197.98,100,198.07,100,198.07,100
19278,0.31,0.07,0.24,44.209999999999994,12:24:44,197.93,100,198.19,200,197.97,100
19283,0.31,0.08,0.23,46.3,12:24:46,197.93,100,198.18,100,198.1032,500
19303,0.59,0.08,0.51,0.0,12:25:00,197.93,300,198.05,300,197.9732,500
19318,3.4200000000000004,2.97,0.45,11.889999999999999,12:25:11,197.82,100,198.02,200,197.95,100
19319,2.81,2.41,0.4,14.7,12:25:14,197.87,100,198.04,100,198.02,100
19368,0.4,0.21,0.19,34.019999999999996,12:25:34,197.88,100,198.04,200,197.88400000000001,100
19383,0.35000000000000003,0.08,0.27,39.79999999999999,12:25:39,197.88,400,198.04,100,198.04,100
19389,0.37,0.17,0.2,41.86999999999999,12:25:41,197.88,400,198.04,100,197.96,100
19399,0.38,0.07,0.31,45.96999999999999,12:25:45,197.88,400,198.05,100,198.05,113
19421,0.47,0.23,0.24,54.019999999999996,12:25:54,198.02,100,198.23,100,198.12,100
19427,0.27,0.08,0.19,0.0,12:26:00,198.08,100,198.27,100,198.22,100
19433,0.27,0.07,0.2,2.16,12:26:02,198.12,200,198.31,100,198.2157,100
19442,0.28,0.09,0.19,8.13,12:26:08,198.14,100,198.43,100,198.2,248
19445,0.43,0.21,0.22,10.17,12:26:10,198.11,100,198.43,200,198.13,100
19450,1.56,1.23,0.33,14.93,12:26:14,198.11,200,198.42,100,198.2224,188
19451,0.27,0.07,0.2,15.2,12:26:15,198.09,100,198.17,100,198.11,100
19453,0.29,0.08,0.21,15.859999999999998,12:26:15,198.04,200,198.25,100,198.0648,500
19556,0.48,0.21,0.27,56.019999999999996,12:26:56,197.99,200,198.16,200,198.0625,100
19583,1.56,1.27,0.29,0.0,12:27:00,197.96,100,198.05,200,197.98,100
19680,0.23,0.07,0.16,37.51999999999999,12:27:37,197.96,100,198.07,100,197.99,100
19694,0.24000000000000002,0.07,0.17,41.47999999999998,12:27:41,197.96,100,198.07,100,197.985,100
19777,0.29000000000000004,0.07,0.22,23.860000000000003,12:28:23,197.93,100,198.07,100,197.9705,100
19832,0.36,0.18,0.18,41.81000000000001,12:28:41,197.93,200,198.07,200,198.0005,400
19838,0.35,0.14,0.21,43.910000000000004,12:28:43,197.93,200,198.07,200,198.01,100
19887,0.27,0.07,0.2,0.0,12:29:00,197.77,100,197.87,200,197.8626,188
19934,0.48,0.22,0.26,20.139999999999997,12:29:20,197.77,100,197.87,200,197.82,200
19945,0.41000000000000003,0.2,0.21,23.999999999999996,12:29:23,197.79,100,197.92,100,197.84,100
19973,0.27,0.07,0.2,34.04,12:29:34,197.74,100,197.92,100,197.815,100
19978,0.30000000000000004,0.07,0.23,35.83,12:29:35,197.74,100,197.92,100,197.83,100
20029,0.44,0.26,0.18,54.180000000000014,12:29:54,197.79,300,197.92,200,197.79,100
20035,0.32,0.08,0.24,55.990000000000016,12:29:55,197.79,300,197.92,200,197.9,100
20064,0.28,0.07,0.21,8.17,12:30:08,197.7,100,197.92,100,197.81,700
20070,0.26,0.08,0.18,12.540000000000001,12:30:12,197.65,100,197.92,100,197.775,200
20100,0.27,0.07,0.2,26.160000000000007,12:30:26,197.5,100,197.7,1100,197.5999,500
20128,0.27,0.07,0.2,35.99000000000002,12:30:35,197.36,200,197.52,100,197.46,100
20141,0.4,0.18,0.22,40.19000000000002,12:30:40,197.38,100,197.52,100,197.52,100
20183,0.41000000000000003,0.19,0.22,55.960000000000015,12:30:55,197.39,300,197.52,100,197.455,100
20201,0.36,0.17,0.19,3.9600000000000004,12:31:03,197.41,100,197.5,200,197.4265,300
20212,3.6,3.43,0.17,13.13,12:31:13,197.3,600,197.43,600,197.36,109
20253,0.26,0.07,0.19,27.869999999999994,12:31:27,197.06,100,197.3,600,197.18,200
20260,0.41000000000000003,0.22,0.19,29.929999999999993,12:31:29,197.11,100,197.3,700,197.2428,500
20298,0.37,0.2,0.17,42.07999999999999,12:31:42,197.14,100,197.29,100,197.22099999999998,188
20310,0.25,0.08,0.17,45.819999999999986,12:31:45,197.19,100,197.35,100,197.265,300
20323,0.23,0.07,0.16,49.889999999999986,12:31:49,197.19,200,197.35,100,197.3136,500
20366,2.25,1.86,0.39,15.439999999999998,12:32:15,197.3,200,197.36,400,197.31,100
20396,0.24000000000000002,0.07,0.17,29.570000000000007,12:32:29,197.02,200,197.33,100,197.315,300
20466,0.24000000000000002,0.07,0.17,51.650000000000006,12:32:51,197.15,100,197.24,100,197.1727,104
20495,0.33,0.13,0.2,5.82,12:33:05,197.16,100,197.24,100,197.2001,400
20545,0.33999999999999997,0.13,0.21,30.00000000000001,12:33:30,197.07,100,197.28,100,197.2323,600
20703,0.53,0.22,0.31,27.839999999999996,12:34:27,197.14,100,197.24,100,197.195,100
20746,0.27,0.1,0.17,40.81,12:34:40,197.16,300,197.34,100,197.34,100
20776,0.27,0.07,0.2,49.76000000000001,12:34:49,197.35,300,197.56,200,197.422,500
20834,1.12,0.77,0.35,14.850000000000001,12:35:14,197.2,100,197.28,200,197.215,400
20917,0.30000000000000004,0.14,0.16,43.819999999999986,12:35:43,197.05,100,197.19,100,197.0911,500
20981,0.45,0.27,0.18,7.44,12:36:07,197.09,100,197.18,100,197.171,3000
20986,0.28,0.08,0.2,11.34,12:36:11,197.14,100,197.25,100,197.1799,100
21003,0.26,0.07,0.19,17.11,12:36:17,197.29,100,197.51,300,197.4394,500
21010,0.36,0.18,0.18,19.13,12:36:19,197.32,100,197.51,300,197.415,200
21049,0.29000000000000004,0.13,0.16,31.33,12:36:31,197.24,100,197.44,200,197.44,100
21139,0.25,0.07,0.18,5.91,12:37:05,197.21,100,197.3,100,197.2775,500
21219,0.45999999999999996,0.21,0.25,33.62000000000002,12:37:33,197.27,100,197.36,100,197.3005,200
21247,0.56,0.24,0.32,43.72000000000003,12:37:43,197.26,100,197.36,100,197.33,100
21403,0.24000000000000002,0.07,0.17,51.95000000000001,12:38:51,197.28,400,197.4,300,197.37,100
21406,44.300000000000004,43.96,0.34,0.0,12:39:00,197.15,100,197.23,100,197.2472,500
21415,0.35,0.19,0.16,2.9,12:39:02,197.06,200,197.23,200,197.1,100
21463,0.24000000000000002,0.07,0.17,16.89,12:39:16,197.08,100,197.23,300,197.155,200
21493,0.31000000000000005,0.14,0.17,0.0,12:40:00,197.08,100,197.23,300,197.16,100
21509,3.1900000000000004,2.97,0.22,10.950000000000001,12:40:10,197.08,200,197.18,100,197.2224,500
21569,0.23,0.07,0.16,33.819999999999986,12:40:33,197.03,400,197.1,100,197.0652,400
21600,0.25,0.08,0.17,43.97999999999998,12:40:43,197.0,100,197.1,300,197.0508,300
21665,0.24000000000000002,0.07,0.17,6.540000000000001,12:41:06,196.72,100,196.83,200,196.8,101
21672,0.4,0.23,0.17,10.72,12:41:10,196.66,100,196.78,200,196.7103,300
21692,0.38,0.21,0.17,18.53,12:41:18,196.84,100,197.03,300,196.925,700
21742,0.29,0.08,0.21,34.649999999999984,12:41:34,196.85,200,196.99,100,196.9053,300
21787,0.81,0.64,0.17,0.81,12:44:00,197.24,100,197.4,200,197.3163,200
21849,0.28,0.07,0.21,20.590000000000007,12:44:20,197.33,500,197.52,300,197.4098,100
21868,0.43,0.24,0.19,26.590000000000014,12:44:26,197.4,100,197.52,300,197.4235,100
22019,0.36000000000000004,0.08,0.28,0.0,12:46:00,197.46,100,197.6,100,197.595,100
22029,3.1500000000000004,2.89,0.26,10.58,12:46:10,197.46,600,197.6,100,197.56,100
22048,0.38,0.18,0.2,22.089999999999996,12:46:22,197.3,200,197.5,100,197.47,100
22224,0.36,0.14,0.22,26.560000000000002,12:47:26,197.31,200,197.46,200,197.38,100
22341,1.57,1.23,0.34,11.370000000000003,12:48:11,197.36,200,197.54,100,197.53,100
22349,0.25,0.07,0.18,14.450000000000003,12:48:14,197.44,100,197.54,100,197.4488,100
22371,0.47000000000000003,0.27,0.2,22.58,12:48:22,197.45,100,197.54,100,197.5112,150
22384,0.35,0.17,0.18,26.620000000000005,12:48:26,197.53,100,197.74,300,197.63,100
22500,1.56,1.31,0.25,0.0,12:49:00,197.32,100,197.65,200,197.55,100
22556,0.29000000000000004,0.07,0.22,27.040000000000003,12:49:27,197.21,200,197.41,100,197.32,100
22642,3.65,3.29,0.36,5.05,12:50:05,197.21,300,197.41,200,197.295,200
22664,0.28,0.07,0.21,11.999999999999998,12:50:11,197.21,300,197.39,100,197.303,100
22693,0.27,0.07,0.2,21.97,12:50:21,197.21,400,197.28,100,197.2276,400
22883,0.25,0.07,0.18,10.040000000000001,12:51:10,197.56,200,197.74,100,197.6535,400
23071,0.37,0.13,0.24,35.06,12:52:35,197.54,300,197.72,100,197.6544,500
23132,0.5700000000000001,0.28,0.29,7.610000000000001,12:53:07,197.73,200,197.94,700,197.86,155
23137,0.38,0.22,0.16,9.620000000000001,12:53:09,197.73,300,197.94,700,197.93,100
23247,0.35,0.19,0.16,0.0,12:54:00,197.74,400,197.93,100,197.91,100
23310,0.33999999999999997,0.12,0.22,31.760000000000005,12:54:31,197.59,100,197.77,100,197.75,250
23364,0.29000000000000004,0.07,0.22,49.830000000000034,12:54:49,197.63,200,197.82,100,197.7261,100
23415,4.83,4.66,0.17,8.690000000000001,12:55:08,197.78,100,198.0,1300,197.8823,500
23494,0.24000000000000002,0.07,0.17,33.81,12:55:33,197.78,300,197.88,100,197.78,1500
23554,0.53,0.22,0.31,4.11,12:56:04,197.65,100,197.75,100,197.71,100
23580,0.37,0.18,0.19,19.970000000000006,12:56:19,197.61,100,197.74,100,197.69,277
23596,0.24000000000000002,0.07,0.17,25.95,12:56:25,197.54,100,197.74,100,197.6418,450
23665,0.23,0.07,0.16,48.050000000000004,12:56:48,197.59,200,197.74,300,197.6427,300
23696,0.37,0.18,0.19,58.140000000000015,12:56:58,197.54,200,197.7,300,197.59,100
23829,0.23,0.07,0.16,36.83999999999998,12:57:36,197.39,100,197.49,100,197.475,500
23961,0.25,0.08,0.17,33.75999999999998,12:58:33,197.3,100,197.46,100,197.3765,150
24005,0.24000000000000002,0.07,0.17,47.43999999999994,12:58:47,197.32,100,197.45,100,197.3746,250
24095,0.38,0.18,0.2,25.25,13:00:25,196.8,200,196.88,300,196.8464,300
24198,0.23,0.07,0.16,35.62999999999999,13:01:35,197.0,100,197.07,100,197.0073,150
24328,0.23,0.07,0.16,23.769999999999992,13:02:23,196.96,200,197.07,100,197.0141,350
24399,0.4,0.24,0.16,46.119999999999976,13:02:46,196.97,200,197.1,100,197.035,100
24444,0.27,0.08,0.19,0.0,13:03:00,196.97,100,197.2,100,197.083,100
24685,0.39,0.22,0.17,12.110000000000001,13:04:12,196.87,200,197.05,200,196.985,400
24692,0.26,0.08,0.18,14.110000000000001,13:04:14,196.82,100,197.05,200,196.9235,100
24715,0.56,0.27,0.29,22.089999999999996,13:04:22,196.85,100,196.97,100,196.9103,350
24758,0.42000000000000004,0.2,0.22,0.0,13:05:00,196.82,200,196.98,100,196.8216,600
24768,3.53,3.36,0.17,11.299999999999999,13:05:11,196.82,100,196.97,200,196.8981,250
24947,0.28,0.08,0.2,5.79,13:09:05,196.76,100,196.94,100,196.85,200
25045,0.41000000000000003,0.18,0.23,39.739999999999995,13:09:39,196.91,200,197.02,100,196.965,200
25127,0.4,0.21,0.19,9.790000000000001,13:10:09,197.09,100,197.24,200,197.165,200
25212,0.28,0.07,0.21,0.0,13:11:00,197.12,100,197.23,300,197.175,400
25218,0.41000000000000003,0.2,0.21,2.18,13:11:02,197.04,100,197.2,300,197.125,300
25270,0.53,0.22,0.31,30.46,13:11:30,197.05,100,197.15,100,197.0999,100
25294,0.44,0.07,0.37,42.25999999999999,13:11:42,196.75,1000,196.95,100,196.93,100
25439,0.3,0.11,0.19,50.17000000000001,13:12:50,196.77,100,196.93,100,196.9199,100
25608,0.6000000000000001,0.07,0.53,42.18999999999999,13:14:42,197.03,300,197.15,100,197.11,100
25695,0.43,0.08,0.35,10.02,13:15:10,196.86,100,197.1,200,196.865,200
25708,0.79,0.34,0.45,18.229999999999997,13:15:18,196.86,100,197.09,100,196.9253,100
25734,0.58,0.08,0.5,0.0,13:16:00,196.89,100,196.96,100,196.891,500
25900,2.81,2.46,0.35,5.36,13:18:05,196.41,100,196.55,100,196.4803,250
25923,0.41000000000000003,0.07,0.34,27.750000000000004,13:18:27,196.35,100,196.45,200,196.3501,163
26007,2.67,2.03,0.64,7.25,13:19:07,196.61,100,196.69,100,196.64,100
26008,2.54,2.06,0.48,9.79,13:19:09,196.62,100,196.73,300,196.7,100
26050,0.56,0.2,0.36,34.01,13:19:34,196.78,100,196.97,300,196.78,100
26083,0.65,0.22,0.43,0.0,13:20:00,196.76,100,196.81,100,196.76,100
26091,0.45,0.07,0.38,8.59,13:20:08,196.64,100,196.78,100,196.69,100
26096,4.37,3.84,0.53,15.54,13:20:15,196.64,100,196.78,100,196.7173,250
26149,0.61,0.23,0.38,47.75000000000001,13:20:47,196.65,100,196.9,100,196.81,100
26163,0.74,0.2,0.54,0.0,13:21:00,196.67,100,196.96,200,196.82,100
26179,0.46,0.08,0.38,20.46,13:21:20,196.82,100,196.96,100,196.8895,100
26298,0.43999999999999995,0.09,0.35,27.86000000000001,13:22:27,196.87,200,196.99,100,196.9804,100
26425,0.6000000000000001,0.07,0.53,52.58000000000002,13:23:52,197.06,300,197.16,100,197.1234,900
26471,0.76,0.17,0.59,20.360000000000003,13:24:20,196.71,200,196.98,100,196.9191,500
26509,3.1999999999999997,2.34,0.86,6.989999999999999,13:25:06,196.72,100,196.97,100,196.9699,100
26648,1.5899999999999999,0.42,1.17,0.0,13:28:00,196.86,300,197.0,100,196.93900000000002,250
26673,1.02,0.13,0.89,33.60000000000001,13:28:33,196.77,300,196.9,100,196.8414,200
26695,1.19,0.12,1.07,0.0,13:29:00,197.0,300,197.11,100,197.055,100
26825,1.4,0.18,1.22,0.0,13:31:00,196.87,300,197.01,300,196.9316,100
26852,1.44,0.24,1.2,29.21,13:32:29,196.98,100,197.13,100,197.043,100
26977,1.01,0.16,0.85,21.000000000000004,13:35:21,196.96,100,197.07,100,197.0034,100
26983,1.23,0.2,1.03,28.810000000000006,13:35:28,197.05,100,197.1,100,197.075,100
27012,1.1800000000000002,0.1,1.08,9.57,13:36:09,196.85,100,197.0,100,196.99900000000002,1100
27041,0.99,0.25,0.74,43.57999999999999,13:36:43,196.86,200,196.98,100,196.9675,100
27096,1.3900000000000001,0.08,1.31,40.580000000000005,13:37:40,196.79,100,196.99,100,196.949,100
27113,1.21,0.18,1.03,0.0,13:38:00,196.8,100,196.99,200,196.895,100
27126,1.02,0.18,0.84,18.78,13:38:18,196.84,100,196.96,100,196.9399,100
27180,1.2000000000000002,0.12,1.08,28.41,13:39:28,196.97,100,197.19,100,197.1899,197
27187,1.0,0.08,0.92,36.22,13:39:36,197.0,500,197.13,100,197.005,100
27245,1.0,0.24,0.76,39.190000000000005,13:41:39,197.12,200,197.22,100,197.1894,500
27311,1.0,0.08,0.92,6.2,13:43:06,196.97,300,197.06,100,197.0183,800
27361,1.23,0.07,1.16,3.6,13:44:03,196.97,400,197.12,100,197.00400000000002,500
27365,1.2,0.21,0.99,11.579999999999998,13:44:11,197.03,300,197.17,100,197.09799999999998,100
27409,1.3800000000000001,0.28,1.1,11.020000000000001,13:45:11,197.02,300,197.2,100,197.105,100
27593,0.98,0.09,0.89,50.17,13:48:50,196.94,300,197.19,100,197.1699,100
27644,1.01,0.23,0.78,0.0,13:49:00,197.0,200,197.16,200,197.0714,200
27666,1.02,0.18,0.84,0.0,13:50:00,197.21,300,197.3,1100,197.255,693
27703,1.03,0.07,0.96,42.61999999999999,13:50:42,197.29,300,197.48,100,197.4233,500
27726,1.41,0.24,1.17,0.0,13:51:00,197.3,200,197.43,200,197.3884,136
27789,0.98,0.07,0.91,30.009999999999994,13:52:30,197.3,100,197.49,200,197.3479,200
27802,1.19,0.22,0.97,43.58,13:52:43,197.44,100,197.57,100,197.54,100
27816,1.01,0.18,0.83,0.0,13:53:00,197.52,100,197.63,100,197.575,800
27824,3.21,2.47,0.74,9.6,13:53:09,197.52,100,197.57,100,197.535,200
27826,1.42,0.65,0.77,12.01,13:53:12,197.52,100,197.61,100,197.57,100
27842,0.81,0.16,0.65,29.620000000000005,13:53:29,197.53,300,197.68,100,197.5175,300
27927,1.21,0.12,1.09,5.19,13:55:05,197.5,200,197.63,100,197.615,300
27943,1.38,0.22,1.16,27.979999999999993,13:55:27,197.74,100,197.85,100,197.77,1000
27959,1.1800000000000002,0.25,0.93,47.21,13:55:47,197.73,100,197.83,100,197.7764,800
27972,1.01,0.07,0.94,0.0,13:56:00,197.79,100,197.97,300,197.89,100
27977,1.3800000000000001,0.07,1.31,6.779999999999999,13:56:06,197.79,200,197.94,700,197.865,100
27988,0.81,0.16,0.65,20.179999999999996,13:56:20,197.8,200,197.94,600,197.852,200
28010,0.98,0.07,0.91,39.97999999999999,13:56:39,197.89,100,198.1,100,198.0845,1689
28013,0.97,0.24,0.73,42.58999999999999,13:56:42,197.89,200,198.1,100,198.1,500
28019,0.98,0.15,0.83,48.18999999999999,13:56:48,197.89,200,198.1,100,198.09,100
28024,0.82,0.09,0.73,52.60999999999999,13:56:52,197.96,100,198.17,100,198.18,100
28033,4.21,3.56,0.65,0.0,13:57:00,197.97,100,198.19,100,198.17,100
28036,0.8099999999999999,0.08,0.73,5.8,13:57:05,197.97,400,198.19,100,198.0692,200
28050,0.82,0.08,0.74,21.77,13:57:21,197.99,400,198.22,200,198.187,100
28053,0.8200000000000001,0.07,0.75,24.38,13:57:24,198.0,400,198.22,200,198.1892,100
28061,1.01,0.07,0.94,32.38,13:57:32,198.06,100,198.27,100,198.14,100
28087,3.61,2.59,1.02,0.0,13:58:00,198.11,300,198.32,100,198.2675,180
28088,1.01,0.17,0.84,1.01,13:58:01,198.11,300,198.32,100,198.2527,125
28089,1.38,0.39,0.99,2.3899999999999997,13:58:02,198.12,100,198.32,600,198.28,100
28090,2.0,1.04,0.96,4.39,13:58:04,198.12,400,198.32,100,198.2475,100
28091,3.21,2.0,1.21,7.6,13:58:07,198.12,400,198.32,100,198.32,100
28099,1.41,0.19,1.22,17.99,13:58:17,198.13,200,198.4,100,198.2826,393
28112,1.39,0.22,1.17,33.76,13:58:33,198.18,300,198.38,300,198.37,200
28117,1.38,0.14,1.24,40.74,13:58:40,198.19,300,198.38,400,198.2594,800
28122,1.18,0.18,1.0,46.330000000000005,13:58:46,198.23,300,198.4,200,198.38,100
28130,1.4,0.2,1.2,9.19,13:59:09,198.29,1500,198.39,100,198.39,240
28133,1.4,0.24,1.16,13.2,13:59:13,198.3,200,198.42,100,198.4,100
28136,1.1800000000000002,0.07,1.11,16.98,13:59:16,198.3,100,198.47,100,198.44,100
28144,1.39,0.18,1.21,26.580000000000005,13:59:26,198.32,200,198.6,200,198.53,100
28149,1.19,0.13,1.06,32.760000000000005,13:59:32,198.38,500,198.59,400,198.519,182
28150,1.03,0.15,0.88,33.790000000000006,13:59:33,198.44,400,198.59,400,198.4775,100
28155,1.21,0.17,1.04,39.96,13:59:39,198.48,400,198.59,100,198.4825,500
28160,1.01,0.07,0.94,45.77,13:59:45,198.43,200,198.58,100,198.4675,100
28162,1.0,0.21,0.79,47.980000000000004,13:59:47,198.45,100,198.57,100,198.51,100
28166,1.18,0.24,0.94,52.77,13:59:52,198.45,200,198.57,100,198.56900000000002,100
28167,1.21,0.2,1.01,53.980000000000004,13:59:53,198.45,200,198.57,100,198.45,100
28171,0.98,0.08,0.9,57.76,13:59:57,198.43,200,198.56,100,198.54,100
28177,1.38,0.19,1.19,0.0,14:00:00,198.43,200,198.56,100,198.5,100
28181,3.6100000000000003,2.62,0.99,7.19,14:00:07,198.48,200,198.57,200,198.5025,100
28182,2.2199999999999998,1.17,1.05,9.41,14:00:09,198.55,300,198.63,100,198.61,100
28184,2.82,1.93,0.89,13.610000000000001,14:00:13,198.61,200,198.73,500,198.64,100
28186,0.98,0.14,0.84,15.590000000000002,14:00:15,198.57,200,198.73,600,198.605,100
28190,0.8099999999999999,0.09,0.72,19.19,14:00:19,198.57,200,198.72,100,198.6622,300
28198,1.21,0.12,1.09,28.209999999999997,14:00:28,198.57,100,198.72,100,198.66,100
28203,1.0,0.24,0.76,33.62,14:00:33,198.5,100,198.64,200,198.57,100
28209,0.8200000000000001,0.07,0.75,39.83,14:00:39,198.5,100,198.64,300,198.55,100
28217,1.0,0.19,0.81,47.199999999999996,14:00:47,198.5,100,198.64,400,198.5646,280
28221,1.24,0.23,1.01,51.63,14:00:51,198.45,100,198.59,100,198.475,100
28224,1.4,0.18,1.22,0.0,14:01:00,198.45,100,198.59,100,198.455,100
28227,1.03,0.07,0.96,3.41,14:01:03,198.46,100,198.71,200,198.59,100
28230,1.19,0.21,0.98,8.0,14:01:08,198.45,100,198.71,200,198.575,100
28233,2.21,1.4,0.81,14.21,14:01:14,198.46,100,198.69,100,198.48,100
28235,0.98,0.24,0.74,16.0,14:01:16,198.46,100,198.69,100,198.63,100
28240,0.98,0.14,0.84,21.37,14:01:21,198.49,100,198.7,100,198.58,100
28247,1.0,0.07,0.93,27.77,14:01:27,198.46,300,198.7,100,198.7,200
28251,1.19,0.23,0.96,32.39,14:01:32,198.63,100,198.88,300,198.85,100
28252,1.2,0.17,1.03,33.59,14:01:33,198.65,100,198.9,100,198.88,100
28259,1.37,0.08,1.29,41.96000000000001,14:01:41,198.8,100,198.98,100,198.9,100
28277,2.6,1.68,0.92,0.0,14:02:00,198.92,300,199.2,100,199.0,100
28280,1.2000000000000002,0.27,0.93,5.58,14:02:05,199.0,200,199.2,100,199.19,100
28282,0.8200000000000001,0.07,0.75,8.4,14:02:08,199.0,300,199.23,100,199.2,100
28284,1.2,0.07,1.13,10.98,14:02:10,199.19,100,199.4,100,199.26,100
28286,1.58,0.58,1.0,13.59,14:02:13,199.06,200,199.27,200,199.1934,500
28287,2.81,1.79,1.02,16.4,14:02:16,199.06,200,199.19,100,199.1955,100
28288,1.01,0.08,0.93,17.41,14:02:17,199.07,300,199.3,100,199.28,100
28289,1.2,0.24,0.96,18.61,14:02:18,199.07,300,199.3,100,199.3,100
28297,0.8099999999999999,0.08,0.73,26.400000000000002,14:02:26,199.17,100,199.4,200,199.37,100
28300,0.8099999999999999,0.09,0.72,29.189999999999998,14:02:29,199.16,100,199.39,200,199.2411,500
28304,0.8200000000000001,0.07,0.75,32.8,14:02:32,199.16,100,199.39,100,199.34,100
28312,1.37,0.07,1.3,41.16999999999998,14:02:41,199.13,100,199.34,100,199.235,100
28314,1.03,0.08,0.95,43.399999999999984,14:02:43,198.9,100,199.17,100,199.115,100
28321,1.03,0.07,0.96,50.809999999999995,14:02:50,199.04,100,199.19,100,199.045,100
28323,1.2,0.32,0.88,53.22,14:02:53,198.9,200,199.18,100,199.04,100
28330,4.42,3.57,0.85,11.01,14:03:11,198.9,100,199.0,1000,198.95,100
28342,1.21,0.24,0.97,25.220000000000002,14:03:25,198.8,200,199.0,1000,198.83,100
28349,1.19,0.24,0.95,33.81,14:03:33,198.75,100,198.99,100,198.8,200
28351,1.23,0.07,1.16,36.23,14:03:36,198.75,100,198.98,100,198.875,100
28361,1.0,0.21,0.79,47.4,14:03:47,198.75,100,198.89,100,198.82,200
28363,1.01,0.08,0.93,49.41,14:03:49,198.7,500,198.87,100,198.7561,500
28365,1.4000000000000001,0.09,1.31,52.209999999999994,14:03:52,198.7,100,198.87,100,198.77,200
28369,1.2,0.17,1.03,57.419999999999995,14:03:57,198.7,300,198.94,100,198.87,100
28379,0.8200000000000001,0.07,0.75,6.78,14:04:06,198.81,100,199.0,1000,198.885,100
28384,2.4299999999999997,1.41,1.02,18.97,14:04:18,198.85,100,199.0,1000,198.925,1000
28388,1.21,0.12,1.09,23.76,14:04:23,198.81,300,199.0,1000,198.81,100
28395,0.99,0.24,0.75,31.150000000000002,14:04:31,198.73,100,198.93,100,198.73,100
28415,0.8200000000000001,0.07,0.75,48.99000000000001,14:04:48,198.71,100,198.89,100,198.72,200
28431,0.98,0.24,0.74,13.579999999999998,14:05:13,198.84,100,199.0,1000,198.98,100
28433,2.79,2.06,0.73,18.18,14:05:18,198.83,300,198.98,200,198.93,100
28444,1.1800000000000002,0.08,1.1,30.359999999999996,14:05:30,198.88,100,198.97,200,198.9245,100
28460,1.3699999999999999,0.24,1.13,48.730000000000004,14:05:48,198.83,200,198.93,200,198.86,100
28471,1.4100000000000001,0.14,1.27,2.8200000000000003,14:06:02,198.73,200,198.84,200,198.78,100
28474,1.2000000000000002,0.08,1.12,6.8100000000000005,14:06:06,198.73,200,198.84,200,198.84,100
28478,1.3699999999999999,0.21,1.16,14.39,14:06:14,198.82,300,198.99,200,198.89,100
28485,0.97,0.07,0.9,22.990000000000002,14:06:22,198.96,100,199.24,100,199.02,100
28488,0.99,0.27,0.72,26.0,14:06:26,198.99,200,199.23,100,199.146,500
28492,0.97,0.07,0.9,29.579999999999995,14:06:29,199.05,200,199.24,100,199.145,125
28497,0.8200000000000001,0.07,0.75,34.209999999999994,14:06:34,199.05,200,199.24,100,199.08,100
28499,1.2,0.15,1.05,36.379999999999995,14:06:36,199.05,200,199.2,600,199.17,100
28501,1.42,0.14,1.28,39.23,14:06:39,199.0,200,199.15,300,199.05,196
28508,1.3800000000000001,0.26,1.12,48.99,14:06:48,198.91,100,199.07,200,198.915,100
28509,1.02,0.07,0.95,50.010000000000005,14:06:50,199.0,500,199.07,200,198.99,152
28512,0.81,0.07,0.74,53.41000000000001,14:06:53,199.08,100,199.24,100,199.1034,300
28515,0.8200000000000001,0.07,0.75,56.01000000000001,14:06:56,199.08,100,199.24,100,199.1,100
28533,1.22,0.09,1.13,4.62,14:07:04,199.11,200,199.22,100,199.22,100
28542,1.41,0.27,1.14,16.4,14:07:16,199.06,100,199.22,300,199.12,100
28548,1.01,0.07,0.94,24.219999999999995,14:07:24,199.08,200,199.22,200,199.14,100
28556,1.2000000000000002,0.08,1.12,34.199999999999996,14:07:34,199.26,100,199.39,100,199.35,100
28557,1.02,0.08,0.94,35.22,14:07:35,199.46,100,199.55,100,199.5,152
