,Total Delay,Request Delay,Saving Delay,Arrival Time,Time,Bid,Bid Size,Ask,Ask Size,Last Price,Last Size
0,0.6499999999999999,0.3,0.35,0.6499999999999999,09:30:00,24.77,400,24.8,100,24.8,100
45,0.32,0.09,0.23,0.0,09:31:00,24.79,300,24.83,700,24.785,100
51,0.4,0.18,0.22,2.33,09:31:02,24.79,400,24.83,700,24.81,100
77,1.79,1.43,0.36,19.189999999999998,09:31:19,24.79,700,24.83,100,24.79,100
99,0.27,0.07,0.2,28.39,09:31:28,24.83,1100,24.86,600,24.83,300
117,0.3,0.08,0.22,34.730000000000004,09:31:34,24.83,1100,24.88,200,24.86,100
122,0.32,0.12,0.2,36.45000000000001,09:31:36,24.83,1100,24.87,100,24.85,300
138,0.38,0.07,0.31,42.490000000000016,09:31:42,24.87,1100,24.88,300,24.875,500
143,0.38,0.07,0.31,44.35000000000002,09:31:44,24.87,700,24.88,300,24.88,100
148,0.4,0.08,0.32,46.49000000000002,09:31:46,24.89,100,24.92,100,24.92,100
163,0.43,0.24,0.19,52.64000000000002,09:31:52,24.89,1000,24.92,200,24.91,100
169,0.27,0.07,0.2,54.370000000000026,09:31:54,24.89,1000,24.93,100,24.9299,100
175,0.32,0.14,0.18,56.32000000000002,09:31:56,24.89,1000,24.93,100,24.9,700
181,0.34,0.17,0.17,58.28000000000002,09:31:58,24.89,1000,24.93,100,24.89,100
325,0.25,0.07,0.18,56.56999999999999,09:32:56,24.93,900,24.97,1100,24.93,100
344,0.36,0.18,0.18,0.0,09:33:00,24.94,1100,24.97,1000,24.95,100
350,3.75,3.46,0.29,5.42,09:33:05,24.94,1000,24.96,400,24.97,200
359,0.35,0.18,0.17,12.069999999999999,09:33:12,24.94,1000,24.96,300,24.94,100
387,0.42000000000000004,0.22,0.2,24.35,09:33:24,24.96,300,24.98,100,24.9601,200
393,0.35,0.18,0.17,26.1,09:33:26,24.96,1400,24.98,100,24.98,200
427,0.41000000000000003,0.17,0.24,38.230000000000004,09:33:38,24.94,1000,24.98,200,24.955,100
464,0.39,0.17,0.22,50.59,09:33:50,24.87,100,24.89,300,24.8771,200
486,0.25,0.07,0.18,2.14,09:34:02,24.81,100,24.83,300,24.82,200
503,0.44,0.22,0.22,8.04,09:34:08,24.84,100,24.87,200,24.8625,100
514,3.77,3.6,0.17,20.38,09:34:20,24.83,100,24.87,200,24.84,100
527,0.43,0.21,0.22,26.20999999999999,09:34:26,24.83,100,24.87,400,24.87,100
531,0.51,0.17,0.34,28.27999999999999,09:34:28,24.82,200,24.86,200,24.8456,500
618,0.34,0.07,0.27,5.17,09:35:05,24.77,100,24.8,200,24.78,100
621,0.33,0.07,0.26,6.3500000000000005,09:35:06,24.77,100,24.8,200,24.7862,180
680,0.33,0.07,0.26,36.78000000000001,09:35:36,24.82,200,24.84,200,24.8201,1000
769,0.36000000000000004,0.08,0.28,9.370000000000001,09:36:09,24.91,200,24.94,100,24.9399,100
814,0.5800000000000001,0.19,0.39,34.5,09:36:34,24.92,100,24.95,300,24.915,100
833,0.39,0.16,0.23,42.389999999999986,09:36:42,24.92,500,24.95,300,24.9489,500
882,0.47000000000000003,0.08,0.39,3.9500000000000006,09:37:03,24.93,100,24.96,300,24.96,100
897,1.12,0.75,0.37,12.099999999999998,09:37:12,24.96,400,24.98,200,24.9674,800
901,2.69,2.4,0.29,18.139999999999997,09:37:18,24.97,800,24.98,100,24.9799,100
905,0.42000000000000004,0.1,0.32,19.749999999999996,09:37:19,24.97,1000,24.99,900,24.9708,100
909,0.6000000000000001,0.26,0.34,21.729999999999997,09:37:21,24.98,200,25.0,400,25.0,100
918,0.49,0.14,0.35,25.749999999999996,09:37:25,25.0,100,25.03,1200,24.99,100
926,0.53,0.1,0.43,29.85,09:37:29,24.99,300,25.02,300,25.005,100
931,0.5,0.07,0.43,32.239999999999995,09:37:32,24.99,700,25.02,300,25.01,100
943,0.37,0.07,0.3,37.519999999999996,09:37:37,24.99,700,25.02,300,25.0067,1000
944,0.43,0.08,0.35,37.949999999999996,09:37:37,24.99,700,25.02,100,25.0197,600
948,0.46,0.19,0.27,39.559999999999995,09:37:39,25.0,1000,25.03,1000,25.03,200
979,0.35000000000000003,0.07,0.28,51.769999999999975,09:37:51,25.04,100,25.06,200,25.05,100
984,0.41,0.12,0.29,53.639999999999965,09:37:53,25.05,100,25.09,200,25.07,100
993,0.39,0.12,0.27,57.52999999999997,09:37:57,25.07,800,25.1,700,25.09,100
1007,0.48000000000000004,0.2,0.28,4.16,09:38:04,25.06,100,25.07,100,25.06,300
1039,0.49,0.07,0.42,24.03,09:38:24,25.07,300,25.1,700,25.08,200
1043,0.49,0.08,0.41,26.16,09:38:26,25.08,200,25.13,300,25.11,100
1055,0.55,0.24,0.31,32.14,09:38:32,25.11,600,25.14,300,25.12,100
1059,0.4,0.09,0.31,33.72999999999999,09:38:33,25.11,400,25.13,100,25.125,100
1084,0.41000000000000003,0.17,0.24,43.72999999999998,09:38:43,25.11,400,25.13,100,25.13,100
1104,0.45,0.18,0.27,52.10999999999998,09:38:52,25.13,100,25.14,600,25.14,100
1108,0.35000000000000003,0.08,0.27,53.76999999999998,09:38:53,25.13,400,25.14,600,25.135,202
1113,0.51,0.21,0.3,56.069999999999986,09:38:56,25.09,300,25.11,100,25.1,218
1161,0.37,0.09,0.28,20.320000000000004,09:39:20,25.11,200,25.14,200,25.1286,100
1220,0.29000000000000004,0.07,0.22,43.89000000000003,09:39:43,25.17,100,25.18,100,25.17,500
1226,0.27,0.08,0.19,46.11000000000003,09:39:46,25.16,100,25.18,200,25.16,100
1251,0.28,0.08,0.2,54.17000000000002,09:39:54,25.18,100,25.19,600,25.18,600
1255,0.42000000000000004,0.23,0.19,55.67000000000002,09:39:55,25.17,600,25.19,400,25.19,200
1269,2.0100000000000002,1.81,0.2,0.0,09:40:00,25.13,2100,25.15,100,25.15,100
1308,0.42,0.18,0.24,20.97,09:40:20,25.03,100,25.05,100,25.04,100
1346,0.45,0.19,0.26,34.87,09:40:34,25.02,100,25.03,200,25.02,200
1407,1.19,0.95,0.24,4.99,09:41:04,24.98,100,25.01,200,24.989,400
1417,0.42000000000000004,0.22,0.2,8.15,09:41:08,24.98,200,25.0,200,24.985,141414
1482,0.45999999999999996,0.24,0.22,36.36999999999999,09:41:36,24.98,200,24.99,100,24.9825,100
1528,0.33,0.07,0.26,54.33,09:41:54,24.97,500,24.99,500,24.9766,100
1543,0.42000000000000004,0.22,0.2,0.0,09:42:00,24.95,100,24.96,100,24.9625,100
1572,0.38,0.07,0.31,21.9,09:42:21,25.01,200,25.03,100,25.0297,100
1642,0.36,0.07,0.29,51.749999999999986,09:42:51,25.03,600,25.04,200,25.0308,300
1741,0.4,0.08,0.32,31.689999999999994,09:43:31,25.05,700,25.07,100,25.0587,200
1757,0.29000000000000004,0.07,0.22,37.660000000000004,09:43:37,25.07,500,25.09,1000,25.0787,201
1783,0.29,0.08,0.21,47.660000000000004,09:43:47,25.14,600,25.15,200,25.145,100
1847,0.46,0.18,0.28,19.839999999999996,09:44:19,25.08,100,25.1,200,25.0999,100
1863,0.37,0.07,0.3,25.979999999999993,09:44:25,25.07,100,25.09,300,25.072,2900
1916,0.46,0.27,0.19,45.98000000000002,09:44:45,25.07,500,25.1,400,25.085,400
1933,0.41000000000000003,0.18,0.23,51.73000000000001,09:44:51,25.1,300,25.12,400,25.115,100
1945,0.43,0.18,0.25,55.76000000000002,09:44:55,25.1,300,25.12,300,25.119,150
2308,0.38,0.09,0.29,36.07999999999999,09:47:36,25.07,600,25.08,500,25.075,500
2429,0.25,0.07,0.18,22.04,09:48:22,25.05,200,25.06,500,25.055,100
2479,0.27,0.08,0.19,40.019999999999996,09:48:40,25.06,400,25.07,200,25.065,400
2654,0.33,0.08,0.25,0.0,09:50:00,25.04,200,25.05,100,25.049,100
2716,0.67,0.22,0.45,31.900000000000002,09:50:31,25.05,300,25.06,500,25.0535,150
2801,3.3499999999999996,3.01,0.34,14.869999999999997,09:51:14,25.01,300,25.02,100,25.0193,100
2932,1.1,0.85,0.25,6.74,09:52:06,25.08,600,25.1,2100,25.0886,200
3116,0.44,0.23,0.21,23.810000000000002,09:53:23,25.09,1000,25.1,1200,25.095,1000
3237,2.25,2.07,0.18,5.18,09:54:05,25.13,300,25.14,100,25.134,900
3453,0.38,0.08,0.3,37.94,09:55:37,25.19,300,25.2,800,25.1999,300
3459,0.33,0.08,0.25,40.29,09:55:40,25.2,300,25.21,100,25.205,100
3464,0.28,0.07,0.21,42.15,09:55:42,25.2,500,25.21,300,25.21,100
3479,0.27,0.07,0.2,48.01000000000002,09:55:48,25.2,400,25.21,500,25.2,100
3522,0.33,0.07,0.26,3.9899999999999998,09:56:03,25.23,100,25.24,300,25.23,101
3540,1.38,1.03,0.35,16.66,09:56:16,25.23,300,25.24,300,25.24,100
3554,0.52,0.22,0.3,22.18,09:56:22,25.23,400,25.25,3000,25.2499,300
3572,0.4,0.07,0.33,30.229999999999993,09:56:30,25.24,500,25.25,3000,25.245,100
3576,0.37,0.07,0.3,32.00999999999999,09:56:32,25.24,2800,25.26,700,25.25,100
3616,0.4,0.22,0.18,46.06999999999999,09:56:46,25.25,300,25.26,300,25.2599,200
3634,0.4,0.21,0.19,52.23999999999998,09:56:52,25.26,100,25.27,700,25.26,100
3640,0.31,0.13,0.18,53.92999999999999,09:56:53,25.27,300,25.28,100,25.28,200
3672,0.29,0.08,0.21,2.9000000000000004,09:57:02,25.26,200,25.28,400,25.27,100
3674,0.26,0.07,0.19,6.16,09:57:06,25.26,300,25.28,500,25.2628,200
3718,0.37,0.17,0.2,25.359999999999992,09:57:25,25.28,200,25.29,500,25.285,200
3734,0.37,0.19,0.18,30.959999999999994,09:57:30,25.29,300,25.31,200,25.3,100
3740,0.38,0.17,0.21,33.12,09:57:33,25.31,300,25.32,3100,25.31,100
3753,0.28,0.1,0.18,37.099999999999994,09:57:37,25.31,1000,25.32,1200,25.32,200
3760,0.26,0.07,0.19,39.14999999999999,09:57:39,25.31,1000,25.32,1200,25.315,300
3766,0.28,0.08,0.2,41.26999999999999,09:57:41,25.32,200,25.33,1200,25.33,400
3828,0.25,0.08,0.17,24.14,09:58:24,25.29,100,25.3,300,25.29,100
3875,0.35,0.12,0.23,40.150000000000006,09:58:40,25.34,200,25.35,400,25.34,100
3949,2.23,1.97,0.26,3.7199999999999998,09:59:03,25.33,200,25.34,400,25.345,100
3967,1.3199999999999998,1.14,0.18,12.070000000000002,09:59:12,25.31,200,25.33,300,25.3202,100
4089,0.28,0.07,0.21,0.0,10:00:00,25.35,300,25.37,100,25.36,200
4112,0.43,0.18,0.25,12.089999999999998,10:00:12,25.35,600,25.36,400,25.355999999999998,100
4141,0.54,0.18,0.36,29.960000000000004,10:00:29,25.33,200,25.35,300,25.35,100
4145,0.45000000000000007,0.17,0.28,32.010000000000005,10:00:32,25.33,400,25.35,200,25.344,1000
4179,0.56,0.25,0.31,46.20999999999999,10:00:46,25.36,100,25.37,300,25.37,100
4199,0.48000000000000004,0.08,0.4,58.11999999999997,10:00:58,25.38,200,25.39,100,25.38,100
4206,0.5,0.12,0.38,0.0,10:01:00,25.38,400,25.39,400,25.39,400
4208,0.32,0.07,0.25,0.76,10:01:00,25.38,400,25.39,500,25.395,2200
4214,1.22,0.86,0.36,3.9899999999999993,10:01:03,25.4,500,25.42,500,25.4,100
4218,0.6799999999999999,0.43,0.25,5.859999999999999,10:01:05,25.41,300,25.42,100,25.42,200
4221,2.69,2.36,0.33,9.299999999999999,10:01:09,25.41,300,25.43,300,25.43,200
4223,0.41000000000000003,0.18,0.23,11.91,10:01:11,25.44,500,25.45,400,25.44,530
4226,0.59,0.24,0.35,13.67,10:01:13,25.44,100,25.45,600,25.45,200
4238,0.27,0.07,0.2,19.570000000000004,10:01:19,25.44,500,25.46,800,25.46,100
4273,0.27,0.07,0.2,31.280000000000005,10:01:31,25.44,800,25.45,300,25.445,1000
4286,0.3,0.12,0.18,35.56000000000001,10:01:35,25.47,700,25.48,200,25.48,116
4293,0.44000000000000006,0.27,0.17,37.600000000000016,10:01:37,25.47,600,25.48,100,25.4725,500
4306,0.29000000000000004,0.1,0.19,41.560000000000024,10:01:41,25.48,200,25.49,200,25.49,100
4311,0.44999999999999996,0.24,0.21,43.690000000000026,10:01:43,25.48,400,25.5,2000,25.5,200
4317,0.26,0.08,0.18,45.51000000000003,10:01:45,25.48,200,25.49,400,25.4897,100
4330,0.28,0.08,0.2,49.56000000000004,10:01:49,25.49,200,25.51,400,25.51,100
4337,0.36,0.19,0.17,51.670000000000044,10:01:51,25.5,400,25.52,5000,25.52,1000
4347,0.37,0.19,0.18,55.57000000000004,10:01:55,25.54,1300,25.55,200,25.55,100
4353,0.35,0.18,0.17,0.0,10:02:00,25.53,600,25.55,300,25.53,100
4357,0.24,0.08,0.16,1.06,10:02:01,25.55,200,25.56,400,25.56,300
4360,0.26,0.08,0.18,1.9700000000000002,10:02:01,25.49,400,25.51,300,25.4902,5000
4366,0.32,0.09,0.23,3.91,10:02:03,25.48,200,25.5,100,25.4865,2700
4373,5.0600000000000005,4.79,0.27,12.71,10:02:12,25.43,100,25.44,500,25.4326,300
4398,0.4,0.2,0.2,25.949999999999996,10:02:25,25.41,900,25.43,400,25.412,2160
4421,0.27,0.07,0.2,34.07,10:02:34,25.41,700,25.43,500,25.4275,100
4427,0.38,0.18,0.2,36.01,10:02:36,25.41,700,25.43,500,25.428,160
4433,0.29000000000000004,0.07,0.22,37.94,10:02:37,25.41,700,25.43,900,25.4299,8000
4438,0.32,0.08,0.24,40.00000000000001,10:02:40,25.4,200,25.41,300,25.41,900
4449,0.33,0.14,0.19,43.890000000000015,10:02:43,25.39,1200,25.41,600,25.4027,285
4505,0.26,0.07,0.19,3.75,10:03:03,25.46,100,25.47,300,25.4631,700
4510,0.28,0.08,0.2,5.580000000000001,10:03:05,25.46,500,25.47,300,25.47,678
4589,0.36,0.2,0.16,37.86,10:03:37,25.41,400,25.43,700,25.4102,5000
4727,0.47000000000000003,0.27,0.2,31.930000000000003,10:04:31,25.4,300,25.41,800,25.405,100
4769,0.5,0.28,0.22,48.129999999999995,10:04:48,25.45,700,25.46,300,25.455,700
4946,0.30000000000000004,0.13,0.17,9.820000000000002,10:06:09,25.52,200,25.53,600,25.525,100
5152,0.33999999999999997,0.16,0.18,30.890000000000004,10:07:30,25.5,100,25.51,300,25.5001,100
5181,0.27,0.08,0.19,40.94000000000001,10:07:40,25.51,600,25.53,600,25.5228,1500
5366,0.37,0.07,0.3,55.53999999999999,10:08:55,25.5,600,25.51,200,25.495,1600
5372,0.28,0.07,0.21,0.0,10:09:00,25.5,800,25.51,200,25.505,100
5378,4.11,3.81,0.3,6.090000000000001,10:09:06,25.5,800,25.51,200,25.5054,100
5383,0.8999999999999999,0.59,0.31,12.070000000000002,10:09:12,25.49,600,25.51,800,25.4967,500
5420,0.27,0.07,0.2,29.730000000000008,10:09:29,25.46,100,25.47,500,25.4637,100
5477,0.24000000000000002,0.07,0.17,4.23,10:12:04,25.6,400,25.61,400,25.6027,1000
5484,0.23,0.07,0.16,6.210000000000001,10:12:06,25.6,400,25.61,400,25.6001,100
5491,0.24000000000000002,0.07,0.17,8.260000000000002,10:12:08,25.6,200,25.61,300,25.6,100
5503,0.5700000000000001,0.37,0.2,12.43,10:12:12,25.63,300,25.64,100,25.6301,2500
5508,0.28,0.07,0.21,14.27,10:12:14,25.6,300,25.61,600,25.62,100
5546,0.32,0.12,0.2,0.0,10:13:00,25.6,400,25.61,800,25.605,100
5552,0.32,0.08,0.24,2.1,10:13:02,25.6,400,25.61,800,25.61,100
5578,3.92,3.66,0.26,21.589999999999996,10:13:21,25.58,400,25.59,400,25.59,100
5580,0.38,0.18,0.2,22.259999999999994,10:13:22,25.57,200,25.58,500,25.57,100
5585,0.29000000000000004,0.07,0.22,23.959999999999997,10:13:23,25.57,400,25.58,300,25.58,100
5608,0.47,0.23,0.24,32.19,10:13:32,25.57,300,25.58,300,25.575,100
5624,0.45999999999999996,0.21,0.25,38.300000000000004,10:13:38,25.57,700,25.59,400,25.585,100
5635,0.39,0.18,0.21,42.12000000000001,10:13:42,25.58,300,25.59,400,25.5813,2500
5645,0.27,0.08,0.19,45.94000000000001,10:13:45,25.58,300,25.59,500,25.5856,135
5676,0.35,0.19,0.16,56.10000000000002,10:13:56,25.58,500,25.59,600,25.5875,800
5709,0.34,0.17,0.17,3.98,10:14:03,25.59,700,25.6,400,25.595,700
5743,0.4,0.21,0.19,25.9,10:14:25,25.6,1200,25.61,1000,25.6053,200
5748,0.36,0.17,0.19,27.740000000000002,10:14:27,25.6,1200,25.61,800,25.6058,400
5765,0.26,0.07,0.19,33.74,10:14:33,25.6,1200,25.61,700,25.6065,200
5792,0.37,0.2,0.17,41.90000000000002,10:14:41,25.62,200,25.63,400,25.625,100
5799,0.26,0.09,0.17,43.94000000000002,10:14:43,25.63,900,25.64,2000,25.63,100
5805,0.24000000000000002,0.07,0.17,45.770000000000024,10:14:45,25.63,700,25.64,1100,25.64,100
5849,0.49,0.22,0.27,0.0,10:15:00,25.64,300,25.65,800,25.65,200
5855,0.27,0.08,0.19,3.91,10:15:03,25.66,400,25.67,1200,25.67,100
5872,0.45999999999999996,0.22,0.24,17.71,10:15:17,25.64,700,25.65,700,25.645,100
5890,0.29,0.08,0.21,25.869999999999997,10:15:25,25.65,700,25.66,700,25.66,100
5961,0.30000000000000004,0.13,0.17,47.800000000000026,10:15:47,25.65,800,25.66,900,25.6568,200
6037,0.26,0.07,0.19,23.97,10:16:23,25.64,500,25.65,700,25.649,200
6159,2.81,2.47,0.34,7.279999999999999,10:17:07,25.65,300,25.66,1000,25.655,100
6160,1.41,1.18,0.23,8.69,10:17:08,25.65,300,25.66,1000,25.6513,500
6163,0.43000000000000005,0.2,0.23,9.7,10:17:09,25.65,300,25.66,1000,25.6572,1000
6176,0.26,0.07,0.19,17.810000000000006,10:17:17,25.65,300,25.66,1000,25.6515,150
6181,0.38,0.08,0.3,19.840000000000003,10:17:19,25.65,300,25.66,1100,25.6553,800
6225,0.28,0.08,0.2,35.94000000000002,10:17:35,25.65,700,25.66,1200,25.6585,250
6275,0.35000000000000003,0.07,0.28,2.0700000000000003,10:18:02,25.65,600,25.66,700,25.665,100
6289,0.37,0.18,0.19,8.809999999999999,10:18:08,25.65,600,25.66,1000,25.6475,200
6384,0.39,0.17,0.22,24.249999999999996,10:19:24,25.67,700,25.69,900,25.68,100
6478,0.55,0.28,0.27,13.94,10:20:13,25.64,900,25.65,700,25.6442,500
6521,0.43,0.22,0.21,30.049999999999997,10:20:30,25.67,900,25.68,400,25.675,100
6536,34.309999999999995,34.08,0.23,0.0,10:21:00,25.74,700,25.75,3500,25.74,100
6546,0.30000000000000004,0.07,0.23,3.7299999999999995,10:21:03,25.74,1700,25.75,3500,25.745,100
6563,0.71,0.23,0.48,12.68,10:21:12,25.73,700,25.74,600,25.735,900
6566,0.43,0.07,0.36,14.299999999999999,10:21:14,25.71,100,25.72,500,25.71,100
6573,0.47,0.1,0.37,18.409999999999993,10:21:18,25.71,400,25.72,200,25.715,100
6580,0.44,0.19,0.25,21.949999999999996,10:21:21,25.68,500,25.69,300,25.685,100
6600,0.5499999999999999,0.08,0.47,32.60999999999999,10:21:32,25.68,500,25.69,300,25.689,250
6612,0.6000000000000001,0.27,0.33,2.42,10:22:02,25.69,400,25.7,100,25.7,100
6622,2.64,2.23,0.41,10.22,10:22:10,25.69,200,25.7,1300,25.695,100
6638,0.34,0.07,0.27,21.950000000000003,10:22:21,25.69,600,25.7,1200,25.6936,1800
6643,0.5700000000000001,0.24,0.33,24.190000000000005,10:22:24,25.72,300,25.73,400,25.72,100
6647,0.49,0.18,0.31,26.020000000000007,10:22:26,25.72,400,25.73,300,25.721,300
6677,0.47000000000000003,0.08,0.39,42.190000000000026,10:22:42,25.72,300,25.73,600,25.7234,1000
6681,0.56,0.24,0.32,44.230000000000025,10:22:44,25.72,300,25.73,600,25.729,3000
6684,0.38,0.08,0.3,45.83000000000003,10:22:45,25.72,300,25.73,700,25.7236,900
6730,0.48,0.07,0.41,0.0,10:23:00,25.71,400,25.72,400,25.7166,172
6738,0.53,0.24,0.29,12.13,10:23:12,25.71,800,25.72,800,25.717,100
6742,0.53,0.24,0.29,13.87,10:23:13,25.71,1000,25.72,1100,25.7192,100
6789,0.66,0.22,0.44,32.18,10:23:32,25.72,800,25.73,1100,25.73,100
6808,0.33,0.13,0.2,39.769999999999996,10:23:39,25.72,1000,25.73,1100,25.725,100
6856,4.62,4.28,0.34,6.8100000000000005,10:24:06,25.71,1100,25.72,900,25.7146,130
6864,0.29000000000000004,0.09,0.2,11.870000000000001,10:24:11,25.68,300,25.69,400,25.69,100
7020,0.44,0.18,0.26,35.74999999999999,10:25:35,25.66,400,25.67,500,25.6638,2500
7142,0.32,0.07,0.25,35.790000000000006,10:26:35,25.7,400,25.71,200,25.709,100
7150,0.55,0.21,0.34,39.9,10:26:39,25.7,400,25.71,200,25.705,600
7262,0.5,0.23,0.27,0.0,10:28:00,25.65,600,25.66,1400,25.6582,200
7381,0.38,0.17,0.21,48.3,10:28:48,25.67,1300,25.68,500,25.6799,150
7489,0.43000000000000005,0.23,0.2,31.690000000000005,10:29:31,25.62,300,25.63,700,25.6266,500
7494,0.42000000000000004,0.2,0.22,33.46000000000001,10:29:33,25.62,300,25.63,600,25.6275,100
7516,0.28,0.08,0.2,41.610000000000014,10:29:41,25.63,1000,25.64,1200,25.635,100
7804,0.4,0.23,0.17,0.0,10:33:00,25.75,300,25.76,1600,25.76,100
7835,0.4,0.19,0.21,12.660000000000005,10:33:12,25.75,400,25.76,1600,25.755,100
7874,0.38,0.19,0.19,26.790000000000017,10:33:26,25.69,600,25.7,900,25.6962,100
8060,0.59,0.08,0.51,52.10000000000001,10:34:52,25.68,1400,25.69,700,25.6847,200
8081,0.75,0.19,0.56,9.999999999999998,10:35:09,25.68,800,25.7,600,25.6894,1000
8126,0.7899999999999999,0.09,0.7,40.3,10:35:40,25.61,200,25.62,800,25.614,1600
8200,0.62,0.18,0.44,40.41999999999999,10:36:40,25.57,600,25.59,400,25.5702,100
8233,0.8,0.31,0.49,2.21,10:37:02,25.53,300,25.55,500,25.54,100
8256,0.6000000000000001,0.28,0.32,19.74000000000001,10:37:19,25.55,100,25.56,500,25.559,100
8259,0.5900000000000001,0.07,0.52,21.53000000000001,10:37:21,25.55,200,25.56,500,25.5533,500
8270,0.62,0.26,0.36,27.90000000000001,10:37:27,25.57,100,25.58,200,25.588,100
8325,0.5800000000000001,0.07,0.51,0.0,10:38:00,25.53,200,25.54,200,25.535,100
8341,1.06,0.76,0.3,12.430000000000001,10:38:12,25.5,200,25.51,300,25.508000000000003,250
8419,1.44,0.86,0.58,8.37,10:39:08,25.5,300,25.51,1000,25.515,100
8458,0.76,0.14,0.62,39.89,10:39:39,25.53,500,25.54,200,25.5302,100
8500,0.8,0.17,0.63,16.539999999999996,10:40:16,25.52,500,25.53,700,25.5269,100
8506,0.8,0.07,0.73,22.119999999999997,10:40:22,25.52,500,25.53,900,25.5247,527
8511,0.7999999999999999,0.08,0.72,26.349999999999998,10:40:26,25.52,500,25.53,900,25.5244,100
8618,0.5700000000000001,0.07,0.5,37.98,10:41:37,25.46,500,25.48,100,25.462,100
8761,2.0,1.5,0.5,5.21,10:43:05,25.46,400,25.48,700,25.479,200
8770,0.59,0.08,0.51,12.01,10:43:12,25.46,400,25.48,800,25.465,100
8780,0.61,0.08,0.53,19.62,10:43:19,25.46,500,25.48,600,25.461,300
8789,0.8099999999999999,0.21,0.6,26.62,10:43:26,25.46,500,25.48,600,25.4738,200
8850,0.58,0.08,0.5,11.61,10:44:11,25.5,100,25.51,800,25.5044,350
8852,2.2,1.66,0.54,14.419999999999998,10:44:14,25.47,300,25.49,400,25.4846,300
8888,0.6000000000000001,0.07,0.53,38.030000000000015,10:44:38,25.48,200,25.49,600,25.4868,432
8902,0.45,0.14,0.31,45.82000000000002,10:44:45,25.48,100,25.49,500,25.485,100
8984,0.75,0.14,0.61,41.559999999999995,10:45:41,25.47,300,25.48,200,25.4747,100
9006,0.5800000000000001,0.07,0.51,55.56,10:45:55,25.48,600,25.49,400,25.4866,200
9308,0.44,0.08,0.36,17.45,10:49:17,25.53,1600,25.54,100,25.537,200
9376,0.61,0.09,0.52,6.22,10:50:06,25.57,1000,25.58,900,25.5733,900
9395,0.61,0.2,0.41,24.190000000000005,10:50:24,25.58,400,25.59,600,25.5871,302
9441,0.5800000000000001,0.13,0.45,49.91000000000001,10:50:49,25.61,300,25.62,400,25.615,100
9445,0.5700000000000001,0.2,0.37,51.940000000000005,10:50:51,25.61,1200,25.62,400,25.6137,1000
9465,2.38,1.88,0.5,2.9699999999999998,10:51:02,25.59,500,25.61,1000,25.603,100
9469,1.4100000000000001,0.74,0.67,6.4399999999999995,10:51:06,25.6,400,25.61,1000,25.607,250
9506,0.5900000000000001,0.27,0.32,35.73000000000002,10:51:35,25.58,400,25.59,600,25.583000000000002,900
9559,0.76,0.07,0.69,19.550000000000004,10:52:19,25.59,500,25.6,100,25.5975,100
9570,0.75,0.23,0.52,26.54000000000001,10:52:26,25.6,1400,25.61,900,25.6012,3000
9846,0.43000000000000005,0.09,0.34,29.80000000000001,10:57:29,25.69,300,25.71,1000,25.6925,500
10117,0.59,0.21,0.38,27.769999999999992,11:00:27,25.7,500,25.71,600,25.7068,200
10165,0.77,0.22,0.55,56.16000000000002,11:00:56,25.75,600,25.76,100,25.75,100
10186,4.41,3.86,0.55,20.97,11:01:20,25.75,500,25.76,1400,25.7552,313
10221,0.5700000000000001,0.07,0.5,40.18000000000001,11:01:40,25.74,600,25.75,500,25.7425,1300
10250,0.44,0.08,0.36,56.21,11:01:56,25.74,900,25.75,700,25.7445,428
10256,135.06,134.46,0.6,0.0,11:04:00,25.81,500,25.82,400,25.82,100
10270,0.63,0.17,0.46,10.15,11:04:10,25.83,400,25.84,100,25.84,100
10276,0.62,0.08,0.54,14.14,11:04:14,25.82,900,25.83,100,25.83,100
10285,0.96,0.36,0.6,20.73,11:04:20,25.81,300,25.82,900,25.81,100
10293,0.65,0.23,0.42,26.15,11:04:26,25.81,300,25.82,700,25.819000000000003,2000
10302,0.6000000000000001,0.07,0.53,31.89,11:04:31,25.81,300,25.82,700,25.8101,2013
10334,0.8099999999999999,0.23,0.58,3.8000000000000003,11:05:03,25.82,500,25.83,700,25.820999999999998,100
10338,0.8200000000000001,0.07,0.75,8.21,11:05:08,25.79,100,25.8,400,25.79,100
10355,0.43,0.07,0.36,23.37000000000001,11:05:23,25.79,300,25.8,400,25.795,300
10359,0.56,0.22,0.34,25.55000000000001,11:05:25,25.79,300,25.8,200,25.8,200
10385,0.57,0.08,0.49,39.78000000000002,11:05:39,25.77,300,25.78,100,25.77,100
10392,0.62,0.21,0.41,43.820000000000014,11:05:43,25.78,300,25.79,300,25.78,100
10396,0.61,0.18,0.43,46.02000000000001,11:05:46,25.78,200,25.79,400,25.785,300
10399,0.5800000000000001,0.25,0.33,47.660000000000004,11:05:47,25.78,100,25.79,500,25.7833,800
10430,1.37,0.8,0.57,9.940000000000001,11:06:09,25.8,400,25.81,400,25.8001,301
10441,0.62,0.31,0.31,17.38,11:06:17,25.8,200,25.81,800,25.805,100
10455,0.74,0.31,0.43,25.32,11:06:25,25.8,100,25.81,1100,25.8075,100
10477,0.43,0.12,0.31,37.16,11:06:37,25.8,200,25.81,900,25.809,100
10517,0.6000000000000001,0.27,0.33,6.18,11:07:06,25.82,500,25.83,800,25.8243,400
10521,3.98,3.41,0.57,12.16,11:07:12,25.83,1000,25.84,500,25.8308,150
10598,0.5900000000000001,0.19,0.4,58.2,11:07:58,25.83,700,25.84,1300,25.839000000000002,100
10649,1.37,0.82,0.55,33.4,11:08:33,25.83,900,25.84,400,25.8301,1000
10678,0.6,0.12,0.48,52.23000000000001,11:08:52,25.83,1300,25.84,400,25.8349,200
10699,4.99,4.47,0.52,0.0,11:09:00,25.84,1200,25.85,900,25.85,300
10700,0.44,0.07,0.37,0.44,11:09:00,25.85,1300,25.86,300,25.86,100
10703,0.43,0.07,0.36,1.8699999999999999,11:09:01,25.85,800,25.86,600,25.859,200
10713,0.5800000000000001,0.07,0.51,7.8199999999999985,11:09:07,25.85,600,25.86,600,25.855,100
10744,1.18,0.74,0.44,25.819999999999997,11:09:25,25.86,700,25.87,200,25.87,100
10752,0.5599999999999999,0.21,0.35,29.83,11:09:29,25.86,800,25.87,500,25.8619,2000
10770,0.57,0.08,0.49,39.779999999999994,11:09:39,25.88,300,25.89,300,25.88,100
10778,0.43,0.07,0.36,44.03999999999999,11:09:44,25.88,300,25.89,500,25.89,100
10798,2.79,2.25,0.54,0.0,11:10:00,25.88,300,25.89,400,25.895,100
10799,3.01,2.46,0.55,3.01,11:10:03,25.88,700,25.89,600,25.894000000000002,100
10809,0.61,0.18,0.43,9.61,11:10:09,25.9,200,25.91,400,25.9,200
10816,0.5700000000000001,0.07,0.5,13.419999999999998,11:10:13,25.9,1000,25.91,100,25.91,200
10830,0.64,0.18,0.46,21.239999999999995,11:10:21,25.91,400,25.92,300,25.92,100
10834,0.6000000000000001,0.2,0.4,23.63,11:10:23,25.91,400,25.92,300,25.915,100
10843,0.64,0.2,0.44,29.82,11:10:29,25.9,500,25.91,600,25.9067,2000
10852,0.75,0.09,0.66,35.56,11:10:35,25.9,700,25.91,900,25.905,100
10855,0.59,0.17,0.42,37.18000000000001,11:10:37,25.9,800,25.91,900,25.909000000000002,100
10886,0.58,0.08,0.5,7.57,11:11:07,25.9,800,25.91,1100,25.9015,200
10930,0.5900000000000001,0.19,0.4,37.82000000000002,11:11:37,25.83,300,25.84,500,25.835,200
10940,0.78,0.25,0.53,43.810000000000024,11:11:43,25.83,400,25.84,500,25.8315,400
11122,0.61,0.2,0.41,55.56000000000002,11:13:55,25.85,800,25.86,500,25.8567,880
11131,2.7800000000000002,2.35,0.43,0.0,11:14:00,25.85,800,25.86,600,25.8501,300
11290,0.61,0.24,0.37,37.63,11:17:37,25.92,900,25.93,500,25.93,2100
11338,0.44,0.08,0.36,6.400000000000001,11:18:06,25.94,700,25.95,1600,25.95,100
11340,2.6199999999999997,2.32,0.3,10.790000000000001,11:18:10,25.93,900,25.94,100,25.94,100
11343,1.26,0.8,0.46,13.020000000000001,11:18:13,25.93,500,25.94,600,25.934,247
11345,0.46,0.07,0.39,14.230000000000002,11:18:14,25.93,100,25.94,600,25.935,100
11423,0.6499999999999999,0.08,0.57,0.0,11:19:00,25.91,400,25.92,1000,25.916999999999998,300
11436,0.79,0.27,0.52,12.77,11:19:12,25.91,500,25.92,1000,25.919,100
11487,0.6100000000000001,0.07,0.54,45.949999999999996,11:19:45,25.89,800,25.9,1000,25.8975,700
11513,4.16,3.7,0.46,20.379999999999995,11:20:20,25.89,1100,25.9,900,25.8925,500
11662,0.8,0.33,0.47,7.66,11:22:07,25.86,300,25.87,400,25.865,10000
11756,0.82,0.23,0.59,16.43,11:23:16,25.82,100,25.83,600,25.826999999999998,300
11775,0.6,0.1,0.5,32.19,11:23:32,25.82,200,25.83,600,25.825,100
11788,0.78,0.18,0.6,40.37000000000001,11:23:40,25.83,500,25.84,500,25.8325,200
11940,0.64,0.2,0.44,32.03999999999999,11:25:32,25.8,1000,25.82,800,25.8123,120
12061,0.8099999999999999,0.22,0.59,2.95,11:28:02,25.81,300,25.82,1400,25.815,100
12078,0.64,0.25,0.39,12.27,11:29:12,25.81,400,25.82,1300,25.8135,189
12134,0.81,0.07,0.74,56.39999999999999,11:29:56,25.82,900,25.83,700,25.8225,700
12176,0.75,0.13,0.62,47.99999999999999,11:30:47,25.84,600,25.85,1100,25.849,100
12198,0.6,0.24,0.36,2.43,11:31:02,25.88,500,25.89,1900,25.885,100
12270,0.56,0.07,0.49,57.94000000000001,11:31:57,25.95,1300,25.96,900,25.96,100
12289,0.44,0.07,0.37,10.83,11:32:10,25.94,500,25.95,1400,25.9475,500
12300,0.5800000000000001,0.07,0.51,20.009999999999998,11:32:20,25.92,200,25.93,800,25.9265,109
12366,0.61,0.18,0.43,58.06999999999999,11:32:58,25.96,1400,25.97,100,25.965,200
12388,2.03,1.45,0.58,9.459999999999999,11:33:09,25.94,500,25.95,500,25.945,200
12393,0.59,0.17,0.42,13.26,11:33:13,25.94,400,25.95,500,25.9462,200
12429,0.57,0.21,0.36,34.25,11:33:34,25.87,400,25.89,400,25.8766,2000
12432,0.44,0.07,0.37,35.85,11:33:35,25.87,200,25.88,600,25.875,100
12436,0.44,0.07,0.37,37.86,11:33:37,25.87,400,25.88,500,25.8705,1300
12465,0.5900000000000001,0.07,0.52,0.0,11:34:00,25.85,500,25.86,900,25.8564,800
12517,0.62,0.14,0.48,39.59000000000002,11:34:39,25.84,100,25.85,500,25.8434,440
12615,0.62,0.14,0.48,0.0,11:37:00,25.79,600,25.8,300,25.7943,1000
12626,1.8199999999999998,1.2,0.62,8.39,11:37:08,25.8,100,25.81,900,25.803,600
12648,0.75,0.08,0.67,22.16,11:37:22,25.77,900,25.78,300,25.775,500
12679,0.5800000000000001,0.12,0.46,39.54,11:37:39,25.79,600,25.8,400,25.7901,1000
12701,0.59,0.15,0.44,51.999999999999986,11:37:51,25.8,400,25.81,900,25.8068,195
12718,3.19,2.61,0.58,9.850000000000001,11:38:09,25.81,500,25.82,300,25.8104,150
12797,0.76,0.21,0.55,2.0,11:41:02,25.82,500,25.83,700,25.8263,4500
12859,0.5900000000000001,0.14,0.45,47.83000000000002,11:41:47,25.84,900,25.85,400,25.845,100
12975,0.33999999999999997,0.15,0.19,41.78999999999999,11:42:41,25.87,400,25.88,300,25.8701,125
13094,0.51,0.24,0.27,34.31000000000001,11:43:34,25.84,300,25.85,500,25.8438,140
13264,0.25,0.08,0.17,38.629999999999995,11:45:38,25.9,200,25.91,1800,25.9125,100
13305,0.24000000000000002,0.07,0.17,16.23,11:46:16,25.9,1300,25.91,200,25.9034,100
13377,0.29000000000000004,0.07,0.22,44.11000000000002,11:46:44,25.89,300,25.9,200,25.8901,300
13474,0.27,0.07,0.2,8.09,11:47:08,25.89,800,25.9,600,25.8951,100
13684,0.36,0.17,0.19,44.08999999999998,11:48:44,25.87,400,25.88,500,25.8799,100
13689,0.47000000000000003,0.27,0.2,45.99999999999998,11:48:45,25.87,400,25.88,700,25.8754,500
13732,0.45,0.27,0.18,0.0,11:49:00,25.88,1000,25.89,600,25.881,186
13745,0.28,0.1,0.18,3.9000000000000004,11:49:03,25.89,900,25.9,600,25.8967,500
13752,0.74,0.51,0.23,10.39,11:49:10,25.9,200,25.91,1100,25.9099,100
13864,0.27,0.07,0.2,53.93000000000001,11:49:53,25.86,200,25.87,600,25.8644,1000
14021,0.36,0.2,0.16,54.07,11:50:54,25.87,2100,25.88,500,25.8732,2000
14062,1.6099999999999999,1.26,0.35,3.0,11:51:03,25.88,300,25.89,1000,25.889,100
14269,0.25,0.08,0.17,24.670000000000016,11:52:24,25.87,1000,25.88,2200,25.8801,100
14531,0.33999999999999997,0.15,0.19,11.0,11:54:11,25.86,800,25.87,1200,25.8625,700
15226,0.26,0.07,0.19,39.73,11:58:39,25.87,1500,25.88,1000,25.879,200
15559,0.25,0.07,0.18,57.77000000000001,12:00:57,25.92,1500,25.93,1200,25.925,100
15644,0.27,0.11,0.16,38.089999999999996,12:01:38,25.92,400,25.93,1800,25.9267,100
15803,0.36,0.18,0.18,39.920000000000016,12:02:39,25.9,900,25.91,100,25.9132,1200
15863,0.33999999999999997,0.18,0.16,57.75999999999999,12:02:57,25.91,1200,25.93,2200,25.9168,1000
15997,0.39,0.15,0.24,42.20000000000001,12:03:42,25.9,700,25.91,1300,25.901,2500
16639,0.30000000000000004,0.07,0.23,0.0,12:08:00,25.87,300,25.88,1700,25.8744,865
16698,0.5,0.25,0.25,28.409999999999993,12:08:28,25.86,600,25.87,700,25.8607,100
17108,0.33999999999999997,0.18,0.16,56.01999999999998,12:10:56,25.84,800,25.85,1100,25.8457,300
17219,0.31000000000000005,0.14,0.17,35.96,12:11:35,25.82,500,25.83,500,25.8261,100
17331,1.97,1.78,0.19,21.639999999999997,12:12:21,25.82,600,25.83,1100,25.8201,400
17386,0.41000000000000003,0.21,0.2,39.879999999999995,12:12:39,25.82,800,25.83,1800,25.829,100
17461,0.34,0.11,0.23,1.01,12:13:01,25.8,900,25.81,700,25.8099,350
17825,0.27,0.07,0.2,37.68000000000002,12:15:37,25.7,2200,25.71,300,25.7099,100
18033,0.32,0.12,0.2,54.15000000000003,12:16:54,25.73,900,25.74,400,25.7388,1000
18039,0.4,0.21,0.19,56.18000000000002,12:16:56,25.73,900,25.74,400,25.739,1000
18090,0.42,0.24,0.18,18.970000000000002,12:17:18,25.73,1900,25.74,900,25.7387,150
18458,0.23,0.07,0.16,28.08,12:19:28,25.72,200,25.73,900,25.7299,200
18585,0.33,0.13,0.2,16.200000000000003,12:20:16,25.74,1600,25.75,1400,25.7499,200
18634,0.4,0.21,0.19,33.94000000000001,12:20:33,25.75,500,25.76,500,25.7599,300
18707,0.24,0.08,0.16,0.0,12:21:00,25.76,400,25.77,400,25.7658,500
18712,0.31000000000000005,0.14,0.17,1.9200000000000002,12:21:01,25.76,1000,25.77,200,25.7699,200
18947,0.4,0.21,0.19,42.14,12:22:42,25.77,2300,25.78,200,25.7799,300
19101,0.35000000000000003,0.08,0.27,33.12,12:23:33,25.77,900,25.78,700,25.7712,100
19134,0.63,0.27,0.36,45.34,12:23:45,25.76,2900,25.77,500,25.765,100
19950,0.27,0.08,0.19,28.069999999999997,12:29:28,25.72,3000,25.73,900,25.7325,200
20189,0.3,0.08,0.22,0.0,12:31:00,25.71,800,25.72,2200,25.7199,2000
20703,0.53,0.22,0.31,27.839999999999996,12:34:27,25.72,1400,25.73,1000,25.7248,200
20973,0.25,0.08,0.17,2.0,12:36:02,25.72,1500,25.73,2400,25.726999999999997,5000
21114,0.34,0.17,0.17,0.0,12:37:00,25.72,1300,25.73,1300,25.7225,100
21255,0.44,0.18,0.26,53.00000000000001,12:37:53,25.72,800,25.73,1600,25.7246,100
21771,0.41000000000000003,0.21,0.2,39.91000000000001,12:41:39,25.69,2100,25.7,2300,25.6946,200
21926,0.4,0.21,0.19,17.169999999999995,12:45:17,25.73,1600,25.74,1800,25.7357,2000
21961,0.55,0.21,0.34,28.950000000000003,12:45:28,25.73,1900,25.74,1700,25.7301,215
22129,0.27,0.07,0.2,47.96,12:46:47,25.71,1300,25.72,1100,25.719,100
22153,0.37,0.17,0.2,55.94000000000001,12:46:55,25.71,1300,25.72,1100,25.7187,100
22205,0.45,0.23,0.22,12.82,12:47:12,25.71,1300,25.72,1500,25.7159,100
22761,0.36,0.17,0.19,0.0,12:51:00,25.74,1400,25.75,1000,25.7493,100
22812,0.37,0.18,0.19,20.130000000000006,12:51:20,25.74,1400,25.75,1000,25.749000000000002,100
23332,0.38,0.18,0.2,36.990000000000016,12:54:36,25.72,500,25.73,2200,25.7201,100
23566,2.3899999999999997,2.15,0.24,0.0,12:56:00,25.76,1700,25.77,600,25.7634,1600
23567,0.36,0.19,0.17,0.36,12:56:00,25.76,1700,25.77,700,25.7625,300
23716,2.3499999999999996,2.11,0.24,9.77,12:57:09,25.76,1200,25.77,800,25.7675,200
23867,0.24,0.08,0.16,6.42,12:58:06,25.76,900,25.77,1200,25.763,100
24019,0.42000000000000004,0.22,0.2,0.0,13:00:00,25.77,1300,25.78,2500,25.7769,200
24135,0.41000000000000003,0.24,0.17,9.690000000000001,13:01:09,25.81,1500,25.82,300,25.8192,200
24441,0.32,0.13,0.19,0.0,13:03:00,25.86,800,25.87,800,25.8615,1600
24481,0.33,0.14,0.19,24.12,13:03:24,25.86,200,25.87,1300,25.869,200
24551,0.26,0.07,0.19,46.29,13:03:46,25.86,600,25.87,1400,25.8601,200
25270,0.53,0.22,0.31,24.37,13:11:24,25.86,500,25.87,1800,25.8652,100
25611,0.6,0.18,0.42,36.79000000000002,13:14:36,25.95,1500,25.96,2500,25.955,100
25659,0.78,0.18,0.6,3.76,13:15:03,25.96,700,25.97,1000,25.97,1100
25680,0.64,0.2,0.44,17.780000000000005,13:15:17,25.95,800,25.96,1600,25.959,100
25725,0.6599999999999999,0.08,0.58,0.0,13:16:00,25.95,1400,25.96,2300,25.9535,1000
25815,3.83,3.22,0.61,8.45,13:17:08,25.96,600,25.97,1400,25.9646,446
25816,0.5800000000000001,0.27,0.31,9.03,13:17:09,25.96,600,25.97,1700,25.9657,200
25932,0.42,0.07,0.35,29.840000000000014,13:18:29,25.96,1200,25.97,1800,25.9635,1500
25969,0.58,0.08,0.5,50.02000000000002,13:18:50,25.96,1600,25.97,500,25.975,100
25984,0.44,0.14,0.3,0.0,13:19:00,25.96,1500,25.97,1400,25.969,100
26028,0.61,0.23,0.38,34.39,13:19:34,25.96,2500,25.97,1000,25.9607,200
26043,0.59,0.17,0.42,42.400000000000006,13:19:42,25.97,1500,25.98,800,25.98,100
26152,0.56,0.24,0.32,54.12000000000002,13:20:54,25.97,1700,25.98,2200,25.9746,200
26178,0.57,0.09,0.48,20.0,13:21:20,25.97,1800,25.98,2400,25.9754,400
26240,0.44,0.07,0.37,55.66000000000001,13:21:55,25.99,1600,26.0,26600,26.0,100
26244,0.5800000000000001,0.07,0.51,58.040000000000006,13:21:58,26.03,2600,26.04,700,26.03,441
26247,0.42,0.07,0.35,0.0,13:22:00,26.04,1400,26.05,400,26.05,100
26251,0.59,0.18,0.41,2.37,13:22:02,26.01,1600,26.02,700,26.01,100
26261,0.44,0.07,0.37,7.99,13:22:07,26.01,1900,26.02,600,26.02,100
26264,3.04,2.57,0.47,12.010000000000002,13:22:12,26.01,1900,26.02,1400,26.015,100
26270,0.42,0.07,0.35,16.190000000000005,13:22:16,26.01,2000,26.02,1400,26.0101,400
26331,0.5599999999999999,0.08,0.48,50.030000000000015,13:22:50,26.0,1500,26.01,2300,26.0048,300
26409,0.59,0.24,0.35,40.44000000000001,13:23:40,26.02,1800,26.03,1000,26.0243,100
26412,0.62,0.1,0.52,42.460000000000015,13:23:42,26.02,1800,26.03,1000,26.025,100
26415,0.5900000000000001,0.07,0.52,44.23000000000002,13:23:44,26.02,1800,26.03,1000,26.0299,100
26555,1.02,0.12,0.9,4.01,13:26:04,26.02,1700,26.03,2000,26.029,800
26574,1.01,0.07,0.94,25.990000000000002,13:26:25,26.02,1700,26.03,2100,26.0235,228
26577,0.98,0.18,0.8,28.970000000000002,13:26:28,26.02,1700,26.03,2100,26.0215,500
26615,1.01,0.08,0.93,15.21,13:27:15,26.03,2000,26.04,1000,26.04,200
26619,1.2,0.15,1.05,19.630000000000003,13:27:19,26.03,2000,26.04,1000,26.0346,400
26647,1.4200000000000002,0.09,1.33,52.450000000000024,13:27:52,26.05,1800,26.06,1500,26.06,100
26656,1.6,0.74,0.86,4.2,13:28:04,26.05,1700,26.06,1600,26.0556,200
26659,1.1700000000000002,0.08,1.09,7.960000000000001,13:28:07,26.05,1700,26.06,1700,26.055,100
26664,1.1800000000000002,0.07,1.11,13.36,13:28:13,26.05,1500,26.06,1800,26.0539,100
26682,1.1800000000000002,0.07,1.11,34.2,13:28:34,26.06,1700,26.07,1300,26.0638,145
26698,5.58,4.42,1.16,0.0,13:29:00,26.06,4100,26.07,900,26.07,100
26701,4.220000000000001,2.99,1.23,7.000000000000001,13:29:07,26.07,1300,26.08,900,26.0708,1800
26702,3.01,1.71,1.3,10.010000000000002,13:29:10,26.07,1600,26.08,300,26.08,104
26711,1.2000000000000002,0.09,1.11,21.810000000000006,13:29:21,26.09,2100,26.1,1000,26.09,100
26733,1.21,0.07,1.14,49.59000000000001,13:29:49,26.08,900,26.09,2700,26.085,500
26737,1.2,0.07,1.13,0.0,13:30:00,26.08,1000,26.09,2800,26.0899,500
26753,1.01,0.07,0.94,20.01,13:30:20,26.07,600,26.08,1200,26.0743,200
26799,1.2,0.07,1.13,15.589999999999998,13:31:15,26.1,1900,26.11,400,26.1,100
26801,1.2,0.07,1.13,17.97,13:31:17,26.11,400,26.12,1100,26.12,100
26802,1.03,0.08,0.95,19.0,13:31:19,26.13,600,26.14,400,26.14,100
26804,1.39,0.2,1.19,21.57,13:31:21,26.12,1100,26.13,400,26.13,100
26807,1.2,0.07,1.13,25.19,13:31:25,26.15,300,26.16,400,26.15,100
26813,1.21,0.27,0.94,33.19,13:31:33,26.16,700,26.17,700,26.16,100
26815,1.2000000000000002,0.09,1.11,35.79,13:31:35,26.17,300,26.18,700,26.18,100
26817,1.1900000000000002,0.08,1.11,38.18,13:31:38,26.17,900,26.18,1000,26.17,100
26820,1.4,0.18,1.22,41.78,13:31:41,26.19,500,26.2,900,26.19,100
26823,1.21,0.08,1.13,45.2,13:31:45,26.18,100,26.19,700,26.189,2000
26837,1.41,0.21,1.2,6.19,13:32:06,26.12,100,26.13,500,26.11,100
26840,0.99,0.08,0.91,13.180000000000001,13:32:13,26.12,300,26.13,100,26.1204,500
26841,1.38,0.14,1.24,14.560000000000002,13:32:14,26.12,200,26.13,200,26.1201,100
26847,1.42,0.24,1.18,22.57,13:32:22,26.13,300,26.15,900,26.1424,100
26852,1.44,0.24,1.2,29.21,13:32:29,26.13,400,26.15,900,26.1498,5000
26857,1.21,0.2,1.01,36.400000000000006,13:32:36,26.13,300,26.15,1000,26.148000000000003,5000
26870,1.6199999999999999,0.17,1.45,0.0,13:33:00,26.13,600,26.14,700,26.1326,500
26876,1.21,0.08,1.13,13.0,13:33:13,26.12,1100,26.13,200,26.125,100
26880,1.1900000000000002,0.07,1.12,17.6,13:33:17,26.11,900,26.12,600,26.115,200
26885,1.57,0.3,1.27,24.59,13:33:24,26.11,700,26.12,500,26.119,650
26888,1.41,0.18,1.23,28.82,13:33:28,26.11,800,26.12,400,26.1185,104
26889,1.6,0.33,1.27,30.42,13:33:30,26.11,800,26.12,400,26.113000000000003,400
26984,1.3800000000000001,0.07,1.31,30.190000000000005,13:35:30,26.13,1400,26.14,700,26.135,100
27010,1.4,0.2,1.2,0.0,13:36:00,26.15,1200,26.16,600,26.153000000000002,100
27012,1.1800000000000002,0.1,1.08,3.99,13:36:03,26.15,1200,26.16,700,26.1533,600
27021,1.3800000000000001,0.08,1.3,14.8,13:36:14,26.15,1400,26.16,700,26.155,2000
27022,1.4,0.21,1.19,16.2,13:36:16,26.15,1400,26.16,700,26.159000000000002,1000
27050,0.81,0.13,0.68,46.00000000000001,13:36:46,26.17,1700,26.19,1300,26.1816,2000
27059,0.8200000000000001,0.15,0.67,0.0,13:37:00,26.18,1300,26.19,900,26.1792,110
27069,0.99,0.2,0.79,12.799999999999999,13:37:12,26.18,1400,26.19,700,26.1801,4000
27086,0.8099999999999999,0.08,0.73,33.410000000000004,13:37:33,26.16,800,26.17,300,26.165,100
27106,1.19,0.17,1.02,0.0,13:38:00,26.15,1100,26.16,700,26.1537,709
27124,1.3800000000000001,0.07,1.31,27.409999999999997,13:38:27,26.15,1100,26.16,600,26.151999999999997,126
27150,1.37,0.07,1.3,58.58999999999998,13:38:58,26.19,1200,26.2,300,26.2,7169
27151,1.2,0.07,1.13,0.0,13:39:00,26.19,1100,26.2,600,26.1901,2000
27152,1.0,0.07,0.93,1.0,13:39:01,26.18,700,26.19,1900,26.195,100
27159,1.2,0.15,1.05,13.619999999999997,13:39:13,26.19,500,26.2,400,26.1925,500
27171,1.3900000000000001,0.09,1.3,29.22,13:39:29,26.18,1100,26.19,200,26.186999999999998,3300
27180,1.2000000000000002,0.12,1.08,39.81,13:39:39,26.18,1000,26.19,800,26.185,100
27185,1.1800000000000002,0.25,0.93,45.41,13:39:45,26.18,1000,26.19,800,26.1825,100
27196,0.97,0.22,0.75,57.37999999999999,13:39:57,26.18,1000,26.19,800,26.1854,100
27240,1.2,0.07,1.13,33.18,13:41:33,26.18,1800,26.19,900,26.1807,100
27281,1.39,0.24,1.15,36.57,13:42:36,26.14,700,26.15,600,26.1484,900
27311,1.0,0.08,0.92,16.0,13:43:16,26.1,900,26.11,500,26.109,1500
27315,1.22,0.08,1.14,22.21,13:43:22,26.1,600,26.11,400,26.1046,1400
27319,1.01,0.07,0.94,26.820000000000004,13:43:26,26.1,1100,26.11,800,26.1036,758
27320,1.1800000000000002,0.07,1.11,28.000000000000004,13:43:28,26.1,1100,26.11,800,26.105,200
27339,0.97,0.22,0.75,45.81,13:43:45,26.1,900,26.11,1100,26.1001,100
27349,1.2000000000000002,0.08,1.12,56.220000000000006,13:43:56,26.1,900,26.11,1000,26.1004,1000
27384,1.01,0.16,0.85,41.40999999999999,13:44:41,26.08,1100,26.09,200,26.0801,100
27392,0.99,0.14,0.85,49.609999999999985,13:44:49,26.08,1100,26.09,500,26.0806,2000
27513,1.4,0.18,1.22,16.589999999999996,13:47:16,26.09,1000,26.1,700,26.0953,200
27514,1.4100000000000001,0.08,1.33,17.999999999999996,13:47:17,26.09,1000,26.1,800,26.093000000000004,1000
27519,1.2,0.23,0.97,24.399999999999995,13:47:24,26.09,1100,26.1,1200,26.095,100
27611,0.99,0.09,0.9,5.59,13:49:05,26.13,100,26.14,700,26.1399,400
27712,1.5799999999999998,0.43,1.15,2.8,13:51:02,26.13,1200,26.14,1500,26.1332,315
27714,1.3699999999999999,0.23,1.14,5.39,13:51:05,26.15,1000,26.16,600,26.1599,300
27719,1.2,0.21,0.99,11.579999999999998,13:51:11,26.16,1100,26.17,300,26.1699,300
27739,1.1800000000000002,0.25,0.93,39.19,13:51:39,26.14,800,26.15,500,26.1499,100
27813,1.02,0.24,0.78,0.0,13:53:00,26.14,600,26.15,700,26.145,100
27858,0.82,0.08,0.74,47.410000000000004,13:53:47,26.14,400,26.15,1200,26.149,9000
27868,1.16,0.18,0.98,0.0,13:54:00,26.13,700,26.14,300,26.131,4500
27879,0.99,0.25,0.74,14.6,13:54:14,26.12,1400,26.13,500,26.1264,5300
27898,1.02,0.07,0.95,36.410000000000004,13:54:36,26.12,900,26.13,1100,26.1234,2500
27981,1.01,0.08,0.93,16.590000000000003,13:56:16,26.09,400,26.1,600,26.0901,566
27999,0.98,0.08,0.9,33.769999999999996,13:56:33,26.09,500,26.1,900,26.0937,600
28077,0.98,0.24,0.74,55.55,13:57:55,26.09,600,26.1,1200,26.0956,108
28081,0.99,0.17,0.82,0.0,13:58:00,26.09,600,26.1,1100,26.0973,1400
28093,1.4200000000000002,0.07,1.35,21.43,13:58:21,26.09,500,26.1,1000,26.0957,700
28264,1.0,0.13,0.87,47.370000000000005,14:01:47,26.17,1600,26.18,1600,26.1737,1000
28286,1.58,0.58,1.0,17.58,14:02:17,26.18,1100,26.19,600,26.1885,200
28366,1.41,0.21,1.2,53.61999999999999,14:03:53,26.2,11000,26.21,300,26.21,100
28369,1.2,0.17,1.03,57.419999999999995,14:03:57,26.21,1300,26.22,1100,26.2189,100
28373,1.21,0.14,1.07,0.0,14:04:00,26.21,1400,26.22,1100,26.215,100
28376,1.3900000000000001,0.37,1.02,3.58,14:04:03,26.21,1600,26.22,1100,26.22,100
28378,1.3800000000000001,0.07,1.31,5.96,14:04:05,26.22,900,26.23,200,26.229,200
28382,1.3900000000000001,0.07,1.32,12.950000000000001,14:04:12,26.22,900,26.23,500,26.23,100
28391,1.01,0.08,0.93,26.960000000000004,14:04:26,26.22,1000,26.23,800,26.225,100
28446,1.01,0.07,0.94,32.37,14:05:32,26.23,1600,26.24,300,26.24,100
28461,1.04,0.21,0.83,49.77,14:05:49,26.25,1100,26.26,300,26.25,1000
28463,1.1900000000000002,0.07,1.12,52.34,14:05:52,26.25,1100,26.26,200,26.255,100
28472,1.39,0.19,1.2,0.0,14:06:00,26.25,1900,26.26,300,26.26,100
28488,0.99,0.27,0.72,21.789999999999996,14:06:21,26.24,1200,26.25,800,26.245,800
28494,1.01,0.27,0.74,27.379999999999992,14:06:27,26.24,1200,26.25,1100,26.2485,300
28505,1.19,0.16,1.03,40.38999999999999,14:06:40,26.23,2100,26.24,600,26.2325,3800
28517,0.8300000000000001,0.16,0.67,53.6,14:06:53,26.24,1200,26.25,1100,26.2466,2000
28529,1.2,0.22,0.98,13.24,14:07:13,26.24,1200,26.25,1100,26.2401,200
28543,1.23,0.07,1.16,33.449999999999996,14:07:33,26.23,700,26.24,1500,26.235,100
28572,1.2000000000000002,0.09,1.11,7.590000000000001,14:08:07,26.23,700,26.24,1600,26.2301,100
28720,1.02,0.18,0.84,7.01,14:11:07,26.26,700,26.27,700,26.269000000000002,200
28722,0.8200000000000001,0.07,0.75,8.81,14:11:08,26.26,800,26.27,700,26.265,500
28733,1.0,0.21,0.79,23.78,14:11:23,26.26,700,26.27,1200,26.27,5000
28768,0.97,0.07,0.9,55.34,14:11:55,26.24,500,26.25,1000,26.2499,200
28770,0.8200000000000001,0.07,0.75,0.0,14:12:00,26.24,300,26.25,1000,26.2425,600
28842,0.82,0.13,0.69,0.82,14:13:00,26.25,1800,26.26,900,26.2501,100
28846,2.81,2.14,0.67,7.0,14:13:07,26.25,1600,26.26,900,26.2535,100
28852,0.8200000000000001,0.17,0.65,14.23,14:13:14,26.26,2000,26.27,1200,26.2654,900
28925,1.1900000000000002,0.08,1.11,31.789999999999996,14:14:31,26.25,1200,26.26,800,26.2507,100
29080,0.8200000000000001,0.07,0.75,37.4,14:17:37,26.27,1400,26.28,1700,26.28,100
29111,0.99,0.07,0.92,9.76,14:18:09,26.27,1500,26.28,1600,26.275,100
29132,1.01,0.17,0.84,33.76,14:18:33,26.27,1500,26.28,1700,26.2746,300
29168,1.1800000000000002,0.09,1.09,16.180000000000003,14:19:16,26.27,1500,26.28,2500,26.2742,1000
29194,0.97,0.23,0.74,41.59999999999999,14:19:41,26.27,1600,26.28,2200,26.2714,100
29216,1.2,0.33,0.87,2.2199999999999998,14:20:02,26.3,1100,26.31,1100,26.295,100
29221,1.0,0.21,0.79,7.609999999999999,14:20:07,26.3,1100,26.31,1300,26.31,100
29335,0.6,0.08,0.52,23.44000000000001,14:21:23,26.26,500,26.27,1400,26.2696,1007
29342,0.45,0.07,0.38,27.470000000000006,14:21:27,26.26,500,26.27,1400,26.2669,400
29374,0.6,0.09,0.51,0.0,14:22:00,26.26,700,26.27,1800,26.2665,100
29421,0.57,0.08,0.49,31.660000000000004,14:22:31,26.28,100,26.29,2300,26.285,100
29579,0.5700000000000001,0.07,0.5,0.0,14:24:00,26.28,1500,26.29,1200,26.29,100
29582,0.6,0.17,0.43,1.63,14:24:01,26.28,1400,26.29,1200,26.2886,150
29652,0.6100000000000001,0.07,0.54,49.250000000000014,14:24:49,26.29,1500,26.3,1000,26.2968,575
29662,0.6000000000000001,0.07,0.53,55.65000000000003,14:24:55,26.29,1500,26.3,1000,26.3,100
29681,0.59,0.08,0.51,0.0,14:25:00,26.3,1400,26.31,2100,26.315,100
29735,0.5900000000000001,0.07,0.52,35.820000000000014,14:25:35,26.3,1500,26.31,2200,26.305,100
29751,0.59,0.09,0.5,1.9499999999999997,14:26:01,26.32,1500,26.33,500,26.32,100
29754,0.5900000000000001,0.07,0.52,5.569999999999999,14:26:05,26.31,1300,26.32,200,26.325,100
29776,0.59,0.08,0.51,27.3,14:26:27,26.28,1100,26.29,400,26.2891,550
29874,0.6000000000000001,0.14,0.46,30.150000000000006,14:27:30,26.27,1000,26.28,600,26.2775,100
29876,0.61,0.08,0.53,31.350000000000005,14:27:31,26.27,1000,26.28,600,26.2789,100
29897,0.44,0.07,0.37,43.370000000000005,14:27:43,26.28,600,26.29,1400,26.2866,1000
29938,4.06,3.57,0.49,11.82,14:28:11,26.26,400,26.27,1800,26.2685,100
29961,0.78,0.18,0.6,30.360000000000003,14:28:30,26.27,4200,26.28,800,26.273000000000003,2000
30022,0.6200000000000001,0.07,0.55,15.559999999999999,14:29:15,26.26,1000,26.27,1400,26.2625,100
30173,0.5900000000000001,0.07,0.52,50.14000000000003,14:30:50,26.27,1400,26.28,2000,26.2762,113
30257,0.59,0.08,0.51,44.000000000000014,14:31:44,26.28,2400,26.29,2000,26.2889,200
30329,0.59,0.21,0.38,36.22000000000001,14:32:36,26.28,1000,26.29,1800,26.2893,250
30367,0.6000000000000001,0.07,0.53,0.0,14:33:00,26.28,1200,26.29,1500,26.2858,500
30526,0.6000000000000001,0.07,0.53,26.76,14:36:26,26.28,1900,26.29,3200,26.2839,500
30695,0.6000000000000001,0.28,0.32,2.42,14:39:02,26.27,600,26.28,1400,26.2753,200
30900,0.78,0.15,0.63,33.739999999999995,14:41:33,26.23,3800,26.24,3100,26.2308,2000
30917,0.64,0.18,0.46,45.75,14:41:45,26.23,500,26.24,4100,26.237,1500
30999,0.6100000000000001,0.07,0.54,49.40000000000003,14:42:49,26.23,500,26.24,4400,26.2347,209
31060,0.43,0.12,0.31,31.429999999999996,14:43:31,26.22,3800,26.23,5400,26.2248,200
31140,0.64,0.2,0.44,14.43,14:44:14,26.2,3400,26.21,1100,26.2001,296
31155,0.77,0.07,0.7,25.35,14:44:25,26.19,200,26.2,1800,26.1908,100
31200,0.5800000000000001,0.07,0.51,6.17,14:45:06,26.18,400,26.19,2000,26.1833,100
31362,3.39,2.81,0.58,17.619999999999997,14:47:17,26.2,700,26.21,1400,26.205,100
31662,0.79,0.12,0.67,38.160000000000004,14:50:38,26.13,1100,26.14,1700,26.1301,200
31690,0.76,0.2,0.56,9.61,14:51:09,26.14,700,26.15,1300,26.143,500
31824,0.63,0.18,0.45,48.24000000000001,14:52:48,26.12,100,26.13,1800,26.1246,1400
31930,0.6000000000000001,0.07,0.53,57.72000000000003,14:53:57,26.11,500,26.12,2100,26.1104,1000
31984,0.6300000000000001,0.07,0.56,38.199999999999996,14:54:38,26.11,500,26.12,3400,26.1114,500
32051,0.78,0.07,0.71,28.130000000000003,14:55:28,26.12,1300,26.14,2100,26.1334,900
32091,0.6599999999999999,0.09,0.57,23.620000000000005,14:56:23,26.17,200,26.18,2000,26.175,500
32094,0.6499999999999999,0.18,0.47,25.630000000000003,14:56:25,26.17,200,26.18,1800,26.1793,100
32259,0.75,0.07,0.68,39.50000000000002,14:58:39,26.13,800,26.14,2000,26.1356,500
32293,0.61,0.23,0.38,6.8,14:59:06,26.12,500,26.13,1300,26.1208,100
32586,0.9299999999999999,0.22,0.71,38.790000000000006,15:02:38,26.14,2700,26.15,2000,26.1472,500
32604,0.8500000000000001,0.17,0.68,54.42,15:02:54,26.14,2700,26.15,1800,26.1435,236
32743,0.5700000000000001,0.14,0.43,41.77,15:04:41,26.14,1500,26.15,1600,26.1466,250
32953,0.77,0.07,0.7,31.99,15:07:31,26.12,2500,26.13,2300,26.1227,750
33004,0.96,0.24,0.72,9.420000000000002,15:08:09,26.12,900,26.13,2500,26.129,500
33166,1.63,1.18,0.45,5.4,15:10:05,26.12,1100,26.13,2500,26.123,500
33335,0.61,0.17,0.44,7.99,15:12:07,26.11,1000,26.12,6000,26.1146,500
33360,0.5900000000000001,0.13,0.46,28.55,15:12:28,26.15,700,26.16,2900,26.1501,500
33479,0.61,0.14,0.47,39.07999999999999,15:13:39,26.16,700,26.17,2500,26.1604,298
33520,0.5900000000000001,0.07,0.52,16.37,15:14:16,26.15,2000,26.16,1600,26.1568,350
33568,0.6,0.18,0.42,44.38000000000001,15:14:44,26.16,1900,26.17,3100,26.1601,100
33681,0.43,0.13,0.3,49.76999999999998,15:15:49,26.17,1200,26.18,2600,26.1783,1000
33685,0.6000000000000001,0.2,0.4,51.94999999999998,15:15:51,26.17,1400,26.18,2600,26.1707,100
33940,0.59,0.08,0.51,49.210000000000015,15:18:49,26.16,1200,26.17,1500,26.1681,200
33965,0.61,0.21,0.4,10.049999999999999,15:19:10,26.16,600,26.17,2200,26.1607,100
34098,0.43000000000000005,0.09,0.34,38.01999999999999,15:20:38,26.13,900,26.14,700,26.1371,500
34133,2.18,1.56,0.62,21.590000000000003,15:21:21,26.13,1000,26.14,700,26.139,1420
34134,0.62,0.09,0.53,22.210000000000004,15:21:22,26.13,1700,26.14,600,26.1398,100
34374,0.57,0.08,0.49,6.170000000000001,15:24:06,26.15,1800,26.16,1700,26.1519,289
34605,0.6,0.23,0.37,47.57,15:26:47,26.14,1800,26.15,1400,26.1469,378
34750,0.5800000000000001,0.07,0.51,21.820000000000007,15:28:21,26.14,1800,26.15,1400,26.1452,499
34759,0.62,0.08,0.54,27.59000000000001,15:28:27,26.14,1600,26.15,1600,26.1495,570
35018,0.5900000000000001,0.07,0.52,0.0,15:32:00,26.12,1200,26.13,3200,26.1268,100
35063,0.61,0.26,0.35,30.03,15:32:30,26.12,1500,26.13,3200,26.1297,100
35153,0.43000000000000005,0.09,0.34,27.389999999999997,15:33:27,26.07,2900,26.08,2400,26.075,100
35269,0.6,0.13,0.47,52.19000000000002,15:34:52,26.08,1100,26.09,900,26.0856,382
35291,1.2000000000000002,0.64,0.56,6.42,15:35:06,26.08,1400,26.09,700,26.0868,115
35448,0.44,0.07,0.37,45.57,15:36:45,26.06,900,26.07,1200,26.065,100
35534,0.61,0.2,0.41,44.09,15:37:44,26.05,3300,26.06,1200,26.059,1000
35537,0.45,0.12,0.33,45.900000000000006,15:37:45,26.06,1600,26.07,1400,26.0699,102
35606,0.6000000000000001,0.07,0.53,40.20000000000002,15:38:40,26.06,1400,26.07,1500,26.0661,300
35677,0.5700000000000001,0.07,0.5,27.62,15:39:27,26.06,500,26.07,1100,26.0689,1000
35699,0.56,0.07,0.49,39.78000000000001,15:39:39,26.06,700,26.07,1800,26.0687,267
35713,0.76,0.18,0.58,47.81,15:39:47,26.06,700,26.07,1900,26.0646,350
35736,1.17,0.65,0.52,9.200000000000001,15:40:09,26.05,3200,26.06,700,26.0599,237
35737,0.64,0.23,0.41,9.840000000000002,15:40:09,26.05,3400,26.06,700,26.0625,400
35766,0.6,0.21,0.39,33.61000000000001,15:40:33,26.03,1600,26.04,1900,26.035,100
35846,0.62,0.18,0.44,27.600000000000005,15:41:27,25.99,900,26.0,1500,25.99,200
35857,0.42,0.12,0.3,33.63000000000001,15:41:33,25.99,800,26.0,1700,25.995,100
35892,0.8300000000000001,0.15,0.68,57.66000000000001,15:41:57,25.98,1500,25.99,1600,25.985,100
35905,2.0,1.35,0.65,7.38,15:42:07,25.98,1600,25.99,1700,25.9899,122
35939,0.8,0.27,0.53,39.93999999999999,15:42:39,26.0,1200,26.01,1700,26.005,100
36180,0.98,0.55,0.43,20.569999999999997,15:45:20,26.03,1300,26.04,1900,26.0399,273
36198,0.45,0.11,0.34,31.809999999999995,15:45:31,26.03,1800,26.04,1900,26.0364,108
36219,0.61,0.18,0.43,44.20000000000001,15:45:44,26.01,1500,26.02,900,26.0154,133
36243,0.62,0.08,0.54,58.230000000000004,15:45:58,26.01,1900,26.02,1700,26.011,100
36257,3.3899999999999997,2.78,0.61,10.209999999999999,15:46:10,26.01,1800,26.02,3700,26.0199,182
36341,0.6300000000000001,0.07,0.56,14.440000000000001,15:47:14,26.01,2100,26.02,3700,26.0159,200
36517,3.77,2.96,0.81,14.819999999999999,15:49:14,26.02,4200,26.03,2800,26.0282,350
36539,0.64,0.23,0.41,27.269999999999996,15:49:27,26.02,4600,26.03,3800,26.0288,600
36692,0.77,0.18,0.59,28.79999999999999,15:51:28,25.95,2200,25.96,1800,25.9575,100
36720,0.6100000000000001,0.07,0.54,49.81999999999999,15:51:49,25.94,2700,25.95,2200,25.941,100
36749,2.19,1.53,0.66,18.79,15:52:18,25.93,4300,25.94,3600,25.9399,102
36756,0.85,0.22,0.63,24.189999999999998,15:52:24,25.94,3700,25.95,700,25.9499,100
36772,0.6399999999999999,0.07,0.57,36.02,15:52:36,25.96,2600,25.97,1000,25.9699,113
36896,0.79,0.18,0.61,6.18,15:54:06,25.97,3000,25.98,4000,25.9799,105
37005,0.65,0.22,0.43,29.18,15:55:29,25.99,6200,26.0,4000,25.9975,100
37041,0.6000000000000001,0.14,0.46,53.760000000000005,15:55:53,26.0,5300,26.01,1200,26.0099,103
37080,0.5800000000000001,0.07,0.51,26.230000000000004,15:56:26,26.0,7600,26.01,4200,26.0025,200
37106,0.61,0.23,0.38,42.03000000000001,15:56:42,26.01,9700,26.02,5200,26.0125,700
37222,0.6399999999999999,0.07,0.57,36.370000000000005,15:59:36,25.99,6500,26.0,2400,25.9999,142
