,Total Delay,Request Delay,Saving Delay,Arrival Time,Time,Bid,Bid Size,Ask,Ask Size,Last Price,Last Size
0,0.6499999999999999,0.3,0.35,0.6499999999999999,09:30:00,29.22,7000,29.24,2600,29.23,100
37,0.44,0.21,0.23,14.589999999999998,09:30:14,29.22,2300,29.24,5100,29.238000000000003,300
163,0.43,0.24,0.19,42.62000000000001,09:31:42,29.22,4900,29.23,3900,29.22,100
193,0.41000000000000003,0.21,0.2,2.27,09:32:02,29.23,1700,29.24,3800,29.2369,170
201,4.77,4.56,0.21,12.78,09:32:12,29.23,1100,29.24,2800,29.2358,100
202,2.2199999999999998,2.03,0.19,15.0,09:32:15,29.23,1100,29.24,2900,29.233,2000
214,0.33999999999999997,0.18,0.16,20.189999999999998,09:32:20,29.23,1300,29.24,2800,29.24,300
246,0.36,0.18,0.18,30.23999999999999,09:32:30,29.23,3700,29.24,2700,29.2382,1200
258,0.39,0.22,0.17,34.55999999999999,09:32:34,29.23,2400,29.24,2800,29.2341,264
810,0.4,0.12,0.28,25.990000000000006,09:36:25,29.22,6600,29.23,1900,29.2281,300
975,0.49,0.17,0.32,31.680000000000003,09:37:31,29.21,600,29.22,3800,29.21,100
984,0.41,0.12,0.29,35.49999999999999,09:37:35,29.2,4700,29.21,2200,29.2016,2000
998,0.48,0.21,0.27,0.0,09:38:00,29.2,7500,29.21,2600,29.2,100
1035,0.55,0.19,0.36,22.27,09:38:22,29.2,4700,29.21,2700,29.2072,1600
1065,0.28,0.07,0.21,35.82999999999999,09:38:35,29.2,6700,29.21,2700,29.2032,200
1071,0.39,0.13,0.26,38.029999999999994,09:38:38,29.18,1800,29.19,2800,29.19,100
1132,0.47,0.23,0.24,0.0,09:39:00,29.18,2500,29.19,4100,29.18,100
1181,0.43,0.18,0.25,25.77000000000001,09:39:25,29.18,1600,29.19,3900,29.183000000000003,100
1295,0.29000000000000004,0.07,0.22,21.419999999999995,09:40:21,29.18,2300,29.19,4900,29.188000000000002,1000
1303,0.33,0.07,0.26,24.11,09:40:24,29.18,2400,29.19,4900,29.1832,350
1308,0.42,0.18,0.24,26.049999999999997,09:40:26,29.18,2200,29.19,2800,29.185,100
1440,0.31,0.08,0.23,10.17,09:41:10,29.18,4300,29.19,3100,29.1833,100
1523,0.47,0.09,0.38,40.14,09:41:40,29.19,5100,29.2,1200,29.1995,102
1528,0.33,0.07,0.26,42.17000000000001,09:41:42,29.19,4700,29.2,2100,29.1943,178
1591,0.39,0.08,0.31,21.329999999999995,09:42:21,29.19,1800,29.2,3800,29.195,100
2041,0.5700000000000001,0.25,0.32,44.12000000000002,09:45:44,29.19,1900,29.2,4600,29.1958,459
2103,0.44999999999999996,0.21,0.24,7.869999999999998,09:46:07,29.18,3900,29.19,1200,29.1871,100
2300,0.54,0.2,0.34,8.13,09:47:08,29.18,3600,29.19,2500,29.1868,1200
2389,0.31,0.09,0.22,5.930000000000001,09:48:05,29.19,5600,29.2,1100,29.1941,123
2409,0.31,0.08,0.23,15.780000000000003,09:48:15,29.19,5900,29.2,1300,29.1944,100
2550,2.28,1.94,0.34,18.669999999999998,09:49:18,29.18,2200,29.19,3500,29.1827,994
2658,0.41000000000000003,0.15,0.26,1.83,09:50:01,29.17,2400,29.18,2500,29.17,100
2700,0.27,0.07,0.2,25.84,09:50:25,29.17,3300,29.18,2600,29.175,2230
2928,0.42000000000000004,0.19,0.23,4.2700000000000005,09:52:04,29.16,1000,29.17,4800,29.16,100
3042,0.57,0.21,0.36,50.410000000000004,09:52:50,29.15,4900,29.16,3900,29.15,100
3059,0.47,0.3,0.17,56.35,09:52:56,29.15,6600,29.16,1300,29.1542,340
3071,0.4,0.17,0.23,0.0,09:53:00,29.15,6100,29.16,1600,29.151999999999997,2000
3088,0.42,0.18,0.24,9.83,09:53:09,29.15,3700,29.16,2100,29.1573,600
3287,0.24000000000000002,0.07,0.17,23.999999999999996,09:54:23,29.16,1800,29.17,7200,29.166,165
3301,0.41000000000000003,0.21,0.2,28.41,09:54:28,29.15,7600,29.16,3200,29.1571,396
3312,0.43,0.24,0.19,32.37000000000001,09:54:32,29.15,7200,29.16,2100,29.1585,700
3336,0.38,0.21,0.17,40.14000000000003,09:54:40,29.15,7500,29.16,1000,29.156999999999996,111
3349,0.39,0.2,0.19,44.10000000000004,09:54:44,29.15,7500,29.16,1000,29.1599,156
3479,0.27,0.07,0.2,45.87000000000002,09:55:45,29.15,5400,29.16,2200,29.1544,150
3540,1.38,1.03,0.35,18.560000000000002,09:56:18,29.16,4800,29.17,3200,29.1661,200
3543,0.91,0.66,0.25,20.380000000000003,09:56:20,29.16,4800,29.17,3200,29.1601,100
3765,0.4,0.2,0.2,49.839999999999996,09:57:49,29.17,5200,29.18,1000,29.1756,169
3990,0.25,0.07,0.18,13.17,09:59:13,29.17,1700,29.18,2300,29.1759,210
4060,0.55,0.22,0.33,37.620000000000005,09:59:37,29.17,1300,29.18,2400,29.1768,400
4104,3.3400000000000003,2.95,0.39,6.98,10:00:06,29.17,2600,29.18,2300,29.173000000000002,577
4107,0.32,0.07,0.25,8.110000000000001,10:00:08,29.17,3200,29.18,2400,29.1726,138
4133,0.46,0.18,0.28,24.220000000000006,10:00:24,29.16,3800,29.17,3600,29.1781,125
4196,0.74,0.17,0.57,54.379999999999974,10:00:54,29.17,3000,29.18,1000,29.1799,509
4218,0.6799999999999999,0.43,0.25,0.0,10:01:00,29.17,5300,29.18,1700,29.1733,400
4232,0.42,0.21,0.21,9.870000000000001,10:01:09,29.17,5300,29.18,1300,29.1741,101
4279,0.45,0.23,0.22,27.63,10:01:27,29.17,6100,29.18,2500,29.1826,800
4449,0.33,0.14,0.19,23.75,10:02:23,29.17,3200,29.18,2400,29.1701,108
4727,0.47000000000000003,0.27,0.2,36.16,10:04:36,29.18,8900,29.19,900,29.1802,200
5063,0.27,0.08,0.19,55.98000000000003,10:06:55,29.18,3400,29.19,4100,29.1842,900
5245,3.9699999999999998,3.65,0.32,0.0,10:08:00,29.18,1000,29.19,4300,29.1867,350
5249,2.8200000000000003,2.62,0.2,3.8000000000000003,10:08:03,29.18,1000,29.19,4300,29.1834,700
5338,0.26,0.07,0.19,36.36999999999999,10:08:36,29.18,1100,29.19,8300,29.1858,562
5491,0.24000000000000002,0.07,0.17,8.260000000000002,10:12:08,29.19,10100,29.2,1800,29.1999,571
5559,1.82,1.57,0.25,0.0,10:13:00,29.19,3500,29.2,2300,29.1933,436
5635,0.39,0.18,0.21,35.480000000000004,10:13:35,29.2,1700,29.21,2900,29.2038,327
5725,0.39,0.22,0.17,15.780000000000001,10:14:15,29.2,2800,29.21,2300,29.2068,1500
5786,0.26,0.09,0.17,35.97000000000002,10:14:35,29.21,2800,29.22,8900,29.2141,325
5861,3.37,3.02,0.35,10.75,10:15:10,29.21,3900,29.22,2000,29.2165,121
5872,0.45999999999999996,0.22,0.24,19.74,10:15:19,29.21,3000,29.22,2900,29.2192,320
5996,0.25,0.08,0.17,0.0,10:16:00,29.21,4900,29.22,600,29.2134,610
6012,2.58,2.37,0.21,9.590000000000002,10:16:09,29.21,2500,29.22,10400,29.212,2643
6021,0.24000000000000002,0.07,0.17,16.03,10:16:16,29.21,2500,29.22,5100,29.2199,185
6055,0.27,0.09,0.18,29.849999999999998,10:16:29,29.21,1500,29.22,8200,29.2131,350
6082,0.43,0.24,0.19,38.1,10:16:38,29.21,2300,29.22,5500,29.2159,137
6159,2.81,2.47,0.34,9.59,10:17:09,29.23,3200,29.24,5300,29.2399,100
6318,52.14,51.78,0.36,0.0,10:19:00,29.23,5100,29.24,1300,29.235,100
6400,0.33,0.07,0.26,30.29,10:19:30,29.23,4600,29.24,2200,29.2301,956
6426,0.47,0.26,0.21,0.0,10:20:00,29.23,4800,29.24,2400,29.2339,150
6467,0.39,0.12,0.27,22.229999999999997,10:20:22,29.23,4700,29.24,2600,29.2386,2643
6472,0.35000000000000003,0.08,0.27,24.01,10:20:24,29.23,4700,29.24,2600,29.2342,655
6505,0.35,0.14,0.21,36.360000000000014,10:20:36,29.23,4600,29.24,2800,29.2395,500
6536,34.309999999999995,34.08,0.23,82.23000000000002,10:21:22,29.23,4000,29.24,2300,29.2393,100
6547,0.34,0.07,0.27,0.0,10:21:00,29.23,4000,29.24,2400,29.2372,960
6551,0.47000000000000003,0.08,0.39,1.9200000000000002,10:21:01,29.24,5600,29.25,3100,29.243000000000002,200
6559,0.6000000000000001,0.07,0.53,6.07,10:21:06,29.25,5900,29.26,7700,29.25,100
6605,0.5900000000000001,0.07,0.52,31.980000000000004,10:21:31,29.25,2700,29.26,3700,29.2559,443
6623,0.43,0.08,0.35,6.27,10:22:06,29.25,1900,29.26,4900,29.255,100
6647,0.49,0.18,0.31,21.640000000000004,10:22:21,29.25,4800,29.26,6600,29.26,100
6747,0.48,0.09,0.39,0.0,10:23:00,29.25,3000,29.26,1400,29.2599,111
6872,0.39,0.07,0.32,17.64,10:24:17,29.25,6600,29.26,1100,29.2532,150
6944,0.45,0.14,0.31,50.16000000000001,10:24:50,29.25,3600,29.26,2200,29.2562,330
7439,3.2600000000000002,2.93,0.33,0.0,10:29:00,29.23,10900,29.24,700,29.2368,116
7600,1.82,1.57,0.25,7.050000000000001,10:30:07,29.22,4300,29.23,1000,29.2273,500
7610,0.43,0.18,0.25,12.13,10:30:12,29.22,4000,29.23,1100,29.225,100
7631,0.43,0.22,0.21,20.110000000000003,10:30:20,29.22,3200,29.23,1500,29.226999999999997,600
7723,2.41,1.96,0.45,13.13,10:31:13,29.21,3600,29.22,1900,29.2161,147
7804,0.4,0.23,0.17,0.0,10:33:00,29.22,2800,29.23,5000,29.221,348
8137,1.21,0.08,1.13,56.04999999999999,10:35:56,29.16,4100,29.17,2600,29.1638,342
8224,0.5800000000000001,0.07,0.51,56.229999999999976,10:36:56,29.16,7800,29.17,3000,29.165,100
8488,0.8,0.24,0.56,0.0,10:40:00,29.17,6500,29.18,2400,29.1735,164
8529,0.6,0.17,0.43,35.37000000000001,10:40:35,29.17,6600,29.18,2600,29.171,100
8927,0.6499999999999999,0.24,0.41,0.0,10:45:00,29.15,2600,29.16,5500,29.155,100
8962,0.5900000000000001,0.07,0.52,27.609999999999996,10:45:27,29.15,11700,29.16,4100,29.1567,500
9015,0.44,0.12,0.32,0.0,10:46:00,29.16,11700,29.17,3900,29.168000000000003,100
9205,0.62,0.22,0.4,14.22,10:48:14,29.16,400,29.17,7000,29.1672,100
9301,0.5800000000000001,0.07,0.51,12.15,10:49:12,29.15,10700,29.16,2400,29.1595,103
9332,0.7699999999999999,0.08,0.69,30.130000000000003,10:49:30,29.15,13800,29.16,700,29.1527,200
9376,0.61,0.09,0.52,0.0,10:50:00,29.15,3300,29.16,2700,29.1533,1000
9389,0.62,0.18,0.44,14.379999999999997,10:50:14,29.14,10900,29.15,4800,29.145,700
9420,0.44,0.08,0.36,31.740000000000006,10:50:31,29.14,7300,29.15,4600,29.14,100
9559,0.76,0.07,0.69,1.77,10:52:01,29.14,12000,29.15,2300,29.146,400
9609,0.59,0.08,0.51,34.59000000000002,10:52:34,29.15,5400,29.16,1900,29.1589,100
9642,0.62,0.22,0.4,10.209999999999999,10:53:10,29.15,3200,29.16,2100,29.1543,952
9710,0.58,0.15,0.43,52.19,10:53:52,29.14,12100,29.15,1200,29.147,225
9714,0.56,0.2,0.36,54.21,10:53:54,29.14,12100,29.15,1200,29.1447,325
9756,118.97,118.36,0.61,0.0,10:56:00,29.14,7700,29.15,3000,29.1444,100
9758,0.67,0.17,0.5,1.2600000000000002,10:56:01,29.14,7900,29.15,3000,29.1443,150
9831,2.98,2.41,0.57,7.8100000000000005,10:57:07,29.14,4300,29.15,3800,29.1496,140
9862,0.58,0.08,0.5,24.589999999999996,10:57:24,29.14,7300,29.15,2900,29.1493,100
9879,0.59,0.15,0.44,34.59,10:57:34,29.14,13100,29.15,1600,29.1407,200
10346,0.5800000000000001,0.07,0.51,18.120000000000005,11:05:18,29.16,6900,29.17,5700,29.1684,280
10638,0.8,0.07,0.73,0.0,11:08:00,29.18,11000,29.19,2300,29.1899,510
10731,0.5800000000000001,0.07,0.51,30.000000000000007,11:09:30,29.18,11100,29.19,2800,29.1801,101
11168,0.57,0.09,0.48,26.589999999999996,11:14:26,29.19,6700,29.2,3700,29.1916,100
11343,1.26,0.8,0.46,6.619999999999999,11:18:06,29.17,2600,29.18,3200,29.179000000000002,600
11352,0.6000000000000001,0.07,0.53,16.0,11:18:16,29.16,2100,29.17,8800,29.1658,345
11367,0.61,0.14,0.47,26.169999999999998,11:18:26,29.15,6100,29.16,3900,29.1539,107
11413,0.76,0.09,0.67,2.02,11:19:02,29.15,1600,29.16,4100,29.1501,300
11507,1.4100000000000001,0.9,0.51,0.0,11:20:00,29.14,1500,29.15,6100,29.1435,150
11539,0.63,0.14,0.49,26.57,11:20:26,29.14,2900,29.15,3900,29.1401,171
11563,0.61,0.08,0.53,42.71999999999999,11:20:42,29.14,8100,29.15,2900,29.1454,100
11669,0.64,0.25,0.39,14.24,11:22:14,29.14,3100,29.15,2400,29.1426,3348
11714,0.61,0.11,0.5,41.580000000000005,11:22:41,29.13,11800,29.14,1000,29.1377,500
11781,0.44999999999999996,0.15,0.3,33.39,11:23:33,29.15,10500,29.16,5500,29.1546,603
11882,0.57,0.08,0.49,33.63000000000001,11:24:33,29.15,10800,29.16,5000,29.159000000000002,100
12026,0.64,0.18,0.46,36.22,11:26:36,29.16,12100,29.17,1100,29.1608,165
12059,0.73,0.08,0.65,1.34,11:28:01,29.13,3200,29.14,1700,29.13,100
12156,0.8300000000000001,0.18,0.65,6.35,11:30:06,29.12,3200,29.13,1700,29.1268,100
12173,0.82,0.21,0.61,17.96,11:30:17,29.12,300,29.13,2900,29.125,100
12179,0.7999999999999999,0.22,0.58,21.970000000000002,11:30:21,29.11,5300,29.12,100,29.1242,600
12185,0.61,0.22,0.39,25.980000000000004,11:30:25,29.11,5100,29.12,300,29.12,100
12198,0.6,0.24,0.36,0.0,11:31:00,29.11,4100,29.12,300,29.1165,200
12263,0.43,0.07,0.36,51.530000000000015,11:31:51,29.1,1900,29.11,2900,29.11,100
12281,0.5700000000000001,0.07,0.5,0.0,11:32:00,29.1,1100,29.11,3400,29.1034,200
12317,0.7699999999999999,0.08,0.69,26.629999999999995,11:32:26,29.1,900,29.11,2600,29.1041,163
12363,0.6,0.13,0.47,52.47999999999998,11:32:52,29.1,500,29.11,4600,29.1,100
12432,0.44,0.07,0.37,1.5999999999999999,11:33:01,29.09,100,29.1,4700,29.09,100
12436,0.44,0.07,0.37,3.61,11:33:03,29.09,100,29.1,4700,29.095,100
12474,0.5900000000000001,0.07,0.52,0.0,11:34:00,29.08,700,29.09,3900,29.08,100
12538,0.63,0.21,0.42,48.17999999999999,11:34:48,29.08,900,29.09,3900,29.081,123
12566,79.02,78.7,0.32,0.0,11:36:00,29.09,3500,29.1,1100,29.0968,257
12673,0.44,0.07,0.37,25.980000000000004,11:37:25,29.1,1300,29.11,2700,29.1062,100
12687,0.58,0.08,0.5,33.77,11:37:33,29.09,5400,29.1,400,29.0954,100
12701,0.59,0.15,0.44,41.81,11:37:41,29.09,5400,29.1,300,29.0941,130
12744,0.64,0.18,0.46,31.87,11:38:31,29.1,4700,29.11,2000,29.105,170
12750,0.64,0.18,0.46,35.86,11:38:35,29.1,4700,29.11,2000,29.1067,1000
12825,0.75,0.07,0.68,0.0,11:41:00,29.09,5900,29.1,4000,29.0964,140
12837,0.6100000000000001,0.07,0.54,8.04,11:41:08,29.09,5900,29.1,4100,29.0901,238
12890,2.3,2.0,0.3,0.0,11:42:00,29.09,5900,29.1,4400,29.0929,1431
12968,0.31,0.11,0.2,31.970000000000002,11:42:31,29.09,5300,29.1,4600,29.0939,200
13134,0.30000000000000004,0.07,0.23,0.0,11:43:00,29.09,7400,29.1,4200,29.0962,145
13142,84.78,84.59,0.19,0.0,11:45:00,29.08,5100,29.09,3600,29.0838,300
13293,0.28,0.12,0.16,6.89,11:46:06,29.08,5300,29.09,3100,29.0832,166
13346,0.27,0.09,0.18,34.02000000000001,11:46:34,29.08,5100,29.09,3400,29.085,100
13518,0.29000000000000004,0.07,0.22,33.79,11:47:33,29.08,5400,29.09,2900,29.089000000000002,140
13864,0.27,0.07,0.2,44.52999999999999,11:49:44,29.07,1400,29.08,4100,29.0799,534
13903,0.24000000000000002,0.07,0.17,10.09,11:50:10,29.07,3000,29.08,2800,29.07,100
14517,1.98,1.65,0.33,0.0,11:54:00,29.08,7900,29.09,2900,29.084,153
14606,0.4,0.23,0.17,29.979999999999997,11:54:29,29.08,7900,29.09,3300,29.0833,109
14913,0.44999999999999996,0.21,0.24,26.3,11:56:26,29.08,8100,29.09,3100,29.0893,110
14972,1.3800000000000001,1.1,0.28,10.58,11:57:10,29.08,5300,29.09,3200,29.0858,103
15038,0.33999999999999997,0.13,0.21,35.78000000000001,11:57:35,29.08,5400,29.09,3400,29.0867,370
15295,0.39,0.21,0.18,23.880000000000006,11:59:23,29.08,5200,29.09,3800,29.0868,1718
15409,0.47000000000000003,0.2,0.27,0.0,12:00:00,29.08,5200,29.09,3800,29.0869,231
15490,0.27,0.09,0.18,31.789999999999996,12:00:31,29.08,2600,29.09,3900,29.0881,1113
15553,0.38,0.22,0.16,51.88000000000001,12:00:51,29.08,2600,29.09,3900,29.0859,205
15587,3.81,3.46,0.35,0.0,12:01:00,29.08,2600,29.09,3800,29.0861,253
15732,0.55,0.24,0.31,2.38,12:02:02,29.08,2500,29.09,3900,29.0889,912
15767,0.24000000000000002,0.07,0.17,22.45,12:02:22,29.08,1900,29.09,4100,29.0825,200
15791,0.34,0.17,0.17,30.419999999999995,12:02:30,29.08,1900,29.09,4400,29.0841,163
15803,0.36,0.18,0.18,34.269999999999996,12:02:34,29.08,1900,29.09,4400,29.0801,100
15829,0.37,0.2,0.17,42.37999999999998,12:02:42,29.08,1700,29.09,4400,29.0831,214
15963,0.29,0.08,0.21,6.1000000000000005,12:03:06,29.08,2300,29.09,4200,29.087,740
16100,0.29,0.08,0.21,29.78000000000001,12:04:29,29.08,2300,29.09,3900,29.0846,163
16496,0.26,0.07,0.19,0.0,12:07:00,29.07,4900,29.08,1800,29.0787,705
16672,1.38,1.03,0.35,0.0,12:08:00,29.07,7300,29.08,2000,29.070999999999998,1000
17603,0.26,0.07,0.19,0.0,12:14:00,29.07,2300,29.08,3500,29.075,100
17619,2.58,2.41,0.17,9.7,12:14:09,29.07,2100,29.08,3700,29.0782,2618
17772,0.36000000000000004,0.08,0.28,9.41,12:15:09,29.07,4000,29.08,3400,29.079,219
17837,0.25,0.07,0.18,34.059999999999995,12:15:34,29.06,4700,29.07,2600,29.0699,100
18033,0.32,0.12,0.2,47.920000000000044,12:16:47,29.07,9100,29.08,2200,29.0767,549
18197,0.25,0.07,0.18,25.709999999999983,12:17:25,29.07,9400,29.08,2100,29.0754,1009
18890,0.43000000000000005,0.2,0.23,0.0,12:22:00,29.07,7700,29.08,2700,29.0783,102
19307,0.83,0.48,0.35,0.0,12:25:00,29.07,8200,29.08,3100,29.0784,2688
19372,0.42000000000000004,0.2,0.22,33.57000000000001,12:25:33,29.07,8900,29.08,3200,29.0738,450
19719,0.24,0.08,0.16,0.0,12:28:00,29.07,7400,29.08,3200,29.0722,492
19858,0.25,0.07,0.18,52.22,12:28:52,29.07,7400,29.08,4000,29.0758,2000
20304,0.37,0.2,0.17,30.689999999999998,12:31:30,29.09,4800,29.1,1200,29.093000000000004,166
21121,0.34,0.14,0.2,0.0,12:37:00,29.07,11500,29.08,1500,29.0701,1650
21406,44.300000000000004,43.96,0.34,96.86000000000001,12:39:36,29.08,5900,29.09,1000,29.0824,520
21429,0.23,0.07,0.16,1.9600000000000002,12:39:01,29.08,5900,29.09,1000,29.083000000000002,427
21470,0.24,0.08,0.16,14.020000000000001,12:39:14,29.08,5900,29.09,1000,29.0899,2000
21648,0.36,0.18,0.18,2.14,12:41:02,29.08,6400,29.09,1200,29.0826,381
21725,0.26,0.07,0.19,38.04,12:41:38,29.08,5000,29.09,1000,29.0815,183
21908,0.4,0.21,0.19,10.839999999999998,12:45:10,29.07,8200,29.08,3800,29.0763,232
22161,0.33,0.08,0.25,0.33,12:47:00,29.05,4700,29.06,800,29.06,100
22603,0.43,0.24,0.19,56.21999999999999,12:49:56,29.05,3200,29.06,5300,29.05,200
22688,0.33,0.14,0.19,0.0,12:50:00,29.04,5900,29.05,3600,29.04,100
22705,0.35,0.18,0.17,5.699999999999999,12:50:05,29.04,2600,29.05,4500,29.0403,100
22761,0.36,0.17,0.19,0.0,12:51:00,29.05,2800,29.06,4600,29.055,300
23060,0.26,0.07,0.19,45.93999999999997,12:52:45,29.05,4700,29.06,900,29.0599,127
23419,0.41000000000000003,0.24,0.17,0.0,12:55:00,29.05,4300,29.06,1100,29.0556,100
23731,0.41000000000000003,0.23,0.18,0.0,12:57:00,29.06,4300,29.07,3300,29.0615,150
23900,0.39,0.21,0.18,0.0,12:58:00,29.06,4400,29.07,3300,29.0696,300
23944,0.45000000000000007,0.28,0.17,13.89,12:58:13,29.06,4400,29.07,3300,29.065,404
24121,0.32,0.14,0.18,0.0,13:01:00,29.05,5400,29.06,3300,29.045,100
24126,0.27,0.09,0.18,1.81,13:01:01,29.05,4500,29.06,3100,29.0501,200
24192,0.4,0.24,0.16,33.86999999999999,13:01:33,29.06,3100,29.07,1400,29.061,275
24292,0.31,0.15,0.16,0.0,13:02:00,29.06,2900,29.07,1600,29.0661,400
25086,3.5900000000000003,3.37,0.22,7.430000000000001,13:10:07,29.08,2200,29.09,2800,29.0873,700
25322,0.5800000000000001,0.2,0.38,56.169999999999966,13:11:56,29.08,2400,29.09,2900,29.0864,1108
25487,0.44999999999999996,0.16,0.29,0.0,13:13:00,29.08,1900,29.09,3900,29.0844,117
26209,0.58,0.21,0.37,12.57,13:21:12,29.07,2400,29.08,2300,29.0742,222
26247,0.42,0.07,0.35,0.0,13:22:00,29.07,2600,29.08,2300,29.0728,1017
26535,1.19,0.39,0.8,40.63,13:25:40,29.07,1400,29.08,3400,29.072,516
26552,0.99,0.13,0.86,0.0,13:26:00,29.07,2200,29.08,3100,29.0732,163
26624,1.02,0.07,0.95,0.0,13:27:00,29.07,2700,29.08,3100,29.0724,800
26690,1.3900000000000001,0.08,1.31,44.24000000000001,13:28:44,29.07,3800,29.08,1800,29.0762,100
26724,1.2000000000000002,0.09,1.11,0.0,13:29:00,29.07,2900,29.08,2700,29.0746,272
26869,1.6099999999999999,0.17,1.44,30.829999999999995,13:32:30,29.07,2400,29.08,3500,29.0735,171
26946,1.1800000000000002,0.25,0.93,39.620000000000005,13:34:39,29.07,600,29.08,7000,29.076,100
26953,1.0,0.08,0.92,47.64000000000001,13:34:47,29.07,600,29.08,5600,29.0733,163
26972,2.62,1.65,0.97,12.580000000000002,13:35:12,29.07,2500,29.08,2900,29.0761,110
27008,1.57,0.23,1.34,0.0,13:36:00,29.07,3000,29.08,2400,29.076999999999998,1000
27129,1.36,0.24,1.12,33.379999999999995,13:38:33,29.07,2200,29.08,3100,29.0743,136
27136,1.01,0.08,0.93,41.39999999999999,13:38:41,29.07,2900,29.08,3100,29.0711,445
27139,1.18,0.2,0.98,44.77999999999999,13:38:44,29.07,2700,29.08,3100,29.0715,100
27221,1.22,0.24,0.98,11.610000000000001,13:41:11,29.07,1100,29.08,3100,29.0768,125
27233,1.0,0.12,0.88,24.380000000000003,13:41:24,29.07,2800,29.08,1900,29.0759,100
27302,1.3800000000000001,0.07,1.31,0.0,13:43:00,29.07,4100,29.08,2100,29.0731,190
27643,0.97,0.14,0.83,45.38999999999999,13:49:45,29.08,3400,29.09,1400,29.0843,2743
27675,1.19,0.18,1.01,12.999999999999998,13:50:12,29.09,3800,29.1,12500,29.0957,300
27693,1.1900000000000002,0.07,1.12,31.019999999999992,13:50:31,29.09,3900,29.1,12500,29.0965,200
27707,1.3900000000000001,0.33,1.06,47.41,13:50:47,29.09,4100,29.1,12500,29.0999,106
27710,1.3900000000000001,0.08,1.31,0.0,13:51:00,29.09,4100,29.1,11500,29.0932,350
27717,1.3699999999999999,0.23,1.14,9.379999999999999,13:51:09,29.09,4100,29.1,11900,29.096999999999998,221
27734,1.38,0.17,1.21,33.37,13:51:33,29.09,4100,29.1,11900,29.0969,102
27736,1.21,0.13,1.08,35.79,13:51:35,29.09,4100,29.1,11900,29.0934,2728
27761,1.0,0.26,0.74,0.0,13:52:00,29.09,4100,29.1,11900,29.0984,362
27889,0.98,0.07,0.91,0.0,13:54:00,29.11,1500,29.12,2400,29.115,100
27924,1.4,0.22,1.18,0.0,13:55:00,29.11,1300,29.12,3200,29.1114,240
27929,1.23,0.18,1.05,6.199999999999999,13:55:06,29.11,1200,29.12,3200,29.1168,344
27969,1.3900000000000001,0.07,1.32,0.0,13:56:00,29.11,2100,29.12,2300,29.113000000000003,335
27981,1.01,0.08,0.93,16.590000000000003,13:56:16,29.11,1300,29.12,3100,29.1146,200
28013,0.97,0.24,0.73,46.17999999999999,13:56:46,29.1,7300,29.11,1000,29.1068,700
28112,1.39,0.22,1.17,40.170000000000016,13:58:40,29.1,4600,29.11,1200,29.109,273
28117,1.38,0.14,1.24,47.15000000000001,13:58:47,29.1,4500,29.11,1300,29.107,1000
28178,1.1900000000000002,0.07,1.12,3.7700000000000005,14:00:03,29.1,11900,29.11,300,29.1058,100
28179,1.02,0.07,0.95,4.790000000000001,14:00:04,29.11,600,29.12,3600,29.1144,105
28224,1.4,0.18,1.22,0.0,14:01:00,29.11,200,29.12,5000,29.111,115
28277,2.6,1.68,0.92,0.0,14:02:00,29.1,1300,29.11,2300,29.1059,145
28282,0.8200000000000001,0.07,0.75,8.4,14:02:08,29.1,400,29.11,4100,29.1001,100
28326,1.1800000000000002,0.07,1.11,1.1800000000000002,14:03:01,29.09,2300,29.1,1400,29.090999999999998,1700
28477,1.4,0.23,1.17,6.210000000000001,14:06:06,29.09,2200,29.1,3200,29.0972,500
28506,1.42,0.2,1.22,39.209999999999994,14:06:39,29.09,2200,29.1,3000,29.098000000000003,2418
28528,3.4,2.51,0.89,8.41,14:07:08,29.09,2300,29.1,3000,29.0942,381
28543,1.23,0.07,1.16,29.82,14:07:29,29.09,1400,29.1,3600,29.0915,700
28608,0.8300000000000001,0.18,0.65,10.010000000000002,14:08:10,29.09,2700,29.1,3300,29.0987,462
28610,0.82,0.09,0.73,11.810000000000002,14:08:11,29.09,2800,29.1,3300,29.0913,186
28700,0.8200000000000001,0.18,0.64,43.05,14:10:43,29.09,5000,29.1,1600,29.0944,165
28735,0.98,0.07,0.91,25.580000000000002,14:11:25,29.11,3400,29.12,1100,29.1153,115
28764,1.0,0.21,0.79,51.76,14:11:51,29.1,4300,29.11,3300,29.1071,500
28806,1.0,0.24,0.76,12.58,14:12:12,29.1,4000,29.11,3400,29.1066,700
28850,0.98,0.21,0.77,23.97,14:13:23,29.1,4000,29.11,3500,29.1069,139
28952,1.9900000000000002,1.32,0.67,10.620000000000001,14:15:10,29.1,2200,29.11,4600,29.1011,100
29082,1.0,0.19,0.81,16.170000000000005,14:17:16,29.1,2200,29.11,3600,29.1039,200
29187,0.98,0.2,0.78,28.599999999999998,14:19:28,29.1,1800,29.11,5600,29.103,6000
29301,4.17,3.74,0.43,0.0,14:21:00,29.1,3700,29.11,2900,29.101999999999997,100
29332,0.46,0.08,0.38,21.660000000000007,14:21:21,29.1,3700,29.11,2800,29.101,1696
29594,0.61,0.21,0.4,12.209999999999997,14:24:12,29.1,4000,29.11,1100,29.1099,1441
29600,0.43,0.08,0.35,19.189999999999994,14:24:19,29.1,4000,29.11,1100,29.1033,134
29727,0.76,0.1,0.66,37.430000000000014,14:25:37,29.11,2200,29.12,3900,29.1142,214
29767,0.63,0.09,0.54,23.959999999999997,14:26:23,29.11,1300,29.12,3200,29.1133,100
29793,0.44,0.07,0.37,39.150000000000006,14:26:39,29.11,2400,29.12,2900,29.1166,100
29905,0.42000000000000004,0.08,0.34,47.730000000000004,14:27:47,29.12,2400,29.13,4400,29.1232,419
30007,0.45999999999999996,0.15,0.31,0.0,14:29:00,29.12,2200,29.13,2600,29.1243,243
30020,0.81,0.07,0.74,14.339999999999998,14:29:14,29.12,1800,29.13,2800,29.1244,300
30026,0.61,0.08,0.53,19.169999999999998,14:29:19,29.12,2400,29.13,3200,29.121,245
30030,0.58,0.08,0.5,21.56,14:29:21,29.12,1200,29.13,4400,29.125999999999998,120
30089,0.5700000000000001,0.14,0.43,57.55000000000005,14:29:57,29.12,3400,29.13,1100,29.1241,200
30293,0.63,0.08,0.55,3.2,14:32:03,29.12,2100,29.13,4400,29.1258,239
30393,0.7699999999999999,0.08,0.69,24.17,14:33:24,29.12,1300,29.13,5000,29.1256,150
30533,0.8,0.27,0.53,0.0,14:37:00,29.12,2800,29.13,4700,29.129,100
30597,0.6000000000000001,0.07,0.53,49.92000000000001,14:37:49,29.12,2600,29.13,4500,29.1278,617
30602,0.8,0.17,0.63,53.74,14:37:53,29.12,3600,29.13,2600,29.1257,2700
30740,0.7799999999999999,0.08,0.7,6.590000000000001,14:39:06,29.13,4800,29.14,1000,29.135,100
30765,0.61,0.08,0.53,21.79,14:39:21,29.13,3500,29.14,1300,29.1358,257
30986,0.6300000000000001,0.07,0.56,19.8,14:42:19,29.13,3900,29.14,1100,29.1399,123
31006,0.78,0.31,0.47,32.18000000000001,14:42:32,29.13,3100,29.14,1400,29.1397,200
31321,0.61,0.08,0.53,45.35000000000002,14:46:45,29.13,5300,29.14,2300,29.1335,131
31359,0.6000000000000001,0.07,0.53,2.4000000000000004,14:47:02,29.14,2100,29.15,5000,29.1483,503
31478,0.59,0.18,0.41,0.0,14:48:00,29.14,2600,29.15,4800,29.1434,403
31574,0.43,0.07,0.36,26.999999999999996,14:49:26,29.13,2700,29.14,6400,29.1338,1600
31608,0.5700000000000001,0.14,0.43,0.0,14:50:00,29.13,2700,29.14,8000,29.136999999999997,210
31668,0.6399999999999999,0.07,0.57,54.18000000000001,14:50:54,29.13,1200,29.14,8100,29.1345,111
31751,0.6000000000000001,0.07,0.53,54.050000000000004,14:51:54,29.13,900,29.14,9300,29.1332,350
31757,0.62,0.17,0.45,0.0,14:52:00,29.13,900,29.14,9100,29.139,166
31811,0.79,0.24,0.55,38.419999999999995,14:52:38,29.13,2100,29.14,7000,29.1354,520
31868,0.44999999999999996,0.15,0.3,6.21,14:53:06,29.13,1400,29.14,8100,29.1341,272
32034,3.84,3.26,0.58,0.0,14:55:00,29.13,1300,29.14,6500,29.1359,206
32074,0.79,0.28,0.51,11.82,14:56:11,29.13,1500,29.14,9200,29.1368,500
32119,0.64,0.14,0.5,0.0,14:57:00,29.13,2500,29.14,6100,29.1301,117
32366,0.5800000000000001,0.07,0.51,54.37000000000003,14:59:54,29.12,3200,29.13,2200,29.1274,1000
32528,0.7699999999999999,0.08,0.69,3.79,15:01:03,29.12,3600,29.13,2900,29.128,150
32606,0.6200000000000001,0.07,0.55,48.199999999999996,15:02:48,29.12,2800,29.13,3700,29.1265,111
32710,1.4,0.93,0.47,7.42,15:04:07,29.12,3100,29.13,3400,29.1254,482
32958,0.81,0.18,0.63,13.989999999999998,15:07:13,29.12,3500,29.13,2800,29.123,600
32997,0.87,0.22,0.65,0.0,15:08:00,29.12,3500,29.13,2900,29.1269,340
33048,0.44,0.08,0.36,39.39,15:08:39,29.12,5100,29.13,2400,29.1299,100
33205,0.59,0.15,0.44,33.79000000000001,15:10:33,29.12,5000,29.13,2400,29.1262,111
33721,0.62,0.21,0.41,14.189999999999998,15:16:14,29.12,3600,29.13,4000,29.1294,918
33979,0.6200000000000001,0.07,0.55,28.220000000000006,15:19:28,29.12,3000,29.13,4100,29.1201,150
34051,0.6100000000000001,0.07,0.54,23.989999999999995,15:20:23,29.12,6300,29.13,4600,29.1275,200
34278,0.5900000000000001,0.07,0.52,0.0,15:23:00,29.12,1800,29.13,5400,29.127,858
34364,0.6,0.13,0.47,0.0,15:24:00,29.12,1400,29.13,4900,29.1234,250
34455,0.5700000000000001,0.07,0.5,0.0,15:25:00,29.12,1600,29.13,5400,29.1246,265
34552,3.8000000000000003,3.24,0.56,18.38,15:26:18,29.12,2800,29.13,5100,29.1259,224
34627,0.6,0.16,0.44,0.0,15:27:00,29.12,2900,29.13,5400,29.1266,172
34885,0.83,0.14,0.69,27.97999999999999,15:30:27,29.12,2800,29.13,4300,29.1285,162
34940,0.8200000000000001,0.18,0.64,0.0,15:31:00,29.12,3000,29.13,5000,29.1286,999
35272,0.5800000000000001,0.14,0.44,40.19,15:34:40,29.11,3100,29.12,5100,29.1199,291
35497,0.61,0.18,0.43,21.61,15:37:21,29.11,2200,29.12,6300,29.1154,1319
35568,3.61,3.03,0.58,6.76,15:38:06,29.11,2700,29.12,6100,29.1141,150
35756,0.95,0.34,0.61,29.819999999999997,15:40:29,29.11,3600,29.12,4400,29.1135,109
36358,0.58,0.08,0.5,23.42,15:47:23,29.11,5900,29.12,3800,29.1143,206
36415,0.61,0.22,0.39,0.0,15:48:00,29.11,5600,29.12,4300,29.1101,367
36487,0.63,0.18,0.45,56.39999999999999,15:48:56,29.11,3600,29.12,6500,29.1157,923
36581,0.61,0.24,0.37,57.980000000000004,15:49:57,29.1,2500,29.11,7700,29.1043,288
36602,0.64,0.08,0.56,14.590000000000003,15:50:14,29.11,2100,29.12,8100,29.1126,1165
36993,2.84,2.25,0.59,21.0,15:55:21,29.11,5900,29.12,7400,29.1167,857
