,Total Delay,Request Delay,Saving Delay,Arrival Time,Time,Bid,Bid Size,Ask,Ask Size,Last Price,Last Size
0,0.6499999999999999,0.3,0.35,0.6499999999999999,09:30:00,154.3,200,155.2,200,155.0,10000
32,0.43,0.21,0.22,12.59,09:30:12,154.3,200,155.2,200,154.75,100
59,0.33,0.1,0.23,0.0,09:31:00,154.3,200,155.2,200,154.875,100
81,0.43000000000000005,0.17,0.26,15.889999999999997,09:31:15,154.72,100,155.44,100,155.29,100
87,0.25,0.08,0.17,17.71,09:31:17,154.72,100,155.5,100,155.11,530
132,0.37,0.17,0.2,33.74,09:31:33,154.88,200,155.5,100,155.19,200
163,0.43,0.24,0.19,46.120000000000005,09:31:46,154.89,100,155.5,100,155.195,100
169,0.27,0.07,0.2,47.85000000000001,09:31:47,155.0,200,155.5,100,155.01,100
193,0.41000000000000003,0.21,0.2,0.0,09:32:00,155.01,100,155.5,100,155.255,100
252,0.24000000000000002,0.07,0.17,30.059999999999988,09:32:30,154.8,600,155.5,100,154.84,100
315,0.3,0.08,0.22,50.31,09:32:50,154.81,200,155.5,100,154.81,100
350,3.75,3.46,0.29,5.78,09:33:05,154.8,700,155.45,100,154.8,100
417,0.39,0.2,0.19,34.470000000000006,09:33:34,154.75,200,155.44,200,154.95,100
445,0.39,0.21,0.18,44.41000000000001,09:33:44,154.52,100,155.44,100,154.54,100
458,0.27,0.09,0.18,48.7,09:33:48,154.52,100,155.42,100,154.9,100
503,0.44,0.22,0.22,0.0,09:34:00,154.31,300,155.3,300,155.2,100
513,2.17,1.87,0.3,8.57,09:34:08,154.31,300,155.29,100,154.555,100
514,3.77,3.6,0.17,12.34,09:34:12,154.31,300,155.3,200,155.18,100
531,0.51,0.17,0.34,20.239999999999995,09:34:20,154.31,300,155.28,100,154.795,100
588,0.29000000000000004,0.07,0.22,41.97999999999999,09:34:41,154.32,600,155.23,100,154.775,100
600,0.35000000000000003,0.08,0.27,46.349999999999994,09:34:46,154.44,700,155.23,100,154.835,100
727,0.38,0.21,0.17,53.05000000000001,09:35:53,154.65,200,155.17,200,154.825,200
759,0.38,0.21,0.17,0.0,09:36:00,154.47,100,155.04,500,154.6,100
769,0.36000000000000004,0.08,0.28,7.12,09:36:07,154.32,300,155.03,200,154.385,100
771,2.1,1.83,0.27,9.56,09:36:09,154.32,300,155.02,200,154.7176,150
772,0.24000000000000002,0.07,0.17,9.8,09:36:09,154.33,100,155.02,200,154.38,100
779,3.7600000000000002,3.33,0.43,17.900000000000002,09:36:17,154.43,100,155.0,300,154.44,100
785,0.42,0.21,0.21,20.21,09:36:20,154.43,100,155.0,300,154.5,100
800,0.44000000000000006,0.17,0.27,26.140000000000008,09:36:26,154.44,100,155.0,200,154.715,100
837,0.67,0.44,0.23,41.99999999999999,09:36:41,154.45,300,154.99,200,154.51,100
878,0.5900000000000001,0.07,0.52,0.0,09:37:00,154.47,200,154.97,200,154.47,100
914,0.41000000000000003,0.21,0.2,22.13,09:37:22,154.52,400,155.06,300,154.785,100
918,0.49,0.14,0.35,23.99,09:37:23,154.52,400,155.06,300,154.52,200
934,0.35000000000000003,0.07,0.28,31.950000000000003,09:37:31,154.53,400,155.07,200,154.53,100
954,0.47,0.21,0.26,40.069999999999986,09:37:40,154.54,100,154.99,200,154.55,200
979,0.35000000000000003,0.07,0.28,50.00999999999998,09:37:50,154.66,300,154.99,200,154.605,100
993,0.39,0.12,0.27,55.769999999999975,09:37:55,154.69,200,154.98,200,154.69,100
1002,0.42,0.07,0.35,0.0,09:38:00,154.69,200,154.98,200,154.7,100
1039,0.49,0.07,0.42,22.05,09:38:22,154.7,100,155.01,400,154.71,100
1187,0.34,0.08,0.26,30.16000000000001,09:39:30,154.7,100,155.01,200,154.77,100
1251,0.28,0.08,0.2,54.17000000000002,09:39:54,154.68,400,155.06,100,154.78,100
1303,0.33,0.07,0.26,19.03,09:40:19,154.69,600,155.05,100,154.85,1000
1330,0.38,0.19,0.19,28.899999999999995,09:40:28,154.74,200,155.05,200,154.72,200
1356,0.29000000000000004,0.07,0.22,38.73999999999998,09:40:38,154.75,200,155.02,100,154.76,100
1378,0.36,0.07,0.29,46.94999999999998,09:40:46,154.87,100,155.02,100,154.92,200
1391,0.49,0.22,0.27,53.11999999999999,09:40:53,154.86,300,155.02,100,154.86,100
1417,0.42000000000000004,0.22,0.2,3.16,09:41:03,154.77,400,155.01,100,154.99,100
1439,3.9699999999999998,3.65,0.32,17.029999999999998,09:41:17,154.84,100,155.01,100,154.91,700
1456,0.37,0.15,0.22,22.989999999999995,09:41:22,154.79,200,155.01,100,154.79,100
1509,0.35,0.15,0.2,41.290000000000006,09:41:41,154.99,300,155.19,100,154.98,200
1528,0.33,0.07,0.26,49.34000000000001,09:41:49,155.01,100,155.4,100,155.205,100
1538,0.59,0.29,0.3,53.25000000000001,09:41:53,155.02,100,155.38,200,155.04,100
1547,0.47,0.22,0.25,0.0,09:42:00,155.01,100,155.37,200,155.03,200
1555,0.30000000000000004,0.07,0.23,6.95,09:42:06,154.83,200,155.36,200,154.82,100
1561,0.38,0.08,0.3,12.06,09:42:12,154.84,800,155.36,200,155.06,100
1566,0.41000000000000003,0.09,0.32,16.470000000000002,09:42:16,154.86,800,155.19,100,155.02,100
1595,0.7,0.24,0.46,30.089999999999993,09:42:30,154.85,100,155.08,100,154.96,100
1654,0.45999999999999996,0.15,0.31,54.08999999999998,09:42:54,154.82,100,154.97,100,154.88,100
1680,0.45,0.2,0.25,5.66,09:43:05,154.47,100,154.88,200,154.675,100
1685,0.29000000000000004,0.07,0.22,7.59,09:43:07,154.48,900,154.87,100,154.57,100
1972,1.42,1.15,0.27,3.2199999999999998,09:45:03,154.5,100,154.78,100,154.64,100
2025,0.35000000000000003,0.08,0.27,26.41,09:45:26,154.5,1000,154.79,100,154.505,100
2103,0.44999999999999996,0.21,0.24,0.0,09:46:00,154.52,200,154.78,100,154.6053,150
2110,0.37,0.1,0.27,4.26,09:46:04,154.52,200,154.79,100,154.525,100
2257,4.91,4.57,0.34,9.010000000000002,09:47:09,154.25,100,154.4,100,154.3575,100
2258,0.44,0.23,0.21,9.450000000000001,09:47:09,154.23,100,154.53,300,154.36,100
2263,1.56,1.22,0.34,12.610000000000001,09:47:12,154.23,100,154.52,100,154.26,100
2362,0.37,0.09,0.28,49.70999999999997,09:47:49,154.23,100,154.5,100,154.365,300
2388,0.28,0.07,0.21,0.0,09:48:00,154.31,100,154.48,100,154.31,300
2403,0.31,0.07,0.24,6.15,09:48:06,154.33,300,154.49,200,154.33,100
2409,0.31,0.08,0.23,10.160000000000002,09:48:10,154.31,200,154.47,100,154.34,100
2417,0.29000000000000004,0.07,0.22,16.240000000000002,09:48:16,154.28,200,154.45,100,154.28,100
2569,0.66,0.23,0.43,0.0,09:49:00,154.29,100,154.42,100,154.29,100
2644,0.43,0.21,0.22,29.63,09:49:29,154.46,100,154.71,200,154.46,200
2817,0.38,0.08,0.3,7.27,09:51:07,154.43,100,154.59,100,154.43,100
2831,0.38,0.14,0.24,13.079999999999997,09:51:13,154.23,100,154.45,100,154.25,100
2847,0.34,0.07,0.27,18.979999999999993,09:51:18,154.23,100,154.35,100,154.23,100
2870,0.29000000000000004,0.07,0.22,27.119999999999987,09:51:27,154.18,300,154.34,100,154.2,100
2886,0.44,0.21,0.23,33.28999999999999,09:51:33,154.18,300,154.35,200,154.18,200
2896,0.30000000000000004,0.07,0.23,36.959999999999994,09:51:36,154.03,100,154.28,100,154.08,100
2911,0.32,0.08,0.24,43.149999999999984,09:51:43,154.02,100,154.28,200,154.04,100
2922,0.41000000000000003,0.18,0.23,0.0,09:52:00,154.02,100,154.28,200,154.05,100
3071,0.4,0.17,0.23,0.0,09:53:00,154.02,100,154.28,200,154.15,100
3172,0.31,0.13,0.18,41.84999999999998,09:53:41,154.03,100,154.28,200,154.155,100
3220,0.23,0.07,0.16,57.54999999999996,09:53:57,154.06,100,154.28,200,154.16,200
3239,0.31,0.12,0.19,0.0,09:54:00,154.24,200,154.54,400,154.32,100
3261,0.45,0.27,0.18,16.330000000000002,09:54:16,154.26,100,154.53,200,154.395,100
3522,0.33,0.07,0.26,0.0,09:56:00,154.21,200,154.42,100,154.2625,100
3533,0.45,0.23,0.22,8.07,09:56:08,154.16,100,154.3,100,154.21,100
3645,0.27,0.07,0.2,51.63000000000001,09:56:51,154.11,100,154.3,100,154.11,101
3713,0.36,0.17,0.19,0.0,09:57:00,154.12,300,154.3,100,154.13,100
3807,0.37,0.18,0.19,0.0,09:58:00,154.15,200,154.41,100,154.145,100
3812,0.26,0.07,0.19,4.09,09:58:04,154.16,300,154.41,100,154.19,100
3817,0.25,0.09,0.16,12.010000000000002,09:58:12,154.17,200,154.41,100,154.35,100
3972,0.25,0.07,0.18,0.0,09:59:00,154.29,100,154.63,100,154.48,100
3984,0.3,0.12,0.18,4.18,09:59:04,154.29,200,154.63,100,154.59,100
4014,0.34,0.17,0.17,14.16,09:59:14,153.5,400,153.98,100,153.5,1733
4021,0.25,0.08,0.17,16.14,09:59:16,153.54,100,154.32,100,153.51,200
4034,0.4,0.23,0.17,20.11,09:59:20,153.54,300,154.29,100,153.925,100
4039,0.32,0.09,0.23,22.279999999999998,09:59:22,153.54,400,154.29,100,153.915,100
4045,0.4,0.19,0.21,24.449999999999996,09:59:24,153.55,100,154.3,100,153.595,100
4089,0.28,0.07,0.21,0.0,10:00:00,153.86,100,154.27,500,153.94,100
4121,0.37,0.1,0.27,18.440000000000005,10:00:18,153.9,500,154.27,100,153.9,100
4129,0.41000000000000003,0.1,0.31,24.040000000000006,10:00:24,153.9,500,154.26,600,153.91,100
4164,0.49,0.18,0.31,40.089999999999996,10:00:40,153.91,200,154.24,100,153.935,100
4311,0.44999999999999996,0.24,0.21,0.0,10:01:00,153.91,400,154.1,500,154.0675,160
4385,0.24000000000000002,0.07,0.17,0.0,10:02:00,153.6,100,153.74,100,153.72,100
4392,0.27,0.09,0.18,2.14,10:02:02,153.61,100,153.74,200,153.675,100
4427,0.38,0.18,0.2,14.140000000000004,10:02:14,153.68,200,153.89,100,153.74,100
4449,0.33,0.14,0.19,22.02,10:02:22,153.68,200,153.89,100,153.73,100
4483,0.5,0.23,0.27,34.02000000000001,10:02:34,153.68,200,153.89,100,153.7,100
4691,0.26,0.07,0.19,0.0,10:04:00,153.8,100,153.95,200,153.85,194
4748,0.44,0.21,0.23,22.080000000000002,10:04:22,153.81,100,153.95,200,153.8156,100
4774,0.53,0.2,0.33,32.31,10:04:32,153.61,100,153.69,100,153.63,100
4789,0.62,0.18,0.44,0.0,10:05:00,153.54,100,153.68,100,153.655,100
4812,0.49,0.2,0.29,11.959999999999999,10:05:11,153.54,200,153.66,100,153.65,100
4839,0.4,0.18,0.22,25.66999999999999,10:05:25,153.54,100,153.66,100,153.57,100
4850,0.3,0.08,0.22,29.55999999999999,10:05:29,153.54,100,153.66,100,153.54,100
4896,0.30000000000000004,0.07,0.23,45.67999999999997,10:05:45,153.55,100,153.66,200,153.5716,300
5044,0.24000000000000002,0.07,0.17,50.05000000000002,10:06:50,153.47,100,153.61,200,153.52,100
5090,3.37,3.18,0.19,0.0,10:07:00,153.42,100,153.56,200,153.42,100
5131,0.55,0.24,0.31,18.579999999999995,10:07:18,153.32,100,153.5,100,153.43,100
5262,0.30000000000000004,0.13,0.17,16.02,10:08:16,153.4,100,153.63,100,153.561,400
5315,0.48,0.18,0.3,36.279999999999994,10:08:36,153.46,100,153.63,100,153.59,100
5338,0.26,0.07,0.19,44.07000000000001,10:08:44,153.48,100,153.63,100,153.62,100
5462,168.17,168.0,0.17,0.0,10:12:00,153.41,100,153.67,100,153.66,100
5597,0.25,0.07,0.18,0.0,10:13:00,153.46,200,153.67,100,153.565,300
5630,0.28,0.08,0.2,12.179999999999993,10:13:12,153.48,100,153.67,100,153.575,100
5722,3.47,3.24,0.23,7.21,10:14:07,153.63,100,153.79,100,153.68,100
5786,0.26,0.09,0.17,28.400000000000006,10:14:28,153.66,100,153.86,500,153.76,200
5792,0.37,0.2,0.17,30.350000000000005,10:14:30,153.66,100,153.86,100,153.86,300
6122,0.63,0.24,0.39,52.08000000000002,10:16:52,153.31,300,153.51,100,153.37,100
6128,0.25,0.07,0.18,54.00000000000002,10:16:54,153.31,300,153.49,100,153.4,500
6150,0.39,0.14,0.25,0.0,10:17:00,153.32,100,153.47,100,153.35,100
6159,2.81,2.47,0.34,9.59,10:17:09,153.27,200,153.33,200,153.27,100
6163,0.43000000000000005,0.2,0.23,12.01,10:17:12,153.14,100,153.23,100,153.14,100
6253,0.53,0.22,0.31,48.21000000000002,10:17:48,153.23,100,153.36,100,153.3,200
6257,0.5700000000000001,0.18,0.39,50.230000000000025,10:17:50,153.23,100,153.36,100,153.295,300
6294,1.22,0.82,0.4,0.0,10:18:00,153.24,100,153.54,100,153.29,100
6318,52.14,51.78,0.36,0.0,10:19:00,153.15,100,153.28,400,153.2,100
6357,0.45,0.22,0.23,14.319999999999999,10:19:14,153.13,100,153.27,100,153.15,100
6373,0.38,0.18,0.2,20.409999999999993,10:19:20,153.18,300,153.32,200,153.32,100
6400,0.33,0.07,0.26,30.29,10:19:30,153.3,100,153.61,100,153.455,100
6405,0.48000000000000004,0.28,0.2,32.349999999999994,10:19:32,153.31,100,153.62,200,153.465,100
6505,0.35,0.14,0.21,36.360000000000014,10:20:36,153.5,100,153.61,100,153.6,100
6516,0.39,0.19,0.2,40.31000000000002,10:20:40,153.5,100,153.61,100,153.555,200
6536,34.309999999999995,34.08,0.23,0.0,10:21:00,153.61,100,153.79,100,153.78,199
6559,0.6000000000000001,0.07,0.53,10.14,10:21:10,153.62,100,153.81,100,153.81,100
6618,0.62,0.23,0.39,0.0,10:22:00,153.67,100,153.83,100,153.82,100
6677,0.47000000000000003,0.08,0.39,35.93,10:22:35,153.68,200,153.83,200,153.69,100
6730,0.48,0.07,0.41,0.0,10:23:00,153.68,100,153.83,200,153.8299,155
6757,0.43,0.21,0.22,19.89,10:23:19,153.69,200,153.83,200,153.83,400
6789,0.66,0.22,0.44,32.18,10:23:32,153.84,100,153.96,100,153.84,100
6849,0.46,0.23,0.23,0.0,10:24:00,153.88,100,154.04,100,153.97,199
6856,4.62,4.28,0.34,6.8100000000000005,10:24:06,153.9,100,154.14,100,154.0575,400
6892,0.63,0.23,0.4,27.99,10:24:27,153.89,100,154.14,100,154.015,211
7185,37.42,37.15,0.27,0.0,10:27:00,153.96,100,154.19,100,153.975,100
7222,0.4,0.2,0.2,12.930000000000003,10:27:12,153.79,100,153.98,100,153.8875,100
7324,0.43000000000000005,0.2,0.23,2.16,10:28:02,153.82,100,153.97,200,153.865,100
7522,0.26,0.07,0.19,41.920000000000016,10:29:41,153.73,100,153.8,100,153.735,100
7554,0.26,0.08,0.18,51.87000000000002,10:29:51,153.73,100,153.8,200,153.8,100
7566,0.52,0.19,0.33,56.14000000000002,10:29:56,153.73,100,153.97,100,153.87,100
7590,0.26,0.07,0.19,8.0,10:30:08,153.74,300,154.03,100,154.03,100
7861,0.32,0.13,0.19,0.0,10:33:00,153.78,100,154.03,100,153.93,100
7963,0.5,0.23,0.27,0.0,10:34:00,153.8,100,154.01,100,153.96,100
8004,0.34,0.14,0.2,16.199999999999996,10:34:16,153.85,100,154.01,100,154.005,600
8013,0.75,0.27,0.48,20.78,10:34:20,153.89,100,154.01,100,153.99,100
8021,0.46,0.14,0.32,24.13,10:34:24,153.9,100,154.01,100,154.0,100
8072,0.7799999999999999,0.08,0.7,0.0,10:35:00,153.91,100,154.01,100,154.01,100
8292,0.78,0.35,0.43,37.540000000000006,10:37:37,154.14,100,154.29,200,154.2177,200
8299,0.6,0.21,0.39,41.73000000000001,10:37:41,154.14,100,154.29,200,154.215,200
8319,0.78,0.07,0.71,54.15000000000003,10:37:54,154.14,100,154.29,200,154.1435,112
8325,0.5800000000000001,0.07,0.51,0.0,10:38:00,154.14,100,154.29,200,154.2045,100
8340,2.96,2.43,0.53,11.370000000000001,10:38:11,154.15,100,154.29,200,154.27,100
8357,0.45,0.07,0.38,24.23,10:38:24,154.15,100,154.29,200,154.22,100
8384,0.61,0.21,0.4,39.989999999999995,10:38:39,154.17,100,154.29,200,154.175,100
8411,0.8500000000000001,0.18,0.67,0.0,10:39:00,154.18,200,154.29,200,154.235,500
8418,0.75,0.08,0.67,6.93,10:39:06,154.13,700,154.29,200,154.17,100
8419,1.44,0.86,0.58,8.37,10:39:08,154.13,500,154.29,200,154.135,100
8594,0.44,0.07,0.37,9.020000000000001,10:41:09,154.07,200,154.24,200,154.12,100
8820,0.79,0.12,0.67,39.79000000000001,10:43:39,153.95,100,154.03,200,154.07,100
8838,0.5900000000000001,0.07,0.52,2.0,10:44:02,153.96,200,154.1,200,154.1,100
8845,0.59,0.21,0.38,5.9799999999999995,10:44:05,153.96,200,154.1,200,153.995,100
8854,0.5900000000000001,0.14,0.45,13.919999999999998,10:44:13,153.96,100,154.1,100,153.965,100
8947,2.3600000000000003,1.84,0.52,18.15,10:45:18,153.74,100,153.86,100,153.855,100
8990,0.65,0.21,0.44,45.60999999999999,10:45:45,153.78,100,153.88,100,153.88,100
9065,0.5900000000000001,0.07,0.52,22.64,10:46:22,153.8,100,154.0,100,153.9091,200
9205,0.62,0.22,0.4,0.0,10:48:00,153.9,100,154.0,100,153.945,700
9389,0.62,0.18,0.44,0.0,10:50:00,153.56,100,153.73,100,153.64,100
9420,0.44,0.08,0.36,17.360000000000003,10:50:17,153.56,100,153.75,100,153.61,100
9441,0.5800000000000001,0.13,0.45,29.31000000000001,10:50:29,153.56,200,153.75,200,153.56,100
9445,0.5700000000000001,0.2,0.37,31.340000000000014,10:50:31,153.56,200,153.74,100,153.58,100
9459,0.5800000000000001,0.14,0.44,0.0,10:51:00,153.46,100,153.62,400,153.47,100
9465,2.38,1.88,0.5,5.1899999999999995,10:51:05,153.36,100,153.49,100,153.3925,100
9471,2.39,1.81,0.58,12.23,10:51:12,153.36,100,153.49,200,153.425,100
9513,0.61,0.21,0.4,42.17000000000002,10:51:42,153.36,100,153.49,300,153.36,100
9541,0.5900000000000001,0.25,0.34,0.0,10:52:00,153.25,1300,153.4,200,153.325,100
9555,0.76,0.12,0.64,15.76,10:52:15,153.15,100,153.33,200,153.25,100
9559,0.76,0.07,0.69,19.550000000000004,10:52:19,153.22,100,153.33,100,153.22,100
9570,0.75,0.23,0.52,26.54000000000001,10:52:26,153.15,100,153.32,100,153.17,100
9573,0.62,0.21,0.41,28.40000000000001,10:52:28,153.15,100,153.32,100,153.235,150
9642,0.62,0.22,0.4,0.0,10:53:00,153.1,100,153.21,200,153.155,600
9644,2.5799999999999996,2.01,0.57,3.1799999999999997,10:53:03,153.1,100,153.21,200,153.1732,161
9646,0.5900000000000001,0.07,0.52,5.9799999999999995,10:53:05,153.23,100,153.38,100,153.34,100
9668,0.61,0.2,0.41,17.98,10:53:17,153.2,100,153.38,100,153.21,100
9683,0.57,0.09,0.48,26.170000000000005,10:53:26,153.2,100,153.38,100,153.38,100
9703,0.59,0.24,0.35,37.81,10:53:37,153.2,100,153.46,100,153.39,175
9756,118.97,118.36,0.61,0.0,10:56:00,153.06,100,153.29,100,153.08,100
9818,0.44,0.21,0.23,0.0,10:57:00,153.1,100,153.29,100,153.12,300
9886,0.5700000000000001,0.07,0.5,46.65000000000002,10:57:46,153.22,400,153.43,100,153.23,100
9897,0.6,0.08,0.52,52.70000000000002,10:57:52,153.23,100,153.43,100,153.24,100
9952,0.5800000000000001,0.2,0.38,36.0,10:58:36,153.26,100,153.48,100,153.28,100
9999,2.33,1.88,0.45,0.0,10:59:00,153.27,100,153.48,100,153.365,100
10020,0.6100000000000001,0.28,0.33,17.22,10:59:17,153.29,100,153.51,100,153.355,195
10099,1.19,0.57,0.62,0.0,11:00:00,153.3,100,153.47,100,153.385,100
10175,0.58,0.08,0.5,0.0,11:01:00,153.26,100,153.46,100,153.31,100
10256,135.06,134.46,0.6,0.0,11:04:00,153.11,100,153.28,100,153.16,100
10342,0.5800000000000001,0.07,0.51,0.0,11:05:00,153.16,100,153.34,200,153.2658,100
10489,0.44,0.08,0.36,26.16,11:06:26,153.21,100,153.33,100,153.26,100
10499,0.56,0.07,0.49,31.75,11:06:31,153.2,100,153.34,100,153.33,100
10572,0.6,0.21,0.39,31.81000000000001,11:07:31,153.23,200,153.44,200,153.41,100
11001,0.5800000000000001,0.19,0.39,25.58,11:12:25,153.38,200,153.51,200,153.46,100
11019,0.8099999999999999,0.24,0.57,37.779999999999994,11:12:37,153.42,100,153.56,100,153.53,100
11053,0.62,0.08,0.54,4.0200000000000005,11:13:04,153.41,100,153.51,100,153.505,100
11146,0.6100000000000001,0.27,0.34,12.419999999999998,11:14:12,153.35,200,153.46,100,153.445,100
11201,108.41,107.97,0.44,0.0,11:16:00,153.29,100,153.46,100,153.44,100
11211,0.6599999999999999,0.18,0.48,5.670000000000001,11:16:05,153.29,200,153.46,100,153.375,100
11235,0.6300000000000001,0.07,0.56,0.0,11:17:00,153.29,100,153.46,100,153.291,220
11338,0.44,0.08,0.36,0.0,11:18:00,153.45,100,153.52,100,153.525,100
11427,3.81,3.17,0.64,0.0,11:19:00,153.35,100,153.52,200,153.48,100
12136,0.78,0.12,0.66,30.150000000000006,11:29:30,153.28,100,153.33,100,153.3175,100
12451,0.43999999999999995,0.09,0.35,0.0,11:33:00,153.31,100,153.6,100,153.5278,650
12648,0.75,0.08,0.67,0.0,11:37:00,153.22,100,153.33,100,153.3114,300
12684,0.43999999999999995,0.09,0.35,20.029999999999998,11:37:20,153.31,100,153.47,100,153.275,400
12691,0.59,0.17,0.42,24.029999999999994,11:37:24,153.31,100,153.47,100,153.395,100
12780,118.2,117.59,0.61,0.0,11:40:00,153.51,400,153.69,300,153.55,100
12866,0.75,0.07,0.68,0.0,11:41:00,153.53,200,153.69,400,153.605,200
12939,0.5,0.27,0.23,1.95,11:42:01,153.44,200,153.66,100,153.49,100
13054,4.21,3.98,0.23,0.0,11:43:00,153.31,200,153.5,300,153.421,1000
13103,0.47000000000000003,0.08,0.39,21.39,11:43:21,153.33,100,153.49,100,153.405,200
14192,0.42000000000000004,0.23,0.19,0.0,11:52:00,153.53,300,153.72,100,153.625,300
14220,0.31,0.07,0.24,13.750000000000002,11:52:13,153.54,400,153.72,100,153.71,100
14233,0.39,0.21,0.18,19.950000000000003,11:52:19,153.56,200,153.72,100,153.635,400
14509,3.63,3.31,0.32,5.59,11:54:05,153.59,100,153.73,100,153.7045,180
14526,0.25,0.07,0.18,14.639999999999997,11:54:14,153.55,400,153.73,100,153.67,100
15658,0.35,0.18,0.17,38.080000000000005,12:01:38,153.4,100,153.6,100,153.45,100
16479,0.47000000000000003,0.27,0.2,0.0,12:06:00,153.4,200,153.5,200,153.4001,100
17354,0.31000000000000005,0.14,0.17,0.0,12:12:00,153.26,100,153.38,100,153.3053,130
17916,1.17,0.87,0.3,0.0,12:16:00,153.25,100,153.35,500,153.2624,100
21562,0.24000000000000002,0.07,0.17,24.119999999999994,12:40:24,153.29,200,153.42,300,153.315,100
22042,2.02,1.7,0.32,6.620000000000001,12:46:06,153.38,100,153.45,100,153.415,100
22141,0.33999999999999997,0.15,0.19,43.42000000000002,12:46:43,153.4,200,153.54,100,153.4704,500
22365,0.33,0.14,0.19,23.730000000000004,12:48:23,153.44,100,153.47,100,153.441,100
23261,0.24000000000000002,0.07,0.17,4.000000000000001,12:54:04,153.45,100,153.64,100,153.5207,154
23267,3.39,3.14,0.25,12.500000000000002,12:54:12,153.45,200,153.64,100,153.545,100
23854,0.25,0.09,0.16,29.07999999999999,12:57:29,153.41,100,153.58,100,153.495,100
24228,0.26,0.07,0.19,46.07999999999998,13:01:46,153.3,100,153.34,100,153.3176,550
24343,0.30000000000000004,0.14,0.16,9.970000000000006,13:02:09,153.16,100,153.2,200,153.18,100
24811,0.23,0.07,0.16,0.0,13:05:00,153.17,200,153.34,100,153.3048,200
25489,0.42,0.13,0.29,0.0,13:13:00,153.19,100,153.34,200,153.19,100
25785,0.8,0.17,0.63,4.04,13:16:04,153.25,300,153.35,100,153.308,150
25806,0.43,0.13,0.3,0.0,13:17:00,153.25,200,153.35,100,153.2965,150
25841,0.57,0.21,0.36,29.95,13:17:29,153.21,200,153.29,100,153.2472,130
26236,0.5700000000000001,0.07,0.5,42.02,13:21:42,153.09,100,153.19,400,153.11,100
26373,1.43,0.97,0.46,0.0,13:23:00,153.07,100,153.15,100,153.07,100
26391,0.6100000000000001,0.07,0.54,12.789999999999997,13:23:12,153.11,100,153.19,200,153.115,200
26655,1.21,0.18,1.03,0.0,13:28:00,153.24,100,153.37,100,153.305,1200
26728,1.3800000000000001,0.08,1.3,23.939999999999998,13:29:23,153.37,200,153.52,300,153.4825,900
26786,1.2,0.21,0.99,0.0,13:31:00,153.46,100,153.57,100,153.515,100
26793,1.1800000000000002,0.07,1.11,8.17,13:31:08,153.47,100,153.6,100,153.535,100
26866,1.42,0.19,1.23,53.81,13:32:53,153.57,100,153.7,100,153.615,600
26972,2.62,1.65,0.97,16.58,13:35:16,153.19,300,153.42,200,153.2967,139
26987,1.2000000000000002,0.1,1.1,35.4,13:35:35,153.2,100,153.33,200,153.265,300
27112,1.39,0.21,1.18,0.0,13:38:00,153.3,100,153.44,200,153.3416,158
27127,1.01,0.08,0.93,21.0,13:38:21,153.24,100,153.4,100,153.2825,200
27173,1.21,0.21,1.0,30.610000000000003,13:39:30,153.29,100,153.39,100,153.3379,200
27687,1.01,0.23,0.78,0.0,13:50:00,153.22,100,153.46,100,153.3436,227
27707,1.3900000000000001,0.33,1.06,22.8,13:50:22,153.26,100,153.45,100,153.3275,418
27717,1.3699999999999999,0.23,1.14,0.0,13:51:00,153.3,100,153.46,100,153.3536,219
28220,1.17,0.23,0.94,24.79,14:00:24,153.35,100,153.52,100,153.435,100
28678,1.2,0.23,0.97,15.589999999999998,14:10:15,153.21,300,153.37,100,153.2475,100
28879,0.8200000000000001,0.07,0.75,50.38,14:13:50,153.31,200,153.43,100,153.368,100
28939,1.01,0.21,0.8,24.990000000000002,14:14:24,153.24,100,153.36,100,153.2845,121
29666,0.7999999999999999,0.23,0.57,0.0,14:25:00,153.16,600,153.25,200,153.205,200
29820,0.5700000000000001,0.07,0.5,0.0,14:26:00,153.19,200,153.29,100,153.225,100
29877,0.61,0.21,0.4,29.99,14:27:29,153.2,100,153.29,100,153.245,200
30962,0.6100000000000001,0.07,0.54,22.219999999999995,14:42:22,153.43,100,153.57,200,153.5007,200
31216,0.62,0.1,0.52,0.0,14:45:00,153.44,200,153.57,200,153.4888,120
32164,0.79,0.23,0.56,23.990000000000002,14:57:23,153.54,100,153.63,100,153.585,100
32216,2.0100000000000002,1.57,0.44,0.0,14:58:00,153.51,100,153.61,100,153.579,107
32484,0.44,0.14,0.3,0.0,15:01:00,153.4,100,153.55,400,153.475,100
32562,3.6500000000000004,3.1,0.55,0.0,15:02:00,153.41,200,153.51,100,153.485,100
32622,0.85,0.24,0.61,0.0,15:03:00,153.41,300,153.51,100,153.454,140
32670,0.7899999999999999,0.08,0.71,39.59999999999999,15:03:39,153.45,300,153.52,100,153.4675,100
32697,0.8,0.18,0.62,0.0,15:04:00,153.45,200,153.53,200,153.5125,100
33693,0.5900000000000001,0.07,0.52,0.0,15:16:00,153.57,200,153.61,100,153.5919,100
33718,0.55,0.07,0.48,21.75,15:16:21,153.57,200,153.6,100,153.5793,213
34308,0.43000000000000005,0.09,0.34,23.869999999999997,15:23:23,153.69,100,153.74,100,153.715,100
34385,0.57,0.09,0.48,7.15,15:24:07,153.68,100,153.75,300,153.7438,383
34491,0.6100000000000001,0.07,0.54,6.240000000000001,15:25:06,153.63,100,153.7,100,153.665,100
34690,0.8400000000000001,0.2,0.64,48.42000000000002,15:27:48,153.64,100,153.69,100,153.6595,200
34888,0.6399999999999999,0.07,0.57,30.19999999999999,15:30:30,153.42,100,153.48,100,153.4398,1000
35160,0.61,0.23,0.38,20.040000000000003,15:33:20,153.42,200,153.5,200,153.4201,106
35278,0.77,0.31,0.46,58.00000000000002,15:34:58,153.18,100,153.25,300,153.215,100
35293,0.59,0.17,0.42,6.42,15:35:06,153.17,100,153.25,300,153.2144,100
35434,0.57,0.08,0.49,37.91,15:36:37,153.16,300,153.21,300,153.185,100
35465,0.61,0.18,0.43,55.56,15:36:55,153.16,200,153.26,100,153.2325,100
35691,0.6,0.19,0.41,30.78,15:39:30,153.1,100,153.18,100,153.1,100
35702,0.61,0.26,0.35,36.78,15:39:36,153.11,200,153.17,100,153.145,100
35723,0.5900000000000001,0.27,0.32,49.03000000000001,15:39:49,153.1,100,153.18,200,153.1133,742
35732,3.41,2.93,0.48,0.0,15:40:00,153.1,200,153.18,200,153.1015,200
35776,0.6,0.21,0.39,35.02000000000001,15:40:35,153.12,100,153.17,200,153.13,100
35805,0.59,0.09,0.5,0.0,15:41:00,153.13,100,153.2,200,153.165,100
35889,0.75,0.2,0.55,56.010000000000005,15:41:56,153.08,100,153.11,100,153.09,100
35902,0.62,0.08,0.54,0.0,15:42:00,153.05,100,153.1,200,153.075,300
35907,0.76,0.08,0.68,8.36,15:42:08,153.05,100,153.1,200,153.067,107
35923,0.63,0.08,0.55,24.199999999999996,15:42:24,153.05,200,153.1,200,153.05,100
35931,0.81,0.07,0.74,30.559999999999995,15:42:30,153.06,100,153.1,100,153.06,100
36180,0.98,0.55,0.43,20.569999999999997,15:45:20,153.07,100,153.12,100,153.095,100
36258,2.02,1.5,0.52,10.66,15:46:10,153.02,100,153.07,300,153.045,100
36271,0.6100000000000001,0.07,0.54,20.039999999999996,15:46:20,153.01,200,153.07,300,153.02,100
36274,0.76,0.2,0.56,22.039999999999996,15:46:22,153.0,1000,153.07,300,153.01,100
36280,0.62,0.14,0.48,26.249999999999993,15:46:26,152.97,100,153.04,100,153.0,100
36286,0.62,0.18,0.44,30.289999999999996,15:46:30,152.97,100,153.04,300,153.04,100
36300,0.77,0.12,0.65,40.05000000000002,15:46:40,152.96,100,153.03,200,152.96,100
36303,0.6100000000000001,0.07,0.54,42.03000000000002,15:46:42,152.97,100,153.03,100,152.97,100
36308,0.6599999999999999,0.07,0.59,45.870000000000026,15:46:45,152.99,100,153.03,200,153.005,100
36328,0.79,0.17,0.62,2.21,15:47:02,153.04,100,153.07,100,153.055,100
36496,0.5800000000000001,0.07,0.51,0.0,15:49:00,153.01,100,153.04,100,153.03,100
36518,0.6,0.17,0.43,20.030000000000005,15:49:20,153.01,100,153.04,400,153.025,100
36532,0.5900000000000001,0.2,0.39,27.840000000000003,15:49:27,153.0,100,153.01,200,153.015,100
36539,0.64,0.23,0.41,31.880000000000003,15:49:31,152.94,200,153.0,100,152.98,100
36560,0.44,0.08,0.36,43.890000000000015,15:49:43,152.93,100,152.98,100,152.955,100
36571,0.5700000000000001,0.07,0.5,50.220000000000006,15:49:50,152.92,200,152.98,100,152.93,100
36584,0.58,0.17,0.41,0.0,15:50:00,152.96,100,153.01,100,152.78,100
36591,0.6,0.18,0.42,4.0,15:50:04,152.68,300,152.87,300,152.775,100
36594,0.81,0.07,0.74,6.76,15:50:06,152.68,400,152.87,400,152.681,200
36600,1.7999999999999998,1.15,0.65,12.970000000000002,15:50:12,152.7,600,152.85,100,152.85,100
36602,0.64,0.08,0.56,14.590000000000003,15:50:14,152.72,100,152.8,100,152.79,113
36607,0.98,0.22,0.76,20.770000000000007,15:50:20,152.76,100,152.8,300,152.76,100
36609,0.8,0.07,0.73,22.570000000000007,15:50:22,152.73,100,152.8,300,152.75,100
36611,0.8,0.4,0.4,24.01000000000001,15:50:24,152.73,200,152.8,400,152.8,100
36624,0.61,0.23,0.38,32.19000000000001,15:50:32,152.73,100,152.79,200,152.73,100
36627,0.5900000000000001,0.07,0.52,34.210000000000015,15:50:34,152.73,100,152.79,200,152.74,100
36644,0.7899999999999999,0.09,0.7,47.79000000000001,15:50:47,152.8,100,152.83,100,152.81,100
36648,0.82,0.08,0.74,52.430000000000014,15:50:52,152.8,100,152.83,100,152.815,100
36650,0.77,0.18,0.59,53.990000000000016,15:50:53,152.82,100,152.85,200,152.83,100
36653,0.84,0.23,0.61,56.41000000000002,15:50:56,152.82,100,152.85,100,152.84,100
36656,0.6399999999999999,0.07,0.57,58.44000000000002,15:50:58,152.81,200,152.85,100,152.82,200
36659,0.6399999999999999,0.07,0.57,0.0,15:51:00,152.82,100,152.85,100,152.835,110
36665,0.81,0.26,0.55,5.5600000000000005,15:51:05,152.82,300,152.87,100,152.86,100
36668,0.76,0.08,0.68,8.95,15:51:08,152.83,100,152.87,100,152.87,100
36681,0.81,0.18,0.63,19.769999999999996,15:51:19,152.86,300,152.91,100,152.88,150
36683,0.61,0.08,0.53,21.149999999999995,15:51:21,152.86,300,152.91,100,152.885,100
36687,0.8099999999999999,0.08,0.73,24.139999999999993,15:51:24,152.86,300,152.92,100,152.91,100
36701,0.64,0.09,0.55,35.35999999999999,15:51:35,152.86,200,152.89,100,152.875,100
36707,0.96,0.18,0.78,39.739999999999995,15:51:39,152.89,200,152.92,100,152.94,100
36710,0.64,0.08,0.56,41.769999999999996,15:51:41,152.9,200,152.94,200,152.905,100
36718,0.8200000000000001,0.28,0.54,47.74999999999999,15:51:47,152.92,200,152.96,200,152.95,100
36734,0.8300000000000001,0.07,0.76,0.0,15:52:00,152.93,400,152.96,200,152.945,100
36767,0.83,0.08,0.75,32.23,15:52:32,152.87,300,152.89,1000,152.89,100
36834,0.7899999999999999,0.21,0.58,25.829999999999995,15:53:25,152.81,300,152.88,100,152.845,100
36857,0.77,0.07,0.7,42.01,15:53:42,152.89,200,152.91,200,152.9,100
36881,0.7799999999999999,0.21,0.57,58.38,15:53:58,152.88,200,152.91,300,152.895,100
36892,0.76,0.2,0.56,5.989999999999999,15:54:05,152.82,100,152.91,400,152.865,100
37044,0.5700000000000001,0.07,0.5,54.98,15:55:54,152.81,100,152.84,100,152.825,100
37106,0.61,0.23,0.38,42.03000000000001,15:56:42,152.88,600,152.92,200,152.8863,100
37119,0.75,0.19,0.56,50.21000000000002,15:56:50,152.89,100,152.92,300,152.92,100
37156,3.2,2.66,0.54,18.82,15:57:18,152.82,200,152.86,700,152.855,100
37225,0.6,0.09,0.51,38.35000000000001,15:59:38,152.77,300,152.8,700,152.77,100
37267,0.76,0.18,0.58,65.92000000000003,16:00:05,152.87,4500,152.93,500,152.909,100
