,Total Delay,Request Delay,Saving Delay,Arrival Time,Time,Bid,Bid Size,Ask,Ask Size,Last Price,Last Size
0,0.6499999999999999,0.3,0.35,0.6499999999999999,09:30:00,68.82,100,68.87,200,68.848,614
6,0.28,0.08,0.2,2.6000000000000005,09:30:02,68.82,100,68.87,200,68.82,100
37,0.44,0.21,0.23,14.589999999999998,09:30:14,68.82,100,68.87,400,68.86,100
56,0.30000000000000004,0.07,0.23,0.0,09:31:00,68.82,100,68.87,400,68.84100000000001,250
59,0.33,0.1,0.23,1.1900000000000002,09:31:01,68.82,100,68.86,400,68.8483,100
133,0.26,0.07,0.19,35.190000000000005,09:31:35,68.84,100,68.86,300,68.85,100
143,0.38,0.07,0.31,39.02000000000001,09:31:39,68.82,500,68.83,100,68.83,100
148,0.4,0.08,0.32,41.16000000000001,09:31:41,68.72,100,68.75,200,68.73,100
152,0.74,0.21,0.53,43.39000000000001,09:31:43,68.68,300,68.75,200,68.71,200
156,0.48,0.21,0.27,45.220000000000006,09:31:45,68.68,400,68.74,200,68.69,100
197,2.11,1.93,0.18,0.0,09:32:00,68.66,300,68.69,200,68.68,100
200,2.27,2.05,0.22,2.81,09:32:02,68.67,200,68.71,200,68.67,100
202,2.2199999999999998,2.03,0.19,9.8,09:32:09,68.67,300,68.71,300,68.7,100
214,0.33999999999999997,0.18,0.16,14.990000000000002,09:32:14,68.62,100,68.64,200,68.64,100
241,0.26,0.09,0.17,23.2,09:32:23,68.6,600,68.63,100,68.6,100
252,0.24000000000000002,0.07,0.17,27.129999999999992,09:32:27,68.6,500,68.61,100,68.605,100
258,0.39,0.22,0.17,29.359999999999996,09:32:29,68.61,200,68.65,200,68.61,200
264,0.24000000000000002,0.07,0.17,31.31,09:32:31,68.61,200,68.65,200,68.65,100
289,0.30000000000000004,0.14,0.16,39.21000000000001,09:32:39,68.61,200,68.65,200,68.6277,311
315,0.3,0.08,0.22,47.38000000000002,09:32:47,68.63,300,68.68,300,68.6648,100
320,0.69,0.28,0.41,49.70000000000002,09:32:49,68.6,500,68.62,200,68.63,150
325,0.25,0.07,0.18,51.37000000000001,09:32:51,68.57,300,68.6,200,68.58,100
343,2.23,1.98,0.25,0.0,09:33:00,68.59,200,68.6,200,68.59,100
344,0.36,0.18,0.18,0.36,09:33:00,68.55,5600,68.57,200,68.57,100
350,3.75,3.46,0.29,5.78,09:33:05,68.55,5600,68.58,700,68.5509,161
354,2.19,1.96,0.23,9.16,09:33:09,68.38,300,68.43,200,68.38,100
356,2.15,1.91,0.24,11.57,09:33:11,68.5,100,68.53,100,68.52,200
359,0.35,0.18,0.17,12.43,09:33:12,68.47,100,68.52,100,68.47,100
362,2.69,2.48,0.21,15.6,09:33:15,68.47,100,68.52,200,68.5015,1800
375,0.32,0.15,0.17,20.510000000000005,09:33:20,68.43,200,68.49,100,68.43,100
381,0.41000000000000003,0.22,0.19,22.490000000000006,09:33:22,68.44,200,68.48,200,68.4548,200
387,0.42000000000000004,0.22,0.2,24.710000000000004,09:33:24,68.44,100,68.46,100,68.45,100
393,0.35,0.18,0.17,26.460000000000004,09:33:26,68.47,100,68.49,200,68.48,100
405,0.5700000000000001,0.28,0.29,30.550000000000008,09:33:30,68.49,200,68.6,100,68.5,100
427,0.41000000000000003,0.17,0.24,38.59,09:33:38,68.49,200,68.55,100,68.49,100
445,0.39,0.21,0.18,44.41000000000001,09:33:44,68.52,100,68.57,200,68.56,100
452,0.26,0.07,0.19,46.540000000000006,09:33:46,68.52,100,68.57,300,68.548,500
480,0.28,0.11,0.17,0.0,09:34:00,68.51,100,68.55,200,68.53,100
486,0.25,0.07,0.18,2.14,09:34:02,68.49,100,68.54,200,68.546,100
491,0.27,0.07,0.2,3.670000000000001,09:34:03,68.49,100,68.54,200,68.544,100
514,3.77,3.6,0.17,20.38,09:34:20,68.5,200,68.54,200,68.50399999999999,500
527,0.43,0.21,0.22,26.20999999999999,09:34:26,68.44,100,68.49,100,68.44,291
531,0.51,0.17,0.34,28.27999999999999,09:34:28,68.44,100,68.49,200,68.445,3000
556,0.47000000000000003,0.28,0.19,38.279999999999994,09:34:38,68.45,100,68.48,100,68.46,100
618,0.34,0.07,0.27,5.17,09:35:05,68.41,100,68.44,200,68.4164,275
623,1.67,1.41,0.26,11.46,09:35:11,68.37,100,68.4,100,68.3833,100
625,2.72,2.35,0.37,14.980000000000002,09:35:14,68.36,100,68.4,100,68.383,1000
647,0.43000000000000005,0.16,0.27,24.77,09:35:24,68.35,500,68.38,200,68.36,100
653,0.44,0.22,0.22,26.840000000000003,09:35:26,68.35,500,68.38,100,68.365,1000
662,0.56,0.29,0.27,30.749999999999996,09:35:30,68.36,200,68.44,100,68.35,100
674,0.44999999999999996,0.21,0.24,34.75,09:35:34,68.39,300,68.44,100,68.41,100
680,0.33,0.07,0.26,36.78000000000001,09:35:36,68.39,100,68.44,200,68.4,100
686,0.6200000000000001,0.28,0.34,39.32000000000001,09:35:39,68.39,100,68.44,200,68.4178,500
720,0.24000000000000002,0.07,0.17,50.64000000000001,09:35:50,68.38,100,68.43,100,68.42,100
748,0.4,0.22,0.18,58.740000000000016,09:35:58,68.4,300,68.54,100,68.4807,500
846,0.75,0.21,0.54,46.32999999999999,09:36:46,68.51,100,68.56,800,68.55,100
892,0.5,0.24,0.26,9.49,09:37:09,68.65,200,68.72,200,68.689,500
922,0.43,0.08,0.35,27.889999999999997,09:37:27,68.72,200,68.76,100,68.72,100
954,0.47,0.21,0.26,41.829999999999984,09:37:41,68.75,200,68.82,100,68.78,100
959,0.48,0.21,0.27,43.65999999999998,09:37:43,68.75,200,68.82,100,68.7884,300
965,0.42,0.18,0.24,45.72999999999998,09:37:45,68.75,200,68.82,100,68.7944,1000
1016,4.37,4.13,0.24,10.9,09:38:10,68.82,200,68.87,200,68.845,3700
1033,0.42000000000000004,0.14,0.28,17.979999999999997,09:38:17,68.82,300,68.87,200,68.8252,100
1035,0.55,0.19,0.36,20.29,09:38:20,68.82,200,68.86,100,68.84,600
1059,0.4,0.09,0.31,31.75,09:38:31,68.77,200,68.82,200,68.77,100
1104,0.45,0.18,0.27,50.12999999999999,09:38:50,68.69,100,68.75,100,68.718,900
1148,2.41,2.17,0.24,6.15,09:39:06,68.8,200,68.82,100,68.81,200
1149,0.26,0.07,0.19,6.41,09:39:06,68.8,300,68.87,200,68.8,100
1159,2.5700000000000003,2.24,0.33,13.309999999999999,09:39:13,68.75,200,68.84,300,68.79,100
1166,0.45,0.13,0.32,16.13,09:39:16,68.74,100,68.82,200,68.76,100
1171,0.30000000000000004,0.07,0.23,17.65,09:39:17,68.74,100,68.81,300,68.74,100
1207,0.38,0.07,0.31,32.21,09:39:32,68.71,300,68.78,600,68.7492,150
1220,0.29000000000000004,0.07,0.22,37.670000000000016,09:39:37,68.71,200,68.75,200,68.75,100
1308,0.42,0.18,0.24,23.730000000000004,09:40:23,68.82,400,68.85,200,68.8275,500
1314,0.45999999999999996,0.21,0.25,25.990000000000006,09:40:25,68.82,200,68.85,100,68.8368,200
1325,0.33,0.08,0.25,29.75,09:40:29,68.9,100,68.93,100,68.91,100
1336,0.44,0.2,0.24,33.620000000000005,09:40:33,68.91,100,68.95,100,68.93,100
1352,0.44,0.24,0.2,40.019999999999996,09:40:40,68.91,300,68.95,100,68.95,104
1373,0.28,0.08,0.2,47.819999999999986,09:40:47,68.88,300,68.92,200,68.89,100
1395,0.34,0.08,0.26,0.0,09:41:00,68.83,200,68.88,200,68.87,100
1401,0.29000000000000004,0.1,0.19,2.09,09:41:02,68.83,300,68.88,200,68.88,435
1456,0.37,0.15,0.22,27.979999999999997,09:41:27,68.79,200,68.82,200,68.805,700
1482,0.45999999999999996,0.24,0.22,36.36999999999999,09:41:36,68.8,100,68.83,100,68.815,200
1561,0.38,0.08,0.3,13.97,09:42:13,68.9,600,68.97,100,68.92,100
1566,0.41000000000000003,0.09,0.32,18.380000000000003,09:42:18,68.89,200,68.92,100,68.9,100
1586,0.48,0.19,0.29,27.779999999999994,09:42:27,68.9,300,68.95,200,68.9176,100
1667,0.41000000000000003,0.13,0.28,0.0,09:43:00,68.82,3800,68.88,200,68.832,100
1715,0.32,0.08,0.24,23.709999999999997,09:43:23,68.78,100,68.85,200,68.836,800
1897,0.27,0.08,0.19,39.660000000000004,09:44:39,68.8,500,68.85,400,68.819,450
1966,0.42000000000000004,0.19,0.23,5.8500000000000005,09:45:05,68.7,100,68.73,300,68.727,300
1977,1.44,1.19,0.25,18.77,09:45:18,68.74,200,68.79,100,68.7405,100
2009,0.43,0.21,0.22,31.820000000000007,09:45:31,68.75,300,68.81,400,68.7782,3000
2014,0.5700000000000001,0.26,0.31,34.100000000000016,09:45:34,68.75,300,68.8,200,68.7834,500
2041,0.5700000000000001,0.25,0.32,44.12000000000002,09:45:44,68.77,300,68.81,400,68.785,500
2098,0.31,0.08,0.23,5.919999999999999,09:46:05,68.84,100,68.87,200,68.8666,100
2118,2.44,2.1,0.34,21.35,09:46:21,68.88,100,68.91,100,68.8989,500
2168,0.45999999999999996,0.21,0.25,39.95000000000002,09:46:39,68.88,300,68.91,300,68.8962,200
2233,0.25,0.07,0.18,0.0,09:47:00,68.84,600,68.89,300,68.865,100
2263,1.56,1.22,0.34,16.95,09:47:16,68.85,200,68.89,300,68.8754,1000
2383,0.44,0.26,0.18,3.8000000000000003,09:48:03,68.88,100,68.91,300,68.8801,100
2447,0.42000000000000004,0.23,0.19,31.899999999999995,09:48:31,68.91,100,68.95,500,68.94,100
2544,0.45,0.18,0.27,2.8600000000000003,09:49:02,68.91,400,68.94,300,68.925,500
2550,2.28,1.94,0.34,10.999999999999998,09:49:10,68.94,300,68.97,200,68.9574,300
2577,0.4,0.07,0.33,22.49,09:49:22,68.95,300,68.97,100,68.96,300
2590,0.35000000000000003,0.07,0.28,28.180000000000003,09:49:28,68.95,300,68.98,300,68.97,200
2633,0.32,0.08,0.24,44.300000000000026,09:49:44,68.98,200,68.99,100,68.985,100
2638,0.33,0.1,0.23,46.17000000000003,09:49:46,68.96,300,68.99,300,68.98,200
2671,0.44,0.12,0.32,10.979999999999999,09:50:10,68.98,300,69.0,900,68.99,116
2677,0.45999999999999996,0.21,0.25,13.809999999999999,09:50:13,69.02,300,69.04,100,69.03,100
2682,0.49,0.22,0.27,15.87,09:50:15,68.98,100,69.03,300,69.02,100
2756,0.34,0.07,0.27,51.63000000000002,09:50:51,68.85,200,68.9,300,68.8999,175
2791,0.26,0.07,0.19,0.0,09:51:00,68.85,200,68.9,400,68.8815,1500
2804,0.38,0.16,0.22,10.01,09:51:10,68.85,400,68.9,500,68.8722,139
2807,1.46,1.23,0.23,12.11,09:51:12,68.85,400,68.9,500,68.8865,100
2812,0.38,0.15,0.23,13.97,09:51:13,68.85,400,68.9,500,68.8501,100
2927,0.32,0.07,0.25,3.85,09:52:03,68.8,100,68.85,1500,68.8375,100
2941,3.5,3.25,0.25,14.770000000000001,09:52:14,68.79,300,68.84,300,68.8069,500
2959,0.41000000000000003,0.22,0.19,22.080000000000002,09:52:22,68.75,100,68.8,200,68.8025,100
2985,0.36,0.17,0.19,30.050000000000004,09:52:30,68.72,100,68.77,100,68.745,275
3036,0.37,0.17,0.2,48.03000000000001,09:52:48,68.64,200,68.66,100,68.6453,200
3059,0.47,0.3,0.17,56.35,09:52:56,68.65,100,68.68,200,68.66,100
3116,0.44,0.23,0.21,23.810000000000002,09:53:23,68.61,100,68.64,100,68.62,100
3146,0.36,0.18,0.18,33.63,09:53:33,68.55,100,68.63,300,68.5905,100
3207,0.38,0.22,0.16,53.66999999999996,09:53:53,68.55,400,68.62,200,68.5901,100
3233,0.35,0.09,0.26,0.0,09:54:00,68.56,3000,68.63,100,68.5837,300
3237,2.25,2.07,0.18,3.37,09:54:03,68.44,100,68.51,200,68.5041,100
3244,3.73,3.54,0.19,16.61,09:54:16,68.6,200,68.66,200,68.63600000000001,250
3360,0.41000000000000003,0.21,0.2,53.980000000000025,09:54:53,68.48,200,68.55,200,68.5499,212
3378,0.35,0.12,0.23,0.0,09:55:00,68.48,200,68.55,400,68.5106,142
3403,1.42,0.92,0.5,14.739999999999995,09:55:14,68.51,200,68.59,200,68.53399999999999,120
3418,0.4,0.07,0.33,22.04999999999999,09:55:22,68.53,100,68.59,300,68.5895,200
3434,0.39,0.19,0.2,28.36999999999999,09:55:28,68.59,200,68.6,1500,68.595,100
3538,1.61,1.37,0.24,16.790000000000003,09:56:16,68.61,300,68.65,200,68.6324,500
3563,0.33,0.07,0.26,28.089999999999996,09:56:28,68.61,100,68.65,100,68.645,100
3673,3.0,2.75,0.25,0.0,09:57:00,68.58,400,68.6,100,68.5832,2600
3845,0.37,0.2,0.17,29.780000000000005,09:58:29,68.64,400,68.65,100,68.6492,100
3875,0.35,0.12,0.23,39.900000000000006,09:58:39,68.64,400,68.65,200,68.6454,100
4077,0.25,0.07,0.18,56.160000000000004,09:59:56,68.57,100,68.61,100,68.575,100
4083,0.43,0.21,0.22,58.35,09:59:58,68.57,100,68.6,400,68.5802,639
4089,0.28,0.07,0.21,0.0,10:00:00,68.56,200,68.59,200,68.5748,109
4121,0.37,0.1,0.27,18.440000000000005,10:00:18,68.49,200,68.51,100,68.51,193
4123,2.46,2.22,0.24,21.440000000000005,10:00:21,68.5,1700,68.55,200,68.515,100
4179,0.56,0.25,0.31,46.20999999999999,10:00:46,68.53,100,68.56,300,68.545,100
4196,0.74,0.17,0.57,56.21999999999998,10:00:56,68.57,300,68.6,100,68.585,100
4285,0.25,0.08,0.17,16.899999999999995,10:01:16,68.54,300,68.57,200,68.5634,500
4286,0.3,0.12,0.18,17.199999999999996,10:01:17,68.54,300,68.57,200,68.555,100
4360,0.26,0.08,0.18,0.0,10:02:00,68.58,100,68.6,200,68.5801,200
4462,0.56,0.25,0.31,46.31000000000002,10:02:46,68.53,200,68.54,200,68.54,100
4519,0.3,0.08,0.22,9.640000000000004,10:03:09,68.5,100,68.54,300,68.505,100
4589,0.36,0.2,0.16,37.86,10:03:37,68.53,200,68.56,300,68.5525,300
4774,0.53,0.2,0.33,54.44999999999999,10:04:54,68.52,300,68.54,100,68.533,290
4778,0.47,0.21,0.26,56.47999999999999,10:04:56,68.52,300,68.54,200,68.5201,405
4939,1.7,1.53,0.17,5.970000000000001,10:06:05,68.54,500,68.56,200,68.5516,100
4952,2.39,2.14,0.25,16.930000000000003,10:06:16,68.48,100,68.51,100,68.495,500
4982,0.5,0.2,0.3,28.259999999999994,10:06:28,68.49,200,68.51,200,68.4976,250
5097,0.38,0.21,0.17,15.550000000000004,10:07:15,68.59,100,68.64,200,68.6399,900
5113,0.28,0.08,0.2,23.650000000000006,10:07:23,68.6,500,68.64,100,68.625,100
5129,0.25,0.07,0.18,28.99000000000001,10:07:28,68.61,200,68.66,600,68.635,100
5168,0.37,0.18,0.19,43.660000000000004,10:07:43,68.65,300,68.69,400,68.6899,500
5207,0.31,0.12,0.19,55.54000000000003,10:07:55,68.69,200,68.71,200,68.708,800
5227,0.23,0.07,0.16,2.1799999999999997,10:08:02,68.7,300,68.73,200,68.7299,500
5245,3.9699999999999998,3.65,0.32,11.75,10:08:11,68.7,100,68.73,200,68.726,900
5332,0.27,0.09,0.18,45.97000000000002,10:08:45,68.57,200,68.62,200,68.5947,100
5343,0.45999999999999996,0.24,0.22,50.04000000000002,10:08:50,68.58,300,68.62,300,68.581,500
5387,0.41000000000000003,0.24,0.17,3.83,10:09:03,68.6,100,68.62,500,68.61399999999999,100
5462,168.17,168.0,0.17,0.0,10:12:00,68.55,400,68.58,400,68.5668,200
5471,0.38,0.21,0.17,2.5,10:12:02,68.55,500,68.58,400,68.5672,500
5477,0.24000000000000002,0.07,0.17,4.23,10:12:04,68.55,500,68.58,300,68.5657,250
5564,0.38,0.18,0.2,12.02,10:13:12,68.61,200,68.64,200,68.6302,175
5580,0.38,0.18,0.2,22.259999999999994,10:13:22,68.61,400,68.63,200,68.6114,300
5640,0.30000000000000004,0.07,0.23,44.000000000000014,10:13:44,68.62,500,68.65,200,68.6497,300
5754,0.55,0.26,0.29,18.410000000000004,10:14:18,68.59,300,68.61,200,68.6015,100
5837,0.30000000000000004,0.07,0.23,44.419999999999995,10:14:44,68.59,400,68.62,200,68.6226,1000
5865,3.1599999999999997,2.82,0.34,3.8,10:15:03,68.6,300,68.63,300,68.615,900
5907,0.37,0.18,0.19,21.109999999999996,10:15:21,68.64,600,68.68,200,68.655,100
5967,0.24000000000000002,0.07,0.17,38.930000000000014,10:15:38,68.66,300,68.69,400,68.675,500
6020,2.12,1.91,0.21,11.649999999999999,10:16:11,68.7,300,68.73,100,68.7206,200
6099,0.33,0.08,0.25,40.00000000000001,10:16:40,68.72,500,68.75,500,68.735,100
6139,0.25,0.07,0.18,53.59000000000001,10:16:53,68.72,300,68.74,300,68.723,100
6145,0.49,0.23,0.26,0.0,10:17:00,68.72,300,68.74,300,68.7208,100
6157,0.44,0.21,0.23,4.26,10:17:04,68.72,300,68.74,300,68.7267,1800
6218,0.31,0.08,0.23,37.940000000000026,10:17:37,68.7,300,68.72,300,68.7164,128
6230,0.31,0.07,0.24,41.91000000000004,10:17:41,68.71,200,68.72,300,68.714,125
6248,0.33,0.08,0.25,48.10000000000004,10:17:48,68.71,300,68.72,200,68.711,100
6279,0.42000000000000004,0.08,0.34,0.0,10:18:00,68.7,400,68.72,200,68.702,205
6302,0.5800000000000001,0.24,0.34,18.15,10:18:18,68.7,800,68.72,200,68.705,200
6345,0.39,0.17,0.22,10.23,10:19:10,68.58,300,68.61,200,68.5968,100
6389,0.44999999999999996,0.24,0.21,26.359999999999996,10:19:26,68.62,200,68.64,300,68.6272,1000
6394,0.42000000000000004,0.23,0.19,28.37,10:19:28,68.62,200,68.64,300,68.6273,1000
6411,0.36000000000000004,0.08,0.28,34.42,10:19:34,68.62,200,68.64,300,68.6261,150
6483,0.36,0.14,0.22,23.74000000000001,10:20:23,68.64,100,68.65,300,68.6434,200
6536,34.309999999999995,34.08,0.23,0.0,10:21:00,68.64,100,68.66,300,68.6485,250
6580,0.44,0.19,0.25,21.949999999999996,10:21:21,68.63,100,68.66,200,68.6473,100
6661,0.75,0.27,0.48,30.350000000000005,10:22:30,68.64,100,68.66,500,68.6502,200
6677,0.47000000000000003,0.08,0.39,39.77000000000001,10:22:39,68.64,100,68.67,300,68.643,100
6757,0.43,0.21,0.22,14.160000000000002,10:23:14,68.61,100,68.63,400,68.611,100
6793,0.41000000000000003,0.17,0.24,28.260000000000005,10:23:28,68.55,200,68.58,300,68.5871,100
6870,0.31,0.08,0.23,6.95,10:24:06,68.48,300,68.51,400,68.491,900
6879,0.57,0.21,0.36,15.56,10:24:15,68.46,100,68.48,300,68.47399999999999,101
6883,0.43000000000000005,0.2,0.23,17.25,10:24:17,68.46,200,68.48,300,68.461,1000
6930,0.44999999999999996,0.21,0.24,37.20000000000001,10:24:37,68.48,400,68.51,200,68.4974,500
6939,0.48,0.19,0.29,41.37000000000001,10:24:41,68.48,300,68.5,300,68.4861,609
6961,0.45000000000000007,0.17,0.28,0.0,10:25:00,68.47,100,68.49,300,68.4899,100
6996,0.37,0.08,0.29,23.69,10:25:23,68.5,200,68.52,100,68.5112,400
7048,0.48,0.12,0.36,47.98999999999998,10:25:47,68.49,200,68.52,100,68.5058,105
7093,0.55,0.23,0.32,9.100000000000001,10:26:09,68.46,200,68.49,200,68.4789,600
7185,37.42,37.15,0.27,0.0,10:27:00,68.48,100,68.5,400,68.4872,1100
7228,0.27,0.07,0.2,14.980000000000002,10:27:14,68.5,1000,68.52,400,68.5171,1000
7242,0.39,0.14,0.25,21.160000000000004,10:27:21,68.5,1100,68.51,100,68.5053,100
7291,0.38,0.21,0.17,16.15,10:28:16,68.51,100,68.53,200,68.525,100
7318,0.31,0.12,0.19,25.979999999999997,10:28:25,68.51,100,68.53,400,68.51100000000001,100
7381,0.38,0.17,0.21,48.3,10:28:48,68.52,200,68.53,400,68.521,335
7489,0.43000000000000005,0.23,0.2,31.960000000000008,10:29:31,68.52,500,68.55,300,68.5222,500
7500,0.6,0.25,0.35,36.300000000000004,10:29:36,68.53,200,68.55,500,68.5387,200
7572,0.46,0.14,0.32,1.01,10:30:01,68.53,400,68.54,500,68.535,200
7579,0.27,0.07,0.2,3.99,10:30:03,68.53,100,68.55,200,68.5368,425
7620,0.43,0.21,0.22,28.150000000000002,10:30:28,68.53,300,68.54,300,68.5344,250
7806,0.32,0.15,0.17,0.56,10:33:00,68.47,100,68.52,200,68.485,100
7880,0.26,0.07,0.19,28.700000000000017,10:33:28,68.47,200,68.5,200,68.4796,100
7886,0.35,0.19,0.16,30.610000000000017,10:33:30,68.47,200,68.5,300,68.483,400
7893,0.25,0.08,0.17,32.820000000000014,10:33:32,68.47,200,68.5,300,68.4951,2000
7919,0.34,0.08,0.26,40.85000000000002,10:33:40,68.44,200,68.47,200,68.4403,5000
7929,0.31,0.07,0.24,45.02000000000002,10:33:45,68.42,100,68.44,400,68.434,400
7959,0.5900000000000001,0.26,0.33,11.39,10:34:11,68.41,400,68.42,100,68.411,150
8084,0.78,0.28,0.5,8.57,10:35:08,68.42,200,68.44,1000,68.4313,100
8148,0.59,0.08,0.51,0.0,10:36:00,68.47,200,68.49,200,68.4742,506
8180,0.63,0.08,0.55,24.420000000000005,10:36:24,68.45,100,68.49,400,68.4508,100
8203,0.58,0.09,0.49,37.839999999999996,10:36:37,68.45,100,68.48,100,68.4599,500
8316,0.7699999999999999,0.08,0.69,55.91000000000004,10:37:55,68.44,100,68.47,300,68.4571,675
8327,0.58,0.17,0.41,0.0,10:38:00,68.44,400,68.47,300,68.455,500
8340,2.96,2.43,0.53,10.16,10:38:10,68.45,100,68.5,100,68.475,300
8384,0.61,0.21,0.4,38.78,10:38:38,68.49,200,68.5,300,68.4946,363
8458,0.76,0.14,0.62,39.89,10:39:39,68.49,100,68.51,300,68.4988,150
8580,2.0,1.43,0.57,4.44,10:41:04,68.52,100,68.55,400,68.52600000000001,100
8666,0.64,0.27,0.37,3.4000000000000004,10:42:03,68.48,100,68.52,300,68.4944,1100
8712,0.46,0.08,0.38,36.29,10:42:36,68.45,200,68.48,500,68.465,300
8808,0.46,0.08,0.38,37.46,10:43:37,68.46,300,68.48,400,68.468,200
8820,0.79,0.12,0.67,45.850000000000016,10:43:45,68.47,6200,68.49,1000,68.482,415
8838,0.5900000000000001,0.07,0.52,2.0,10:44:02,68.39,100,68.43,300,68.39,200
8841,0.56,0.07,0.49,3.77,10:44:03,68.39,300,68.44,200,68.415,500
8863,0.6399999999999999,0.07,0.57,20.16,10:44:20,68.4,300,68.44,300,68.4155,200
8916,0.5800000000000001,0.18,0.4,52.14000000000002,10:44:52,68.41,200,68.43,300,68.417,103
8943,1.17,0.63,0.54,10.75,10:45:10,68.42,300,68.46,300,68.4366,300
8996,0.58,0.08,0.5,46.16,10:45:46,68.47,300,68.49,900,68.484,300
9009,0.77,0.22,0.55,54.17000000000001,10:45:54,68.49,200,68.5,500,68.4999,103
9060,0.76,0.17,0.59,25.99,10:46:25,68.46,100,68.47,100,68.45100000000001,1000
9071,0.6,0.08,0.52,33.589999999999996,10:46:33,68.47,400,68.5,100,68.4787,109
9092,0.59,0.18,0.41,47.84000000000001,10:46:47,68.47,500,68.5,100,68.4871,100
9105,0.76,0.32,0.44,0.0,10:47:00,68.49,300,68.5,300,68.4954,100
9172,0.7999999999999999,0.23,0.57,47.82999999999999,10:47:47,68.44,200,68.46,200,68.4497,200
9209,0.58,0.08,0.5,20.379999999999995,10:48:20,68.46,200,68.5,300,68.4869,200
9279,0.43999999999999995,0.09,0.35,0.0,10:49:00,68.5,300,68.51,100,68.5013,250
9332,0.7699999999999999,0.08,0.69,33.77000000000001,10:49:33,68.45,200,68.47,200,68.4635,200
9373,0.77,0.19,0.58,4.01,10:50:04,68.41,200,68.45,200,68.4233,300
9381,3.3899999999999997,2.88,0.51,11.989999999999998,10:50:11,68.43,100,68.46,200,68.4498,1500
9405,0.58,0.17,0.41,29.77000000000001,10:50:29,68.4,700,68.42,100,68.4281,1300
9463,0.61,0.24,0.37,2.22,10:51:02,68.37,300,68.42,400,68.3981,1000
9467,0.63,0.17,0.46,6.449999999999999,10:51:06,68.37,300,68.42,400,68.395,100
9481,0.6,0.21,0.39,22.010000000000005,10:51:22,68.36,200,68.4,200,68.381,100
9503,0.6000000000000001,0.07,0.53,36.13000000000002,10:51:36,68.36,200,68.4,300,68.388,1000
9510,0.61,0.21,0.4,40.380000000000024,10:51:40,68.36,200,68.4,300,68.3733,100
9535,0.6,0.09,0.51,56.13000000000003,10:51:56,68.36,300,68.39,300,68.3732,1000
9544,0.6,0.08,0.52,0.0,10:52:00,68.36,200,68.38,200,68.37,100
9552,0.75,0.28,0.47,5.21,10:52:05,68.36,300,68.39,300,68.375,600
9559,0.76,0.07,0.69,17.61,10:52:17,68.36,800,68.39,400,68.37100000000001,500
9560,0.61,0.08,0.53,18.22,10:52:18,68.38,300,68.39,200,68.385,100
9570,0.75,0.23,0.52,24.600000000000005,10:52:24,68.39,300,68.43,200,68.4124,200
9597,0.79,0.17,0.62,42.81,10:52:42,68.38,400,68.4,200,68.3909,100
9605,0.59,0.08,0.51,48.03000000000001,10:52:48,68.26,300,68.31,100,68.26,100
9609,0.59,0.08,0.51,50.43000000000002,10:52:50,68.24,100,68.28,100,68.25,200
9617,0.44,0.07,0.37,56.06000000000003,10:52:56,68.28,200,68.3,500,68.28,100
9620,0.58,0.23,0.35,57.650000000000034,10:52:57,68.29,8900,68.3,100,68.3,400
9621,0.5700000000000001,0.13,0.44,0.0,10:53:00,68.31,100,68.34,300,68.34,126
9649,0.5700000000000001,0.07,0.5,21.789999999999996,10:53:21,68.33,100,68.35,200,68.3301,100
9657,0.5800000000000001,0.07,0.51,26.00999999999999,10:53:26,68.33,100,68.35,300,68.33,100
9686,0.62,0.29,0.33,42.03999999999999,10:53:42,68.33,300,68.35,300,68.3384,100
9721,0.56,0.07,0.49,0.0,10:54:00,68.34,200,68.37,200,68.355,100
9735,2.1799999999999997,1.65,0.53,10.8,10:54:10,68.35,100,68.37,300,68.3542,171
9741,0.63,0.22,0.41,14.030000000000001,10:54:14,68.31,100,68.35,200,68.32,100
9756,118.97,118.36,0.61,0.0,10:56:00,68.3,500,68.32,200,68.31,100
9769,0.79,0.23,0.56,8.86,10:56:08,68.23,200,68.25,200,68.23100000000001,100
9774,0.63,0.19,0.44,12.29,10:56:12,68.16,100,68.2,200,68.18,274
9777,0.75,0.21,0.54,14.42,10:56:14,68.17,200,68.23,200,68.17,300
9784,0.64,0.18,0.46,18.87,10:56:18,68.17,200,68.23,300,68.2,200
9794,0.6,0.08,0.52,25.640000000000004,10:56:25,68.17,300,68.22,200,68.1705,500
9795,0.46,0.07,0.39,26.100000000000005,10:56:26,68.17,700,68.22,200,68.21,100
9799,0.6100000000000001,0.07,0.54,28.860000000000007,10:56:28,68.17,600,68.22,200,68.1708,100
9809,0.6100000000000001,0.07,0.54,0.0,10:57:00,68.19,200,68.23,200,68.19,107
9820,5.77,5.27,0.5,11.36,10:57:11,68.19,700,68.23,200,68.22,100
9846,0.43000000000000005,0.09,0.34,29.190000000000005,10:57:29,68.16,100,68.2,200,68.16,100
9865,0.45,0.07,0.38,39.550000000000004,10:57:39,68.15,200,68.19,200,68.16199999999999,500
9868,0.5900000000000001,0.07,0.52,41.35000000000001,10:57:41,68.15,200,68.19,200,68.1644,1000
9875,0.61,0.17,0.44,45.52000000000001,10:57:45,68.15,200,68.19,300,68.1714,1000
9879,0.59,0.15,0.44,47.740000000000016,10:57:47,68.15,300,68.19,300,68.15,100
9893,0.44,0.07,0.37,55.360000000000014,10:57:55,68.1,200,68.13,200,68.1077,400
9897,0.6,0.08,0.52,57.76000000000002,10:57:57,68.1,100,68.13,200,68.1,100
9902,0.61,0.15,0.46,0.0,10:58:00,68.11,200,68.12,200,68.1038,1985
9904,0.66,0.2,0.46,1.25,10:58:01,68.11,200,68.13,600,68.13,500
9910,0.62,0.23,0.39,4.84,10:58:04,68.11,200,68.13,600,68.11,100
9913,0.62,0.18,0.44,9.03,10:58:09,68.11,200,68.13,600,68.1184,6000
9916,0.43999999999999995,0.09,0.35,10.659999999999998,10:58:10,68.14,200,68.18,300,68.145,1000
9919,1.4,0.93,0.47,13.2,10:58:13,68.14,300,68.18,300,68.1625,500
9924,0.44,0.14,0.3,16.66,10:58:16,68.14,400,68.18,300,68.1586,898
9945,0.6000000000000001,0.27,0.33,30.82,10:58:30,68.11,200,68.15,100,68.1301,200
9955,0.61,0.18,0.43,36.43000000000001,10:58:36,68.12,100,68.15,100,68.14,100
9959,0.5800000000000001,0.07,0.51,38.80000000000001,10:58:38,68.12,100,68.15,300,68.12,500
9963,0.5700000000000001,0.17,0.4,40.82000000000001,10:58:40,68.12,100,68.15,100,68.1423,500
9972,0.6100000000000001,0.27,0.34,46.63000000000001,10:58:46,68.12,100,68.16,100,68.1252,300
9979,0.59,0.08,0.51,50.81000000000002,10:58:50,68.12,200,68.16,200,68.1434,1000
10018,2.77,2.34,0.43,19.8,10:59:19,68.13,300,68.18,300,68.155,500
10044,0.57,0.21,0.36,35.19000000000001,10:59:35,68.22,100,68.24,200,68.23,100
10057,0.5700000000000001,0.07,0.5,42.15000000000002,10:59:42,68.23,300,68.26,200,68.245,100
10075,0.6,0.23,0.37,52.37000000000003,10:59:52,68.21,100,68.25,400,68.249,100
10101,2.83,2.32,0.51,13.209999999999999,11:00:13,68.2,300,68.23,300,68.215,200
10131,0.78,0.2,0.58,30.559999999999995,11:00:30,68.21,200,68.24,200,68.225,300
10133,0.6000000000000001,0.14,0.46,31.759999999999998,11:00:31,68.21,200,68.24,200,68.2191,200
10141,0.59,0.09,0.5,36.56000000000001,11:00:36,68.19,200,68.23,200,68.2299,100
10206,0.58,0.23,0.35,29.40000000000001,11:01:29,68.14,300,68.16,100,68.141,100
10253,0.44,0.08,0.36,55.4,11:01:55,68.15,600,68.2,300,68.175,200
10257,0.76,0.07,0.69,0.76,11:04:00,68.19,100,68.21,100,68.2043,500
10282,0.7999999999999999,0.08,0.72,18.53,11:04:18,68.19,100,68.22,200,68.2064,200
10287,0.75,0.22,0.53,22.11,11:04:22,68.18,100,68.21,200,68.205,100
10385,0.57,0.08,0.49,43.58000000000002,11:05:43,68.17,1400,68.19,100,68.176,100
10492,0.43,0.12,0.31,49.99999999999999,11:06:49,68.16,300,68.19,300,68.1769,100
10503,0.6,0.22,0.38,56.199999999999996,11:06:56,68.18,200,68.23,300,68.2018,342
10522,0.43,0.07,0.36,4.41,11:07:04,68.19,300,68.23,400,68.2126,100
10535,0.56,0.12,0.44,16.2,11:07:16,68.2,300,68.23,300,68.227,100
10551,0.59,0.22,0.37,25.030000000000005,11:07:25,68.22,500,68.25,300,68.2366,1000
10557,0.43000000000000005,0.09,0.34,28.03,11:07:28,68.22,600,68.25,200,68.2371,110
10605,0.5700000000000001,0.07,0.5,0.0,11:08:00,68.18,100,68.19,100,68.185,100
10620,0.58,0.08,0.5,13.809999999999999,11:08:13,68.22,200,68.23,200,68.2201,300
10748,0.56,0.06,0.5,38.16000000000001,11:09:38,68.19,200,68.21,300,68.2066,969
10774,0.44,0.07,0.37,52.19000000000001,11:09:52,68.21,300,68.22,100,68.2141,250
10800,0.61,0.17,0.44,14.03,11:10:14,68.22,300,68.25,300,68.235,100
10809,0.61,0.18,0.43,20.020000000000003,11:10:20,68.22,300,68.25,200,68.2425,200
10827,0.57,0.09,0.48,29.81,11:10:29,68.24,500,68.27,200,68.2428,250
10852,0.75,0.09,0.66,45.97000000000002,11:10:45,68.25,400,68.27,100,68.265,300
10855,0.59,0.17,0.42,47.590000000000025,11:10:47,68.25,400,68.27,100,68.27,248
10898,0.5700000000000001,0.12,0.45,20.38,11:11:20,68.27,300,68.28,200,68.271,200
10937,0.5900000000000001,0.27,0.32,41.82000000000002,11:11:41,68.27,800,68.3,200,68.2875,100
10940,0.78,0.25,0.53,43.810000000000024,11:11:43,68.27,700,68.3,600,68.285,1200
10978,0.56,0.07,0.49,4.37,11:12:04,68.29,100,68.3,1700,68.29,100
10988,0.64,0.23,0.41,18.22,11:12:18,68.29,500,68.3,300,68.295,400
11002,0.7699999999999999,0.08,0.69,26.789999999999996,11:12:26,68.34,400,68.35,300,68.345,25000
11041,0.74,0.21,0.53,0.0,11:13:00,68.38,400,68.39,200,68.3801,100
11053,0.62,0.08,0.54,8.040000000000001,11:13:08,68.38,500,68.39,200,68.3836,835
11062,0.78,0.15,0.63,17.82,11:13:17,68.39,400,68.41,100,68.405,100
11090,0.61,0.15,0.46,38.04000000000001,11:13:38,68.44,200,68.46,200,68.4375,300
11112,0.58,0.09,0.49,51.78000000000001,11:13:51,68.45,700,68.47,500,68.4686,100
11201,108.41,107.97,0.44,0.0,11:16:00,68.44,200,68.46,200,68.446,400
11279,0.61,0.24,0.37,34.22,11:17:34,68.44,200,68.46,300,68.4464,300
11394,0.5900000000000001,0.07,0.52,50.360000000000014,11:18:50,68.45,200,68.49,200,68.46300000000001,100
11438,0.95,0.07,0.88,16.79,11:19:16,68.44,300,68.46,200,68.4534,100
11452,0.79,0.19,0.6,26.389999999999993,11:19:26,68.47,300,68.48,200,68.4766,200
11458,0.58,0.22,0.36,30.029999999999994,11:19:30,68.49,200,68.5,200,68.4943,100
11493,0.61,0.13,0.48,0.0,11:20:00,68.43,100,68.47,200,68.425,200
11527,0.78,0.2,0.58,29.74,11:20:29,68.46,200,68.47,100,68.4698,100
11536,0.6100000000000001,0.27,0.34,35.98,11:20:35,68.47,200,68.5,300,68.4864,100
11591,0.5900000000000001,0.25,0.34,19.8,11:21:19,68.43,100,68.47,100,68.4568,110
11724,0.6,0.08,0.52,49.85999999999999,11:22:49,68.51,300,68.53,300,68.5297,300
11752,2.58,1.99,0.59,13.43,11:23:13,68.51,300,68.54,100,68.5265,160
11756,0.82,0.23,0.59,16.43,11:23:16,68.51,500,68.54,300,68.5264,300
11788,0.78,0.18,0.6,40.37000000000001,11:23:40,68.51,300,68.54,200,68.513,200
11862,0.6,0.18,0.42,35.820000000000014,11:24:35,68.51,100,68.52,100,68.5157,102
11882,0.57,0.08,0.49,47.82000000000003,11:24:47,68.52,300,68.55,200,68.5352,100
11983,0.75,0.08,0.67,0.0,11:26:00,68.47,300,68.51,200,68.5033,100
12035,30.98,30.48,0.5,0.0,11:27:00,68.52,300,68.55,300,68.5418,150
12052,0.64,0.17,0.47,10.360000000000001,11:27:10,68.46,400,68.49,200,68.4696,108
12081,0.5900000000000001,0.07,0.52,11.8,11:29:11,68.43,200,68.46,200,68.437,1000
12096,0.62,0.12,0.5,27.78,11:29:27,68.44,300,68.46,100,68.4493,200
12113,0.6499999999999999,0.18,0.47,39.58,11:29:39,68.43,100,68.44,300,68.435,100
12230,0.58,0.08,0.5,21.73,11:31:21,68.45,100,68.46,300,68.4575,100
12379,0.79,0.26,0.53,7.970000000000001,11:33:07,68.44,100,68.45,200,68.441,400
12517,0.62,0.14,0.48,37.59000000000001,11:34:37,68.43,100,68.44,100,68.4301,200
12676,0.57,0.08,0.49,38.56,11:37:38,68.46,300,68.47,1100,68.4631,341
12691,0.59,0.17,0.42,46.80999999999998,11:37:46,68.47,300,68.48,100,68.4775,400
12719,1.99,1.45,0.54,11.840000000000002,11:38:11,68.5,400,68.52,1000,68.5132,360
12735,0.77,0.17,0.6,28.200000000000006,11:38:28,68.5,400,68.52,1000,68.5136,300
12744,0.64,0.18,0.46,34.06,11:38:34,68.5,400,68.52,1000,68.501,200
12751,0.8,0.37,0.43,38.85,11:38:38,68.5,500,68.52,1000,68.5091,150
12759,0.58,0.09,0.49,43.830000000000005,11:38:43,68.5,700,68.52,1000,68.5001,1000
12866,0.75,0.07,0.68,54.40000000000003,11:41:54,68.45,1300,68.48,200,68.4601,500
13040,0.25,0.08,0.17,4.4399999999999995,11:43:04,68.46,200,68.47,300,68.4622,637
13066,0.28,0.07,0.21,21.61,11:43:21,68.45,200,68.48,200,68.4643,1000
13123,0.33,0.13,0.2,43.730000000000025,11:43:43,68.46,200,68.48,200,68.4693,300
13176,0.34,0.17,0.17,10.840000000000002,11:45:10,68.38,200,68.41,300,68.3898,400
13258,0.26,0.08,0.18,36.63999999999999,11:45:36,68.4,200,68.41,300,68.4043,100
13259,0.32,0.14,0.18,36.959999999999994,11:45:36,68.4,100,68.41,300,68.407,179
13293,0.28,0.12,0.16,4.73,11:46:04,68.39,200,68.41,200,68.3953,200
13321,0.28,0.07,0.21,23.75,11:46:23,68.4,100,68.41,200,68.4093,100
13387,0.26,0.07,0.19,46.1,11:46:46,68.39,100,68.41,400,68.39699999999999,200
13429,0.29,0.08,0.21,1.1400000000000001,11:47:01,68.39,200,68.41,500,68.3964,200
13553,0.31,0.13,0.18,48.05000000000001,11:47:48,68.39,200,68.42,300,68.4068,500
13646,0.29000000000000004,0.07,0.22,29.659999999999993,11:48:29,68.37,1700,68.41,300,68.3975,100
13708,0.26,0.08,0.18,49.71999999999996,11:48:49,68.39,400,68.41,300,68.4003,200
13720,0.25,0.08,0.17,53.63999999999997,11:48:53,68.4,200,68.41,200,68.4012,200
13750,4.08,3.82,0.26,9.4,11:49:09,68.42,300,68.44,1000,68.4253,800
13755,3.58,3.4,0.18,18.990000000000002,11:49:18,68.42,200,68.44,900,68.4368,100
14275,0.43,0.24,0.19,32.01000000000002,11:52:32,68.39,1100,68.41,300,68.4045,100
14563,0.27,0.07,0.2,19.949999999999996,11:54:19,68.33,4100,68.35,400,68.357,150
14619,0.29,0.08,0.21,37.82000000000001,11:54:37,68.3,200,68.34,200,68.304,108
14662,0.26,0.08,0.18,0.0,11:55:00,68.3,800,68.34,300,68.30199999999999,140
14690,0.5,0.25,0.25,18.44,11:55:18,68.3,500,68.31,100,68.305,100
14700,0.37,0.17,0.2,21.870000000000008,11:55:21,68.3,200,68.32,200,68.315,1000
14748,0.32,0.09,0.23,40.02000000000001,11:55:40,68.32,300,68.35,100,68.3318,100
14870,0.39,0.21,0.18,30.060000000000006,11:56:30,68.31,400,68.33,200,68.3226,834
14900,0.39,0.23,0.16,40.200000000000024,11:56:40,68.33,100,68.34,200,68.3287,1000
14955,0.39,0.21,0.18,0.0,11:57:00,68.3,200,68.33,200,68.3282,500
15015,0.52,0.21,0.31,28.209999999999997,11:57:28,68.29,200,68.31,300,68.2902,300
15083,0.37,0.17,0.2,52.16000000000002,11:57:52,68.32,200,68.35,200,68.34899999999999,297
15100,0.31,0.13,0.18,57.87000000000003,11:57:57,68.32,200,68.35,100,68.3296,175
15109,5.33,5.14,0.19,0.0,11:58:00,68.32,100,68.35,300,68.321,100
15117,3.58,3.32,0.26,7.95,11:58:07,68.32,100,68.35,400,68.32300000000001,100
15381,0.27,0.08,0.19,53.57999999999999,11:59:53,68.35,200,68.38,300,68.3546,105
15428,0.45,0.26,0.19,0.0,12:00:00,68.32,200,68.35,100,68.335,100
15443,0.8400000000000001,0.52,0.32,7.869999999999999,12:00:07,68.32,200,68.35,200,68.3221,270
15520,0.37,0.2,0.17,32.93999999999999,12:00:32,68.37,100,68.38,100,68.3734,1000
15605,0.26,0.07,0.19,23.820000000000004,12:01:23,68.4,200,68.41,200,68.4011,2360
15944,0.28,0.08,0.2,12.88,12:03:12,68.4,300,68.41,100,68.4018,300
16086,0.44,0.21,0.23,30.070000000000007,12:04:30,68.37,500,68.4,300,68.3986,100
16345,0.24000000000000002,0.07,0.17,0.0,12:06:00,68.46,300,68.48,200,68.4636,100
16362,3.7199999999999998,3.4,0.32,11.25,12:06:11,68.47,200,68.48,600,68.4749,158
16496,0.26,0.07,0.19,1.6099999999999999,12:07:01,68.45,300,68.49,300,68.4778,500
16562,0.39,0.2,0.19,33.940000000000005,12:07:33,68.44,100,68.46,200,68.4593,532
16742,0.39,0.17,0.22,37.980000000000004,12:08:37,68.47,200,68.48,100,68.4718,100
16760,0.61,0.26,0.35,44.41000000000001,12:08:44,68.49,300,68.5,100,68.4918,400
16770,0.45999999999999996,0.21,0.25,48.05000000000001,12:08:48,68.49,200,68.5,100,68.4926,100
17010,0.26,0.07,0.19,21.959999999999994,12:10:21,68.44,300,68.47,100,68.4553,100
17075,0.37,0.21,0.16,42.07999999999998,12:10:42,68.46,200,68.48,100,68.479,100
17108,0.33999999999999997,0.18,0.16,52.04999999999998,12:10:52,68.43,100,68.45,400,68.4333,150
17219,0.31000000000000005,0.14,0.17,30.130000000000006,12:11:30,68.39,100,68.41,300,68.3817,200
17264,0.4,0.24,0.16,44.05000000000002,12:11:44,68.39,400,68.41,200,68.3969,200
17646,0.3,0.09,0.21,5.87,12:14:05,68.36,300,68.37,100,68.3675,100
18070,0.23,0.07,0.16,1.94,12:17:01,68.35,100,68.37,100,68.3591,125
18075,0.30000000000000004,0.14,0.16,6.15,12:17:06,68.35,400,68.36,300,68.3575,100
18524,0.4,0.21,0.19,42.24999999999999,12:19:42,68.35,400,68.36,300,68.3557,500
18634,0.4,0.21,0.19,32.10000000000001,12:20:32,68.42,200,68.44,100,68.4399,293
18941,0.28,0.07,0.21,35.629999999999995,12:22:35,68.4,300,68.43,100,68.4032,100
19158,0.32999999999999996,0.09,0.24,0.0,12:24:00,68.38,200,68.4,300,68.3888,1000
19336,0.42000000000000004,0.15,0.27,7.469999999999999,12:25:07,68.37,100,68.39,200,68.3763,200
19421,0.47,0.23,0.24,39.31999999999999,12:25:39,68.37,200,68.39,100,68.3782,1000
19764,1.7,1.5,0.2,21.74,12:28:21,68.39,100,68.4,100,68.3948,100
20058,1.21,0.99,0.22,7.8500000000000005,12:30:07,68.4,200,68.42,100,68.4199,122
20135,0.29000000000000004,0.1,0.19,39.80000000000001,12:30:39,68.41,200,68.43,200,68.4212,200
20158,0.49,0.24,0.25,48.21000000000001,12:30:48,68.41,100,68.43,200,68.4268,100
20228,0.24,0.08,0.16,16.029999999999998,12:31:16,68.43,200,68.44,100,68.4343,175
20495,0.33,0.13,0.2,0.0,12:33:00,68.44,100,68.46,200,68.4525,100
20592,0.28,0.09,0.19,40.12,12:33:40,68.37,300,68.4,400,68.3765,100
20955,0.30000000000000004,0.14,0.16,55.96999999999998,12:35:55,68.34,300,68.36,300,68.3534,125
21029,0.30000000000000004,0.13,0.17,17.700000000000006,12:36:17,68.34,100,68.36,300,68.3475,100
21187,0.36,0.15,0.21,15.910000000000002,12:37:15,68.28,300,68.29,300,68.2775,100
21208,0.39,0.18,0.21,23.710000000000008,12:37:23,68.28,100,68.29,500,68.289,100
21236,0.36,0.16,0.2,33.65000000000002,12:37:33,68.26,1600,68.27,300,68.266,220
21325,0.6100000000000001,0.27,0.34,20.24,12:38:20,68.25,800,68.27,400,68.2604,100
21470,0.24,0.08,0.16,18.990000000000002,12:39:18,68.16,200,68.17,100,68.165,100
21512,2.1999999999999997,1.89,0.31,13.97,12:40:13,68.19,800,68.21,300,68.1922,200
21515,0.25,0.08,0.17,18.03,12:40:18,68.19,1000,68.2,100,68.195,100
21631,0.27,0.07,0.2,53.85999999999999,12:40:53,68.17,600,68.19,400,68.1739,800
21713,0.43,0.25,0.18,34.25,12:41:34,68.17,900,68.19,400,68.1809,400
21811,0.39,0.22,0.17,8.7,12:44:08,68.19,200,68.21,100,68.1963,400
21856,0.31,0.13,0.18,22.80000000000001,12:44:22,68.2,500,68.23,200,68.2189,500
21893,4.58,4.3,0.28,11.02,12:45:11,68.24,100,68.25,200,68.24,100
21894,3.36,3.13,0.23,14.379999999999999,12:45:14,68.23,400,68.25,100,68.2391,151
21914,0.28,0.07,0.21,23.850000000000005,12:45:23,68.23,400,68.26,200,68.2468,1000
22009,0.45999999999999996,0.24,0.22,56.120000000000005,12:45:56,68.21,200,68.23,300,68.229,585
22019,0.36000000000000004,0.08,0.28,0.0,12:46:00,68.21,100,68.22,100,68.2168,100
22027,0.87,0.6,0.27,7.04,12:46:07,68.21,200,68.23,400,68.2228,835
22032,0.7,0.38,0.32,12.0,12:46:12,68.19,100,68.21,300,68.1902,105
22037,0.28,0.08,0.2,13.969999999999999,12:46:13,68.19,100,68.21,300,68.2022,1500
22153,0.37,0.17,0.2,58.070000000000014,12:46:58,68.17,300,68.19,100,68.1766,1000
22189,0.23,0.07,0.16,16.63,12:47:16,68.17,3800,68.19,300,68.1763,200
22199,0.38,0.21,0.17,22.069999999999997,12:47:22,68.17,1000,68.18,300,68.1901,100
22279,0.4,0.21,0.19,48.230000000000025,12:47:48,68.19,200,68.22,200,68.2002,500
22355,1.77,1.54,0.23,16.96,12:48:16,68.19,200,68.21,400,68.1975,100
22603,0.43,0.24,0.19,51.96000000000001,12:49:51,68.15,1100,68.16,500,68.15100000000001,100
22620,0.29,0.08,0.21,2.15,12:50:02,68.15,1100,68.16,500,68.153,186
22742,0.33999999999999997,0.16,0.18,54.02000000000003,12:50:54,68.18,300,68.2,200,68.1946,293
22783,1.29,1.09,0.2,3.24,12:51:03,68.18,400,68.2,400,68.1909,100
22789,0.25,0.07,0.18,4.99,12:51:04,68.18,400,68.2,300,68.1835,300
22825,0.23,0.07,0.16,19.089999999999996,12:51:19,68.2,100,68.21,200,68.2075,100
22859,0.31,0.15,0.16,29.16999999999999,12:51:29,68.18,400,68.19,400,68.1801,100
22946,0.23,0.07,0.16,0.0,12:52:00,68.15,400,68.18,200,68.1664,100
22966,0.55,0.24,0.31,8.270000000000001,12:52:08,68.16,200,68.18,300,68.1745,500
22973,0.24,0.08,0.16,14.100000000000001,12:52:14,68.15,300,68.18,300,68.1648,200
23037,0.37,0.21,0.16,36.269999999999996,12:52:36,68.14,300,68.17,200,68.1502,700
23376,0.44999999999999996,0.21,0.24,42.85000000000003,12:54:42,68.14,300,68.16,200,68.1492,300
23501,0.36,0.19,0.17,41.22000000000001,12:55:41,68.19,400,68.2,100,68.191,250
23528,0.24000000000000002,0.07,0.17,49.12000000000003,12:55:49,68.2,100,68.21,100,68.2034,350
23615,0.36,0.18,0.18,29.979999999999993,12:56:29,68.2,200,68.21,100,68.20100000000001,250
23708,0.25,0.07,0.18,0.0,12:57:00,68.2,300,68.21,300,68.2099,423
23714,3.21,2.87,0.34,4.89,12:57:04,68.21,600,68.22,100,68.2175,100
23718,3.7,3.41,0.29,11.69,12:57:11,68.21,600,68.22,100,68.2101,1350
23872,0.25,0.09,0.16,0.0,12:58:00,68.2,200,68.21,100,68.2033,200
23999,0.26,0.08,0.18,43.92999999999994,12:58:43,68.2,100,68.21,100,68.2044,500
24005,0.24000000000000002,0.07,0.17,45.83999999999995,12:58:45,68.19,500,68.21,200,68.2092,200
24139,0.39,0.23,0.16,14.860000000000001,13:01:14,68.19,100,68.21,200,68.1905,1000
24152,0.37,0.21,0.16,21.84,13:01:21,68.19,200,68.21,200,68.2009,100
24399,0.4,0.24,0.16,50.32999999999998,13:02:50,68.18,200,68.2,300,68.1887,200
24453,0.53,0.26,0.27,14.199999999999998,13:03:14,68.17,500,68.2,300,68.1836,100
24518,0.45999999999999996,0.25,0.21,38.269999999999996,13:03:38,68.25,300,68.27,300,68.2613,100
24557,0.4,0.2,0.2,50.18,13:03:50,68.25,300,68.27,300,68.25399999999999,700
24692,0.26,0.08,0.18,24.990000000000002,13:04:24,68.26,200,68.28,200,68.2681,100
24698,0.35,0.17,0.18,26.960000000000004,13:04:26,68.26,200,68.28,200,68.279,100
24784,0.37,0.2,0.17,15.48,13:05:15,68.24,200,68.26,400,68.2401,259
25098,0.31,0.07,0.24,18.059999999999995,13:10:18,68.17,200,68.18,200,68.17699999999999,2363
25145,0.25,0.07,0.18,34.01999999999999,13:10:34,68.17,500,68.19,200,68.1722,315
25248,0.31,0.07,0.24,11.639999999999999,13:11:11,68.15,100,68.17,300,68.1591,105
25352,0.34,0.07,0.27,11.77,13:12:11,68.12,100,68.13,300,68.125,200
25389,0.28,0.07,0.21,31.630000000000006,13:12:31,68.13,300,68.14,300,68.135,100
25449,0.58,0.09,0.49,55.94000000000001,13:12:55,68.13,400,68.14,300,68.1333,300
25484,0.59,0.24,0.35,5.82,13:13:05,68.11,200,68.12,600,68.1199,200
25495,0.62,0.22,0.4,11.849999999999998,13:13:11,68.12,600,68.13,300,68.115,100
25515,0.6,0.29,0.31,23.43,13:13:23,67.93,200,67.97,200,67.9792,100
25519,0.76,0.35,0.41,25.81,13:13:25,67.94,100,67.96,200,67.96,100
25522,0.5900000000000001,0.07,0.52,27.62,13:13:27,67.99,400,68.0,100,68.0,100
25535,0.61,0.15,0.46,35.82,13:13:35,67.99,400,68.01,100,67.9923,100
25542,0.6000000000000001,0.14,0.46,39.81,13:13:39,67.99,400,68.01,100,67.99,100
25556,0.5900000000000001,0.07,0.52,7.809999999999999,13:14:07,67.99,1000,68.01,200,68.02,221
25557,1.78,1.44,0.34,9.589999999999998,13:14:09,67.99,1000,68.01,200,68.0099,100
25631,0.44,0.08,0.36,55.59,13:14:55,67.99,800,68.01,300,68.0012,255
25666,0.6300000000000001,0.07,0.56,22.16,13:15:22,67.98,600,68.0,400,67.98,100
25716,0.83,0.23,0.6,54.17,13:15:54,67.99,200,68.0,400,67.995,500
25725,0.6599999999999999,0.08,0.58,0.0,13:16:00,67.99,300,68.0,300,67.9979,300
25741,3.98,3.44,0.54,21.169999999999998,13:16:21,67.99,300,68.0,300,67.9932,125
25742,0.64,0.08,0.56,21.81,13:16:21,67.99,300,68.0,300,67.9952,225
25800,0.59,0.15,0.44,56.87000000000002,13:16:56,67.99,300,68.01,300,68.0073,8114
25817,2.8299999999999996,2.26,0.57,11.86,13:17:11,67.95,600,67.96,500,67.9539,800
25835,0.54,0.08,0.46,23.2,13:17:23,67.93,200,67.95,500,67.95,100
25845,0.42000000000000004,0.14,0.28,28.220000000000002,13:17:28,67.94,200,67.95,200,67.94,100
25860,0.6000000000000001,0.07,0.53,36.06000000000001,13:17:36,67.91,100,67.93,100,67.9198,200
25871,0.44,0.07,0.37,42.24000000000001,13:17:42,67.91,100,67.93,200,67.93,100
25874,0.5700000000000001,0.07,0.5,43.98000000000001,13:17:43,67.91,100,67.93,200,67.925,2000
25887,0.5800000000000001,0.27,0.31,51.40000000000002,13:17:51,67.91,300,67.93,400,67.9299,127
25898,0.6000000000000001,0.07,0.53,0.0,13:18:00,67.92,100,67.93,100,67.92,100
25904,3.24,2.6,0.64,11.02,13:18:11,67.93,500,67.96,200,67.9389,300
25973,0.5499999999999999,0.08,0.47,51.990000000000016,13:18:51,67.94,500,67.96,500,67.9533,200
25997,0.8,0.2,0.6,2.4000000000000004,13:19:02,67.91,300,67.92,300,67.91,100
26008,2.54,2.06,0.48,17.59,13:19:17,67.9,3200,67.93,200,67.907,101
26009,0.6000000000000001,0.07,0.53,18.19,13:19:18,67.89,800,67.93,200,67.895,100
26012,0.46,0.08,0.38,20.02,13:19:20,67.89,800,67.92,200,67.9,100
26015,0.43,0.08,0.35,21.82,13:19:21,67.89,700,67.92,300,67.891,100
26022,0.59,0.18,0.41,26.19,13:19:26,67.89,700,67.92,300,67.9003,300
26028,0.61,0.23,0.38,30.169999999999998,13:19:30,67.89,700,67.92,300,67.89,100
26091,0.45,0.07,0.38,10.809999999999999,13:20:10,67.87,300,67.89,200,67.87,100
26093,0.63,0.25,0.38,12.0,13:20:12,67.88,500,67.89,200,67.8796,300
26119,0.63,0.18,0.45,32.03,13:20:32,67.9,500,67.92,100,67.9199,100
26149,0.61,0.23,0.38,49.97000000000001,13:20:49,67.89,600,67.91,100,67.892,150
26159,0.42,0.07,0.35,55.55000000000002,13:20:55,67.88,500,67.9,300,67.88,100
26166,0.58,0.23,0.35,0.0,13:21:00,67.88,700,67.9,400,67.899,1000
26172,1.22,0.73,0.49,4.42,13:21:04,67.88,800,67.9,500,67.8968,1000
26174,0.6300000000000001,0.07,0.56,10.21,13:21:10,67.88,900,67.9,500,67.8837,100
26219,0.6,0.16,0.44,41.77,13:21:41,67.87,200,67.88,200,67.8799,2500
26222,0.45,0.07,0.38,43.43000000000001,13:21:43,67.87,300,67.88,200,67.875,190
26236,0.5700000000000001,0.07,0.5,51.60000000000001,13:21:51,67.85,600,67.87,300,67.8684,2000
26242,0.6,0.17,0.43,54.800000000000004,13:21:54,67.85,600,67.87,200,67.85,100
26264,3.04,2.57,0.47,12.010000000000002,13:22:12,67.85,300,67.88,200,67.865,200
26273,0.43,0.08,0.35,17.770000000000007,13:22:17,67.85,300,67.88,200,67.877,600
26317,0.72,0.3,0.42,42.19000000000002,13:22:42,67.88,100,67.89,300,67.885,100
26321,0.5499999999999999,0.08,0.47,44.40000000000001,13:22:44,67.88,100,67.89,300,67.8834,120
26327,0.6,0.08,0.52,48.05000000000002,13:22:48,67.88,100,67.89,400,67.889,100
26350,0.5700000000000001,0.18,0.39,0.0,13:23:00,67.88,300,67.89,600,67.883,300
26382,0.62,0.18,0.44,26.460000000000004,13:23:26,67.89,500,67.9,400,67.8934,200
26419,0.8,0.19,0.61,50.60000000000003,13:23:50,67.9,1600,67.92,600,67.9167,400
26442,0.8300000000000001,0.19,0.64,4.630000000000001,13:24:04,67.92,400,67.94,200,67.921,120
26453,0.76,0.07,0.69,19.430000000000003,13:24:19,67.93,1000,67.95,100,67.9368,100
26498,1.2200000000000002,0.13,1.09,56.970000000000006,13:24:56,67.96,1100,67.97,100,67.9643,1000
26522,1.2000000000000002,0.08,1.12,23.63,13:25:23,67.97,500,67.99,200,67.97,100
26527,1.02,0.07,0.95,29.43,13:25:29,67.93,300,67.95,200,67.9365,266
26535,1.19,0.39,0.8,38.239999999999995,13:25:38,67.94,1000,67.96,200,67.9525,500
26557,1.2000000000000002,0.27,0.93,6.39,13:26:06,67.97,200,67.99,100,67.9733,500
26560,1.4,0.43,0.97,10.01,13:26:10,67.97,400,68.0,2800,67.985,100
26574,1.01,0.07,0.94,25.990000000000002,13:26:25,67.95,400,67.98,200,67.9669,200
26587,1.21,0.08,1.13,39.990000000000016,13:26:39,67.97,100,67.98,300,67.975,100
26610,1.21,0.24,0.97,16.6,13:27:16,67.97,200,67.98,100,67.9725,800
26635,0.99,0.23,0.76,44.60000000000001,13:27:44,67.96,400,67.97,500,67.965,200
26650,1.2,0.18,1.02,5.79,13:28:05,67.93,2600,67.95,300,67.935,200
26685,1.3900000000000001,0.08,1.31,47.630000000000024,13:28:47,67.93,300,67.95,400,67.949,400
26781,1.03,0.18,0.85,0.0,13:31:00,67.96,700,67.98,200,67.967,600
26783,1.21,0.17,1.04,2.41,13:31:02,67.96,800,67.98,300,67.9608,100
26786,1.2,0.21,0.99,6.4,13:31:06,67.96,900,67.98,800,67.961,186
26829,1.4,0.18,1.22,0.0,13:32:00,68.01,100,68.02,200,68.01,300
26840,0.99,0.08,0.91,16.98,13:32:16,68.01,600,68.03,200,68.0179,811
26841,1.38,0.14,1.24,18.36,13:32:18,68.01,600,68.03,200,68.0297,300
26848,1.2000000000000002,0.08,1.12,27.569999999999997,13:32:27,67.99,400,68.01,400,67.9968,391
26860,1.4,0.18,1.22,44.39,13:32:44,68.01,900,68.02,500,68.015,100
26864,1.61,0.27,1.34,50.980000000000004,13:32:50,68.01,400,68.02,300,68.0192,100
26876,1.21,0.08,1.13,8.620000000000001,13:33:08,68.0,400,68.02,300,68.005,100
26886,1.4200000000000002,0.08,1.34,21.630000000000003,13:33:21,68.01,200,68.02,500,68.0157,147
26943,1.21,0.24,0.97,39.79,13:34:39,68.0,200,68.02,400,68.0034,2050
26948,1.38,0.43,0.95,45.400000000000006,13:34:45,68.0,200,68.02,400,68.001,100
26974,1.4000000000000001,0.07,1.33,17.790000000000003,13:35:17,67.98,400,67.99,500,67.9866,200
26976,1.0,0.08,0.92,19.990000000000002,13:35:19,67.98,400,67.99,500,67.9842,200
27005,1.3699999999999999,0.24,1.13,0.0,13:36:00,67.97,400,67.98,500,67.9799,200
27070,0.83,0.09,0.74,13.629999999999999,13:37:13,67.98,300,67.99,400,67.9883,1000
27072,1.03,0.07,0.96,19.23,13:37:19,67.98,200,67.99,400,67.98100000000001,3000
27073,0.99,0.18,0.81,20.22,13:37:20,67.98,300,67.99,400,67.9896,1000
27076,1.01,0.07,0.94,23.42,13:37:23,67.98,200,68.0,300,67.9949,1161
27099,1.22,0.07,1.15,49.80000000000001,13:37:49,67.97,200,67.99,200,67.9801,300
27106,1.19,0.17,1.02,0.0,13:38:00,67.96,200,67.98,500,67.9713,100
27111,3.2199999999999998,1.97,1.25,8.43,13:38:08,67.96,200,67.98,400,67.9662,745
27121,1.22,0.08,1.14,23.22,13:38:23,67.96,300,67.98,500,67.9615,200
27185,1.1800000000000002,0.25,0.93,45.41,13:39:45,67.99,700,68.01,100,68.00399999999999,150
27188,1.19,0.29,0.9,48.809999999999995,13:39:48,68.0,300,68.01,100,68.0097,200
27193,1.04,0.13,0.91,54.02999999999999,13:39:54,68.01,200,68.02,400,68.0161,100
27196,0.97,0.22,0.75,57.37999999999999,13:39:57,68.01,200,68.02,400,68.0142,300
27249,1.0,0.07,0.93,43.190000000000005,13:41:43,67.97,100,67.98,700,67.9758,100
27251,1.2,0.17,1.03,45.580000000000005,13:41:45,67.97,400,67.98,700,67.9734,100
27295,1.37,0.14,1.23,55.36999999999998,13:42:55,67.91,600,67.92,100,67.9194,300
27297,1.38,0.22,1.16,58.16999999999999,13:42:58,67.92,200,67.93,400,67.9258,1300
27309,1.59,0.51,1.08,13.99,13:43:13,67.92,200,67.93,400,67.9234,1631
27360,2.37,1.26,1.11,2.37,13:44:02,67.91,400,67.92,1100,67.915,100
27371,1.22,0.08,1.14,18.589999999999996,13:44:18,67.91,800,67.93,300,67.9232,100
27396,1.0,0.07,0.93,45.809999999999995,13:44:45,67.9,300,67.91,600,67.9094,100
27403,1.4100000000000001,0.1,1.31,0.0,13:45:00,67.9,600,67.91,800,67.905,100
27453,1.2000000000000002,0.09,1.11,0.0,13:46:00,67.89,400,67.9,100,67.8943,400
27456,1.01,0.08,0.93,3.41,13:46:03,67.89,400,67.9,100,67.8946,404
27507,1.21,0.08,1.13,5.01,13:47:05,67.87,400,67.89,300,67.8771,1000
27510,1.21,0.23,0.98,8.6,13:47:08,67.87,400,67.89,600,67.8727,100
27514,1.4100000000000001,0.08,1.33,16.18,13:47:16,67.84,100,67.85,800,67.852,100
27515,1.4000000000000001,0.07,1.33,17.58,13:47:17,67.83,500,67.85,300,67.84100000000001,100
27516,1.3900000000000001,0.07,1.32,18.97,13:47:18,67.83,100,67.84,100,67.83,100
27517,1.22,0.17,1.05,20.189999999999998,13:47:20,67.83,100,67.84,500,67.8308,200
27524,1.38,0.17,1.21,28.97,13:47:28,67.83,100,67.84,300,67.84,100
27546,1.2000000000000002,0.08,1.12,0.0,13:48:00,67.82,200,67.83,1500,67.82,100
27549,1.01,0.07,0.94,3.2,13:48:03,67.82,200,67.83,1500,67.825,100
27556,0.97,0.07,0.9,11.180000000000001,13:48:11,67.82,200,67.83,1500,67.8299,100
27557,3.2199999999999998,2.57,0.65,14.400000000000002,13:48:14,67.8,1500,67.81,1400,67.8,234
27561,2.6,1.57,1.03,19.990000000000006,13:48:19,67.79,300,67.8,500,67.791,354
27562,1.18,0.2,0.98,21.170000000000005,13:48:21,67.79,300,67.8,500,67.7901,100
27564,1.02,0.18,0.84,23.190000000000005,13:48:23,67.77,100,67.79,500,67.78,200
27570,1.0,0.08,0.92,29.780000000000005,13:48:29,67.73,500,67.75,3300,67.735,100
27572,1.1600000000000001,0.23,0.93,31.960000000000004,13:48:31,67.75,300,67.78,200,67.76,100
27573,1.03,0.17,0.86,32.99,13:48:32,67.76,800,67.77,400,67.765,140
27575,1.1900000000000002,0.07,1.12,35.18,13:48:35,67.76,1100,67.78,300,67.77,200
27579,1.0,0.23,0.77,38.97,13:48:38,67.76,200,67.77,100,67.7698,100
27586,0.98,0.09,0.89,45.18,13:48:45,67.74,100,67.76,200,67.75,100
27591,0.97,0.08,0.89,49.559999999999995,13:48:49,67.74,100,67.76,400,67.74,100
27611,0.99,0.09,0.9,10.17,13:49:10,67.74,500,67.75,300,67.745,141
27614,1.3900000000000001,0.74,0.65,13.58,13:49:13,67.72,400,67.73,500,67.73,100
27616,0.98,0.24,0.74,15.38,13:49:15,67.72,400,67.73,500,67.7201,100
27619,0.99,0.07,0.92,18.169999999999998,13:49:18,67.72,200,67.76,300,67.72,100
27628,1.01,0.23,0.78,28.200000000000003,13:49:28,67.73,100,67.76,300,67.73100000000001,500
27644,1.01,0.23,0.78,45.38999999999999,13:49:45,67.74,200,67.76,400,67.7422,290
27649,0.81,0.14,0.67,49.989999999999995,13:49:49,67.75,200,67.78,900,67.755,1000
27653,0.99,0.08,0.91,53.78,13:49:53,67.75,300,67.78,100,67.775,100
27662,0.99,0.17,0.82,4.19,13:50:04,67.75,200,67.78,300,67.7762,5000
27695,1.1800000000000002,0.07,1.11,42.60999999999999,13:50:42,67.71,500,67.73,100,67.725,200
27705,1.02,0.07,0.95,53.82999999999999,13:50:53,67.71,600,67.73,400,67.71,100
27708,1.1900000000000002,0.08,1.11,57.60999999999999,13:50:57,67.71,600,67.73,400,67.7237,414
27717,1.3699999999999999,0.23,1.14,6.579999999999999,13:51:06,67.72,300,67.73,300,67.7205,300
27726,1.41,0.24,1.17,20.77,13:51:20,67.72,200,67.73,300,67.7268,137
27739,1.1800000000000002,0.25,0.93,36.39,13:51:36,67.72,300,67.73,100,67.7234,145
27747,1.39,0.2,1.19,46.57000000000001,13:51:46,67.74,100,67.75,500,67.7466,275
27764,4.2,3.55,0.65,11.2,13:52:11,67.74,400,67.76,300,67.7509,100
27824,3.21,2.47,0.74,15.010000000000002,13:53:15,67.77,400,67.78,500,67.7767,200
27881,0.98,0.07,0.91,16.4,13:54:16,67.72,7000,67.73,500,67.721,140
27891,1.2000000000000002,0.14,1.06,28.009999999999994,13:54:28,67.7,300,67.72,700,67.7,100
27896,1.2,0.17,1.03,34.01,13:54:34,67.67,400,67.69,100,67.68,300
27898,1.02,0.07,0.95,36.410000000000004,13:54:36,67.67,400,67.69,400,67.6767,2000
27904,0.99,0.07,0.92,42.42,13:54:42,67.67,400,67.69,300,67.684,2500
27924,1.4,0.22,1.18,1.4,13:55:01,67.68,200,67.7,200,67.69,100
27940,1.58,0.08,1.5,24.379999999999995,13:55:24,67.75,100,67.77,200,67.7632,191
27941,1.2,0.18,1.02,25.579999999999995,13:55:25,67.75,100,67.77,200,67.7533,200
27948,1.2,0.18,1.02,33.8,13:55:33,67.75,200,67.77,200,67.7608,1711
27964,1.22,0.07,1.15,53.220000000000006,13:55:53,67.79,300,67.81,600,67.79,100
27971,1.3900000000000001,0.09,1.3,0.0,13:56:00,67.79,500,67.81,200,67.81,100
27981,1.01,0.08,0.93,14.01,13:56:14,67.82,3500,67.84,100,67.8298,300
27984,1.0,0.07,0.93,17.2,13:56:17,67.83,300,67.85,400,67.8426,1113
27997,0.99,0.17,0.82,29.389999999999993,13:56:29,67.86,100,67.87,800,67.86,100
27999,0.98,0.08,0.9,31.189999999999994,13:56:31,67.86,100,67.87,300,67.8635,1300
28059,1.21,0.17,1.04,39.78,13:57:39,67.77,200,67.8,200,67.785,100
28088,1.01,0.17,0.84,8.41,13:58:08,67.78,300,67.79,300,67.7845,200
28106,1.02,0.17,0.85,33.58,13:58:33,67.78,1100,67.79,500,67.7801,500
28120,1.02,0.07,0.95,51.360000000000014,13:58:51,67.77,400,67.8,300,67.77199999999999,188
28123,1.23,0.19,1.04,0.0,13:59:00,67.78,700,67.8,400,67.79899999999999,160
28157,1.2,0.07,1.13,42.36000000000001,13:59:42,67.83,300,67.84,200,67.835,100
28169,0.98,0.22,0.76,55.96,13:59:55,67.84,200,67.85,800,67.84899999999999,100
28186,0.98,0.14,0.84,15.590000000000002,14:00:15,67.85,100,67.87,300,67.8612,200
28231,3.0199999999999996,2.05,0.97,7.609999999999999,14:01:07,67.74,400,67.77,400,67.7637,5000
28256,1.1900000000000002,0.07,1.12,34.970000000000006,14:01:34,67.73,600,67.74,700,67.7336,899
28257,1.1900000000000002,0.08,1.11,36.160000000000004,14:01:36,67.73,700,67.74,700,67.7399,100
28261,1.03,0.12,0.91,40.59,14:01:40,67.73,800,67.74,700,67.7359,100
28275,1.22,0.08,1.14,0.0,14:02:00,67.71,100,67.72,400,67.715,100
28280,1.2000000000000002,0.27,0.93,9.57,14:02:09,67.71,200,67.73,100,67.7236,2824
28288,1.01,0.08,0.93,21.4,14:02:21,67.67,700,67.68,400,67.67,100
28289,1.2,0.24,0.96,22.599999999999998,14:02:22,67.66,100,67.68,500,67.66,100
28295,0.98,0.08,0.9,28.759999999999998,14:02:28,67.65,100,67.66,200,67.65,100
28297,0.8099999999999999,0.08,0.73,30.389999999999997,14:02:30,67.64,100,67.65,300,67.6577,1000
28300,0.8099999999999999,0.09,0.72,33.18,14:02:33,67.64,100,67.66,400,67.64,100
28325,1.23,0.2,1.03,0.0,14:03:00,67.63,700,67.66,600,67.6436,100
28329,3.18,2.1,1.08,6.59,14:03:06,67.65,600,67.66,500,67.655,100
28332,1.01,0.08,0.93,13.01,14:03:13,67.64,700,67.66,500,67.6468,3603
28336,1.6099999999999999,0.47,1.14,18.0,14:03:18,67.64,700,67.66,300,67.6513,100
28339,1.2000000000000002,0.08,1.12,21.39,14:03:21,67.63,1600,67.65,200,67.6387,300
28346,1.2,0.17,1.03,30.010000000000005,14:03:30,67.62,500,67.64,300,67.63,100
28354,1.18,0.24,0.94,39.62,14:03:39,67.61,500,67.62,200,67.62,200
28356,1.01,0.23,0.78,41.63999999999999,14:03:41,67.57,100,67.58,300,67.57,100
28363,1.01,0.08,0.93,49.41,14:03:49,67.56,200,67.58,500,67.5601,200
28366,1.41,0.21,1.2,53.61999999999999,14:03:53,67.56,200,67.58,500,67.5712,500
28368,1.3900000000000001,0.27,1.12,56.21999999999999,14:03:56,67.56,400,67.58,500,67.56,100
28374,1.18,0.23,0.95,3.3899999999999997,14:04:03,67.56,400,67.58,300,67.565,100
28376,1.3900000000000001,0.37,1.02,5.789999999999999,14:04:05,67.55,300,67.56,300,67.551,193
28378,1.3800000000000001,0.07,1.31,8.17,14:04:08,67.56,1000,67.57,300,67.555,300
28379,0.8200000000000001,0.07,0.75,8.99,14:04:08,67.57,100,67.58,100,67.5743,1000
28381,3.58,2.58,1.0,13.770000000000001,14:04:13,67.58,400,67.6,500,67.59,100
28383,3.59,2.54,1.05,18.75,14:04:18,67.59,200,67.61,200,67.6,300
28388,1.21,0.12,1.09,25.970000000000002,14:04:25,67.59,300,67.62,400,67.605,200
28397,0.98,0.07,0.91,35.160000000000004,14:04:35,67.62,200,67.64,400,67.628,150
28400,0.98,0.08,0.9,37.760000000000005,14:04:37,67.62,500,67.64,400,67.6395,100
28402,0.98,0.09,0.89,39.550000000000004,14:04:39,67.62,600,67.64,400,67.6316,2600
28406,1.0,0.2,0.8,43.160000000000004,14:04:43,67.63,200,67.64,300,67.635,200
28417,0.99,0.18,0.81,53.17000000000001,14:04:53,67.6,100,67.62,200,67.61,100
28419,1.0,0.19,0.81,55.17000000000001,14:04:55,67.6,100,67.62,200,67.601,225
28455,1.02,0.15,0.87,42.57,14:05:42,67.57,200,67.6,700,67.585,100
28461,1.04,0.21,0.83,49.77,14:05:49,67.54,300,67.56,400,67.55,100
28465,1.3699999999999999,0.23,1.14,54.94,14:05:54,67.54,400,67.56,1500,67.54,100
28466,1.1900000000000002,0.07,1.12,56.129999999999995,14:05:56,67.58,100,67.59,100,67.575,100
28472,1.39,0.19,1.2,4.21,14:06:04,67.57,100,67.59,300,67.58,100
28475,1.2,0.16,1.04,8.01,14:06:08,67.57,300,67.59,200,67.5798,125
28503,1.23,0.15,1.08,42.029999999999994,14:06:42,67.59,500,67.6,400,67.5931,1000
28505,1.19,0.16,1.03,44.599999999999994,14:06:44,67.59,500,67.6,400,67.5946,300
28506,1.42,0.2,1.22,46.019999999999996,14:06:46,67.59,600,67.6,400,67.595,100
28531,1.2000000000000002,0.08,1.12,18.2,14:07:18,67.6,200,67.62,500,67.6001,100
28597,1.18,0.24,0.94,43.58,14:08:43,67.55,1000,67.56,300,67.5595,500
28599,1.0,0.14,0.86,45.57,14:08:45,67.55,1000,67.56,300,67.5529,200
28610,0.82,0.09,0.73,55.39,14:08:55,67.54,800,67.55,400,67.545,100
28612,0.83,0.08,0.75,57.199999999999996,14:08:57,67.52,400,67.53,200,67.52,100
28626,0.98,0.08,0.9,14.37,14:09:14,67.54,200,67.55,400,67.5458,150
28632,0.8300000000000001,0.18,0.65,19.989999999999995,14:09:19,67.54,200,67.56,300,67.5522,4000
28673,1.21,0.08,1.13,5.01,14:10:05,67.55,200,67.56,1400,67.5501,150
28688,1.2000000000000002,0.08,1.12,25.02,14:10:25,67.54,1800,67.55,600,67.5622,150
28704,0.81,0.17,0.64,46.65,14:10:46,67.52,700,67.54,500,67.52600000000001,100
28726,3.58,2.78,0.8,15.200000000000001,14:11:15,67.52,400,67.54,300,67.5315,100
28730,0.81,0.07,0.74,19.990000000000002,14:11:19,67.51,200,67.53,300,67.51,127
28742,0.82,0.08,0.74,30.619999999999997,14:11:30,67.51,200,67.53,300,67.51100000000001,150
28746,0.82,0.08,0.74,34.209999999999994,14:11:34,67.51,300,67.52,1100,67.515,100
28750,0.82,0.08,0.74,37.78999999999999,14:11:37,67.51,400,67.53,300,67.516,100
28770,0.8200000000000001,0.07,0.75,0.0,14:12:00,67.51,700,67.53,500,67.51899999999999,100
28779,0.82,0.08,0.74,8.600000000000001,14:12:08,67.52,500,67.53,100,67.525,100
28781,3.19,2.38,0.81,12.600000000000001,14:12:12,67.52,200,67.53,600,67.53,100
28787,3.0100000000000002,2.33,0.68,21.6,14:12:21,67.48,500,67.5,300,67.48,100
28790,0.81,0.14,0.67,24.2,14:12:24,67.49,400,67.51,200,67.4901,100
28794,0.81,0.07,0.74,27.789999999999996,14:12:27,67.49,500,67.51,300,67.5,100
28810,0.81,0.07,0.74,42.01,14:12:42,67.49,100,67.51,300,67.49,200
28815,0.9800000000000001,0.17,0.81,46.56999999999999,14:12:46,67.48,200,67.5,200,67.4931,136
28817,0.8200000000000001,0.17,0.65,48.39999999999999,14:12:48,67.48,200,67.5,200,67.4932,1000
28838,1.0,0.24,0.76,7.5600000000000005,14:13:07,67.48,200,67.5,500,67.486,125
28841,2.38,1.72,0.66,11.57,14:13:11,67.47,200,67.48,200,67.471,100
28846,2.81,2.14,0.67,18.57,14:13:18,67.47,100,67.48,100,67.475,300
28857,0.82,0.12,0.7,30.39,14:13:30,67.47,100,67.48,400,67.47,663
28863,0.99,0.2,0.79,35.97,14:13:35,67.46,100,67.48,200,67.461,1000
28868,0.97,0.23,0.74,40.58,14:13:40,67.43,200,67.46,200,67.42,400
28872,0.99,0.26,0.73,44.17,14:13:44,67.44,1400,67.46,300,67.46,200
28893,2.42,1.66,0.76,0.0,14:14:00,67.45,200,67.47,300,67.45,100
28905,1.0,0.18,0.82,16.370000000000005,14:14:16,67.43,200,67.46,900,67.44,100
28910,0.81,0.15,0.66,20.79,14:14:20,67.44,400,67.46,800,67.4592,100
28918,0.82,0.08,0.74,28.199999999999996,14:14:28,67.48,500,67.5,200,67.4918,100
28932,1.0,0.08,0.92,42.59,14:14:42,67.49,100,67.51,200,67.4967,250
28943,1.01,0.27,0.74,0.0,14:15:00,67.52,300,67.54,300,67.5267,290
28948,3.41,2.72,0.69,8.81,14:15:08,67.54,500,67.55,300,67.535,500
28958,0.99,0.18,0.81,21.59,14:15:21,67.58,100,67.59,400,67.5892,400
28963,0.81,0.07,0.74,25.999999999999996,14:15:25,67.6,600,67.63,200,67.6064,300
28965,0.8200000000000001,0.14,0.68,27.819999999999997,14:15:27,67.6,600,67.63,200,67.6279,1400
28967,0.81,0.07,0.74,29.599999999999994,14:15:29,67.61,800,67.63,1500,67.615,500
28972,0.97,0.14,0.83,33.989999999999995,14:15:33,67.62,1500,67.64,100,67.6297,300
28976,0.82,0.12,0.7,37.42999999999999,14:15:37,67.63,100,67.65,200,67.63600000000001,1400
28981,0.98,0.13,0.85,41.999999999999986,14:15:41,67.63,400,67.65,300,67.6498,280
28989,1.03,0.07,0.96,49.41999999999999,14:15:49,67.7,300,67.71,200,67.7075,100
28999,1.22,0.19,1.03,0.0,14:16:00,67.69,200,67.73,100,67.705,500
29000,0.97,0.07,0.9,0.97,14:16:00,67.7,100,67.73,100,67.7001,100
29008,0.99,0.14,0.85,12.959999999999999,14:16:12,67.73,800,67.74,300,67.7301,200
29026,1.39,0.17,1.22,33.580000000000005,14:16:33,67.76,400,67.79,400,67.7736,152
29029,1.3900000000000001,0.07,1.32,37.580000000000005,14:16:37,67.77,100,67.79,400,67.7898,600
29043,1.39,0.17,1.22,57.8,14:16:57,67.73,1500,67.76,200,67.7432,197
29056,2.6,1.77,0.83,18.82,14:17:18,67.67,300,67.7,300,67.693,200
29088,1.01,0.08,0.93,48.00999999999999,14:17:48,67.67,100,67.69,100,67.6898,101
29090,1.01,0.07,0.94,50.22999999999999,14:17:50,67.67,100,67.68,100,67.6772,500
29093,1.0,0.07,0.93,53.58999999999999,14:17:53,67.67,200,67.69,300,67.675,100
29099,1.1800000000000002,0.25,0.93,0.0,14:18:00,67.69,100,67.7,100,67.685,100
29103,0.97,0.07,0.9,4.01,14:18:04,67.69,200,67.7,100,67.695,200
29129,1.0,0.08,0.92,36.580000000000005,14:18:36,67.65,200,67.68,300,67.653,100
29143,0.82,0.09,0.73,49.82000000000001,14:18:49,67.61,100,67.64,300,67.625,100
29163,2.39,1.57,0.82,10.81,14:19:10,67.66,100,67.69,100,67.6601,200
29189,0.99,0.27,0.72,38.01999999999998,14:19:38,67.64,100,67.67,300,67.6553,100
29198,1.0,0.23,0.77,46.02999999999998,14:19:46,67.65,100,67.67,100,67.6502,700
29205,0.8200000000000001,0.07,0.75,52.22999999999998,14:19:52,67.66,100,67.68,400,67.6665,175
29288,0.5900000000000001,0.07,0.52,0.0,14:21:00,67.73,100,67.76,200,67.7498,150
29319,0.78,0.19,0.59,24.38,14:21:24,67.73,200,67.76,200,67.733,300
29338,0.61,0.2,0.41,36.040000000000006,14:21:36,67.71,200,67.75,200,67.7303,100
29487,3.95,3.48,0.47,10.18,14:23:10,67.77,500,67.8,300,67.7703,2000
29568,0.5900000000000001,0.2,0.39,55.62000000000002,14:23:55,67.73,300,67.77,100,67.7511,1000
29590,0.6000000000000001,0.07,0.53,8.389999999999999,14:24:08,67.71,100,67.74,1000,67.7138,1000
29637,0.77,0.23,0.54,42.370000000000005,14:24:42,67.69,400,67.7,600,67.6901,200
29659,0.6200000000000001,0.07,0.55,56.05000000000002,14:24:56,67.69,200,67.72,300,67.711,300
29662,0.6000000000000001,0.07,0.53,58.020000000000024,14:24:58,67.69,200,67.71,300,67.6903,300
29676,2.39,1.87,0.52,12.790000000000001,14:25:12,67.7,200,67.73,200,67.7098,100
29735,0.5900000000000001,0.07,0.52,51.83000000000003,14:25:51,67.72,300,67.74,400,67.7256,200
29805,0.57,0.08,0.49,45.540000000000006,14:26:45,67.72,500,67.75,1100,67.7295,150
29840,0.6100000000000001,0.07,0.54,4.61,14:27:04,67.72,400,67.75,1000,67.7398,300
29902,0.43,0.08,0.35,44.199999999999996,14:27:44,67.75,400,67.76,400,67.751,100
29970,0.75,0.19,0.56,36.36000000000001,14:28:36,67.73,500,67.76,200,67.7464,200
30025,1.81,1.23,0.58,18.56,14:29:18,67.75,400,67.77,1000,67.76899999999999,125
30075,0.61,0.23,0.38,49.60000000000004,14:29:49,67.73,100,67.74,100,67.7314,400
30160,0.59,0.21,0.38,44.22000000000003,14:30:44,67.7,400,67.72,400,67.719,150
30205,0.59,0.08,0.51,11.779999999999998,14:31:11,67.63,100,67.66,300,67.6301,250
30288,2.41,2.0,0.41,0.0,14:32:00,67.62,300,67.65,200,67.6302,100
30296,0.84,0.25,0.59,7.210000000000001,14:32:07,67.63,200,67.65,100,67.6356,336
30373,0.75,0.2,0.55,9.4,14:33:09,67.59,300,67.61,200,67.6099,100
30408,0.81,0.07,0.74,41.650000000000006,14:33:41,67.59,200,67.6,400,67.5934,300
30451,0.7799999999999999,0.21,0.57,20.37,14:34:20,67.63,200,67.64,100,67.6354,100
30465,0.75,0.07,0.68,30.320000000000007,14:34:30,67.62,200,67.64,300,67.6375,2000
30474,0.65,0.17,0.48,36.56,14:34:36,67.62,200,67.64,300,67.6269,1405
30487,0.76,0.23,0.53,1.35,14:36:01,67.7,200,67.72,100,67.7099,200
30493,0.6300000000000001,0.07,0.56,5.59,14:36:05,67.7,200,67.72,300,67.7199,540
30540,0.77,0.15,0.62,7.770000000000001,14:37:07,67.66,300,67.68,300,67.6687,200
30574,0.8200000000000001,0.07,0.75,32.97,14:37:32,67.66,500,67.68,400,67.6666,100
30592,0.81,0.18,0.63,46.140000000000015,14:37:46,67.67,700,67.68,100,67.665,100
30623,0.5900000000000001,0.14,0.45,11.17,14:38:11,67.68,600,67.7,400,67.6963,250
30710,0.64,0.14,0.5,16.03,14:39:16,67.63,300,67.64,300,67.631,150
30719,0.59,0.17,0.42,22.189999999999998,14:39:22,67.63,300,67.66,200,67.645,100
30778,0.77,0.18,0.59,0.0,14:40:00,67.65,200,67.68,200,67.6626,200
30813,0.79,0.2,0.59,29.639999999999997,14:40:29,67.67,300,67.68,500,67.6714,100
30819,0.61,0.09,0.52,33.63999999999999,14:40:33,67.67,300,67.68,500,67.6795,1000
30885,0.8300000000000001,0.2,0.63,24.249999999999993,14:41:24,67.66,100,67.67,300,67.6638,300
30920,0.59,0.21,0.38,49.39000000000001,14:41:49,67.63,300,67.65,400,67.6499,100
30949,0.5900000000000001,0.07,0.52,9.41,14:42:09,67.63,700,67.65,400,67.6392,324
30956,0.6200000000000001,0.07,0.55,15.43,14:42:15,67.61,100,67.63,400,67.61399999999999,100
31012,0.6000000000000001,0.14,0.46,53.62000000000003,14:42:53,67.61,300,67.63,100,67.6299,100
31015,0.6,0.08,0.52,0.0,14:43:00,67.61,300,67.63,100,67.6168,138
31021,0.5800000000000001,0.07,0.51,3.6,14:43:03,67.61,300,67.63,100,67.6209,110
31060,0.43,0.12,0.31,31.429999999999996,14:43:31,67.62,600,67.63,400,67.6256,375
31100,0.8,0.35,0.45,55.63000000000002,14:43:55,67.63,500,67.64,100,67.638,1000
31131,0.79,0.07,0.72,16.619999999999997,14:44:16,67.61,300,67.63,200,67.612,200
31145,0.78,0.2,0.58,26.580000000000005,14:44:26,67.58,300,67.61,600,67.5964,100
31275,2.21,1.76,0.45,9.98,14:46:09,67.59,100,67.6,200,67.59100000000001,100
31336,0.76,0.2,0.56,54.34,14:46:54,67.58,700,67.6,400,67.581,100
31370,0.6,0.17,0.43,27.94,14:47:27,67.59,100,67.6,200,67.5957,100
31397,0.43,0.07,0.36,43.16999999999999,14:47:43,67.59,200,67.6,400,67.5956,150
31508,0.56,0.18,0.38,52.83000000000002,14:48:52,67.61,500,67.62,200,67.6164,1000
31560,0.46,0.08,0.38,36.06,14:49:36,67.64,600,67.66,500,67.6463,200
31582,0.42,0.07,0.35,47.85000000000001,14:49:47,67.66,700,67.67,100,67.6675,100
31589,0.43,0.07,0.36,51.650000000000006,14:49:51,67.66,800,67.67,200,67.6657,300
31640,0.7999999999999999,0.22,0.58,34.01,14:50:34,67.64,300,67.66,200,67.6465,400
31650,0.79,0.14,0.65,41.76,14:50:41,67.64,300,67.66,300,67.6535,100
31718,0.6,0.24,0.36,35.82,14:51:35,67.66,300,67.68,300,67.661,144
31731,0.61,0.14,0.47,44.029999999999994,14:51:44,67.67,200,67.68,200,67.6768,100
31754,0.5800000000000001,0.07,0.51,57.81,14:51:57,67.67,200,67.68,300,67.6744,450
31776,3.17,2.64,0.53,18.39,14:52:18,67.62,200,67.63,100,67.6214,1000
31787,0.43,0.12,0.31,24.040000000000003,14:52:24,67.63,400,67.65,100,67.6416,200
31814,0.61,0.09,0.52,40.239999999999995,14:52:40,67.65,300,67.66,200,67.657,100
31820,0.5800000000000001,0.14,0.44,43.81999999999999,14:52:43,67.65,400,67.66,300,67.6599,100
31946,3.63,3.17,0.46,14.399999999999999,14:54:14,67.65,300,67.66,200,67.6534,285
31987,0.6000000000000001,0.14,0.46,40.01,14:54:40,67.67,300,67.68,100,67.6799,100
32035,0.75,0.25,0.5,17.11,14:55:17,67.67,300,67.68,400,67.6756,200
32085,0.76,0.14,0.62,19.37,14:56:19,67.63,400,67.64,300,67.6332,100
32124,3.42,2.86,0.56,13.399999999999999,14:57:13,67.61,200,67.62,200,67.6154,535
32313,0.8,0.27,0.53,22.36,14:59:22,67.64,500,67.66,700,67.658,1000
32349,0.43,0.07,0.36,42.160000000000004,14:59:42,67.65,300,67.66,800,67.6567,100
32422,0.57,0.16,0.41,33.63,15:00:33,67.69,500,67.7,800,67.6988,2000
32520,0.62,0.14,0.48,40.44000000000001,15:01:40,67.62,100,67.64,300,67.6264,215
32528,0.7699999999999999,0.08,0.69,46.22000000000002,15:01:46,67.62,400,67.64,200,67.6208,100
32543,0.7799999999999999,0.09,0.69,56.420000000000016,15:01:56,67.62,400,67.64,800,67.6399,200
32614,0.77,0.09,0.68,2.1900000000000004,15:03:02,67.58,300,67.59,2000,67.5835,479
32726,0.61,0.08,0.53,31.799999999999997,15:04:31,67.62,400,67.63,600,67.6232,200
32885,0.6,0.13,0.47,34.010000000000005,15:06:34,67.62,800,67.64,300,67.6284,200
32969,0.85,0.21,0.64,44.24000000000001,15:07:44,67.64,1200,67.65,600,67.6485,415
32992,0.79,0.17,0.62,0.0,15:08:00,67.65,500,67.66,800,67.6475,100
33055,0.5700000000000001,0.07,0.5,47.42,15:08:47,67.66,200,67.67,700,67.6694,133
33072,0.6,0.25,0.35,0.0,15:09:00,67.66,500,67.67,1200,67.6654,299
33084,0.44,0.07,0.37,8.04,15:09:08,67.66,600,67.67,1200,67.6699,100
33131,0.59,0.08,0.51,42.020000000000024,15:09:42,67.75,300,67.76,600,67.7599,1203
33167,0.77,0.26,0.51,3.57,15:10:03,67.77,100,67.78,100,67.7769,575
33171,0.45999999999999996,0.11,0.35,5.81,15:10:05,67.77,200,67.78,200,67.7728,3000
33184,0.6,0.13,0.47,21.380000000000003,15:10:21,67.76,200,67.77,100,67.76100000000001,200
33208,0.43,0.08,0.35,35.22000000000001,15:10:35,67.75,400,67.77,300,67.7557,602
33275,0.61,0.18,0.43,16.369999999999997,15:11:16,67.75,800,67.77,900,67.7601,100
33371,0.7699999999999999,0.08,0.69,34.18,15:12:34,67.71,1000,67.72,1000,67.7101,504
33387,0.5700000000000001,0.07,0.5,44.42000000000001,15:12:44,67.73,500,67.74,400,67.7344,150
33410,0.62,0.19,0.43,0.0,15:13:00,67.75,500,67.76,300,67.7598,100
33418,0.42,0.07,0.35,4.63,15:13:04,67.75,600,67.76,200,67.7544,800
33429,1.38,0.83,0.55,18.579999999999995,15:13:18,67.78,300,67.79,500,67.7799,100
33486,0.6,0.21,0.39,52.08999999999998,15:13:52,67.75,600,67.76,800,67.7568,100
33526,0.44,0.08,0.36,22.200000000000003,15:14:22,67.77,400,67.78,1000,67.7733,200
33549,0.43,0.07,0.36,34.040000000000006,15:14:34,67.77,600,67.78,1000,67.7798,100
33562,0.56,0.13,0.43,41.18000000000001,15:14:41,67.77,600,67.78,1200,67.7747,1000
33637,0.57,0.08,0.49,31.94,15:15:31,67.8,900,67.81,100,67.8098,100
33640,0.44,0.07,0.37,33.38,15:15:33,67.8,1200,67.81,200,67.805,100
33652,0.58,0.08,0.5,39.93,15:15:39,67.8,1200,67.81,300,67.8045,1500
33663,0.57,0.08,0.49,45.55,15:15:45,67.79,400,67.8,700,67.7945,1500
33667,0.58,0.08,0.5,47.739999999999995,15:15:47,67.79,400,67.8,700,67.795,200
33685,0.6000000000000001,0.2,0.4,57.76999999999998,15:15:57,67.79,500,67.8,900,67.7925,100
33702,3.4099999999999997,2.76,0.65,0.0,15:16:00,67.79,900,67.8,1200,67.7992,300
33762,0.6,0.08,0.52,42.12,15:16:42,67.8,700,67.81,1100,67.8072,117
33903,0.76,0.34,0.42,34.20000000000001,15:18:34,67.8,100,67.81,1200,67.8099,100
33928,0.6300000000000001,0.07,0.56,50.420000000000016,15:18:50,67.79,700,67.8,100,67.7933,400
33931,0.5900000000000001,0.07,0.52,52.40000000000002,15:18:52,67.8,200,67.81,1200,67.7997,1300
33960,0.61,0.12,0.49,17.83,15:19:17,67.79,500,67.8,1200,67.7975,1000
33994,0.6200000000000001,0.07,0.55,44.03000000000001,15:19:44,67.79,200,67.8,1900,67.7936,1000
34063,0.77,0.18,0.59,32.199999999999996,15:20:32,67.78,300,67.8,1700,67.7802,106
34342,0.5800000000000001,0.07,0.51,41.830000000000005,15:23:41,67.82,300,67.83,400,67.8275,500
34366,0.77,0.31,0.46,0.0,15:24:00,67.84,400,67.85,500,67.8442,158
34371,0.6100000000000001,0.07,0.54,3.0200000000000005,15:24:03,67.84,200,67.85,600,67.845,100
34377,3.59,3.01,0.58,9.370000000000001,15:24:09,67.84,300,67.85,600,67.8401,634
34381,3.75,3.17,0.58,17.19,15:24:17,67.85,300,67.86,400,67.855,300
34382,0.44,0.08,0.36,17.630000000000003,15:24:17,67.85,300,67.86,300,67.8546,153
34385,0.57,0.09,0.48,20.590000000000003,15:24:20,67.85,300,67.86,400,67.8557,150
34435,0.62,0.24,0.38,52.46000000000001,15:24:52,67.87,400,67.88,800,67.8743,107
34494,0.5900000000000001,0.07,0.52,25.63,15:25:25,67.88,1300,67.89,200,67.8898,200
34518,0.5800000000000001,0.07,0.51,39.379999999999995,15:25:39,67.88,500,67.89,700,67.8887,186
34605,0.6,0.23,0.37,50.190000000000005,15:26:50,67.81,500,67.82,100,67.815,100
34608,0.59,0.08,0.51,51.97000000000001,15:26:51,67.82,100,67.83,600,67.8201,400
34690,0.8400000000000001,0.2,0.64,50.260000000000026,15:27:50,67.83,500,67.84,600,67.8334,126
34763,0.62,0.16,0.46,38.18000000000001,15:28:38,67.85,200,67.86,800,67.8545,300
34775,0.6100000000000001,0.07,0.54,45.750000000000014,15:28:45,67.85,600,67.86,600,67.859,250
34791,0.61,0.17,0.44,55.79000000000002,15:28:55,67.85,1100,67.86,600,67.8539,200
34803,0.63,0.09,0.54,2.04,15:29:02,67.85,1000,67.86,600,67.8575,100
34854,0.99,0.15,0.84,48.86000000000001,15:29:48,67.85,800,67.87,800,67.8699,100
34860,0.7699999999999999,0.08,0.69,54.21000000000001,15:29:54,67.86,700,67.87,600,67.8643,160
34873,0.7899999999999999,0.08,0.71,12.38,15:30:12,67.87,600,67.88,1200,67.8756,589
34896,0.79,0.18,0.61,35.96999999999999,15:30:35,67.85,300,67.86,800,67.8568,100
34899,0.6,0.08,0.52,37.96999999999999,15:30:37,67.85,300,67.86,800,67.8599,900
34948,0.76,0.1,0.66,16.14,15:31:16,67.84,400,67.85,100,67.8499,367
34950,0.76,0.07,0.69,17.540000000000003,15:31:17,67.84,400,67.85,100,67.8435,150
34972,0.6100000000000001,0.07,0.54,32.17,15:31:32,67.81,300,67.82,100,67.807,200
35209,3.01,2.55,0.46,11.590000000000002,15:34:11,67.91,400,67.92,1300,67.9165,1000
35239,0.6,0.19,0.41,32.02,15:34:32,67.92,500,67.93,200,67.9275,400
35276,0.8,0.24,0.56,54.38000000000001,15:34:54,67.94,600,67.95,800,67.945,400
35288,0.75,0.08,0.67,4.0,15:35:04,67.95,500,67.96,500,67.955,100
35388,0.62,0.17,0.45,5.8,15:36:05,67.9,700,67.91,900,67.9062,1000
35419,0.43,0.07,0.36,29.550000000000004,15:36:29,67.9,1200,67.91,1300,67.9075,400
35462,0.5700000000000001,0.07,0.5,53.74,15:36:53,67.9,8900,67.91,1200,67.9057,736
35482,0.45,0.12,0.33,6.21,15:37:06,67.84,300,67.85,900,67.8705,100
35534,0.61,0.2,0.41,48.45,15:37:48,67.86,100,67.87,3000,67.8515,100
35537,0.45,0.12,0.33,50.260000000000005,15:37:50,67.86,400,67.87,3000,67.8657,100
35540,0.61,0.14,0.47,52.05000000000001,15:37:52,67.87,400,67.88,600,67.87100000000001,100
35568,3.61,3.03,0.58,18.39,15:38:18,67.87,500,67.88,1200,67.873,200
35754,0.79,0.07,0.72,28.04,15:40:28,67.85,900,67.87,1600,67.862,150
35809,0.57,0.21,0.36,2.1799999999999997,15:41:02,67.86,400,67.87,1100,67.8608,2500
35842,0.44,0.07,0.37,25.819999999999997,15:41:25,67.86,900,67.87,800,67.8665,100
35899,0.7899999999999999,0.22,0.57,3.04,15:42:03,67.86,1800,67.87,1500,67.8623,1329
35939,0.8,0.27,0.53,41.379999999999995,15:42:41,67.87,3200,67.88,2100,67.8732,3000
35956,0.62,0.08,0.54,53.41,15:42:53,67.87,4300,67.88,2300,67.8798,100
36004,0.62,0.19,0.43,27.38000000000001,15:43:27,67.87,2200,67.88,2000,67.8746,111
36166,0.6,0.23,0.37,8.2,15:45:08,67.81,200,67.82,600,67.819,1500
36191,0.6100000000000001,0.07,0.54,27.809999999999995,15:45:27,67.81,4900,67.82,900,67.8195,800
36212,0.58,0.09,0.49,40.18000000000001,15:45:40,67.85,500,67.86,200,67.8501,450
36233,0.5700000000000001,0.07,0.5,52.20000000000001,15:45:52,67.84,3300,67.86,700,67.8488,500
36251,0.62,0.15,0.47,3.58,15:46:03,67.85,3600,67.86,1100,67.8532,384
36283,0.64,0.18,0.46,30.04999999999999,15:46:30,67.85,1300,67.86,1700,67.8542,200
36346,0.44,0.07,0.37,18.660000000000004,15:47:18,67.82,600,67.83,1100,67.8215,800
36429,5.180000000000001,4.57,0.61,18.38,15:48:18,67.85,600,67.86,1100,67.8582,105
36665,0.81,0.26,0.55,6.199999999999999,15:51:06,67.62,500,67.63,600,67.62899999999999,200
36668,0.76,0.08,0.68,9.589999999999998,15:51:09,67.62,500,67.63,700,67.6201,105
36684,0.6300000000000001,0.07,0.56,22.41999999999999,15:51:22,67.62,1500,67.63,3200,67.6286,100
36689,0.81,0.07,0.74,26.38999999999999,15:51:26,67.62,1700,67.63,3400,67.62100000000001,215
36697,0.77,0.07,0.7,32.58999999999999,15:51:32,67.62,4800,67.63,4000,67.6268,100
36751,0.7699999999999999,0.08,0.69,20.349999999999998,15:52:20,67.65,4500,67.66,13000,67.6556,100
36756,0.85,0.22,0.63,24.189999999999998,15:52:24,67.65,4400,67.66,13000,67.6501,126
36874,0.45,0.07,0.38,53.82999999999999,15:53:53,67.62,2300,67.63,2900,67.6275,183
36896,0.79,0.18,0.61,8.8,15:54:08,67.62,2100,67.63,5000,67.6212,1000
36898,0.8200000000000001,0.17,0.65,10.4,15:54:10,67.64,1500,67.65,3200,67.6449,100
36987,0.78,0.24,0.54,15.729999999999999,15:55:15,67.61,500,67.62,1300,67.6101,114
37116,0.5900000000000001,0.14,0.45,48.25000000000002,15:56:48,67.56,1200,67.57,2000,67.5636,530
37141,0.81,0.14,0.67,3.39,15:57:03,67.54,1100,67.55,8000,67.5401,103
37161,0.79,0.07,0.72,22.22,15:57:22,67.52,2100,67.53,4300,67.5283,100
