,Total Delay,Request Delay,Saving Delay,Arrival Time,Time,Bid,Bid Size,Ask,Ask Size,Last Price,Last Size
0,0.6499999999999999,0.3,0.35,0.6499999999999999,09:30:00,86.43,100,86.57,900,86.57,100
16,0.32,0.08,0.24,6.53,09:30:06,86.43,100,86.56,100,86.5537,287
46,0.35000000000000003,0.08,0.27,0.0,09:31:00,86.43,100,86.66,200,86.56,100
51,0.4,0.18,0.22,1.98,09:31:01,86.47,100,86.63,100,86.64,100
56,0.30000000000000004,0.07,0.23,4.9799999999999995,09:31:04,86.47,100,86.56,100,86.59,100
64,2.08,1.88,0.2,9.670000000000002,09:31:09,86.47,100,86.56,100,86.55,100
65,0.31,0.07,0.24,9.980000000000002,09:31:09,86.47,100,86.56,100,86.5092,317
71,0.37,0.18,0.19,14.770000000000001,09:31:14,86.47,100,86.57,2000,86.47,100
75,0.89,0.62,0.27,16.62,09:31:16,86.47,100,86.57,2000,86.5,100
77,1.79,1.43,0.36,18.84,09:31:18,86.42,100,86.66,500,86.66,100
80,1.4100000000000001,1.07,0.34,21.630000000000003,09:31:21,86.42,100,86.66,200,86.5615,218
94,0.27,0.07,0.2,26.170000000000005,09:31:26,86.43,100,86.6,100,86.6,100
122,0.32,0.12,0.2,36.10000000000001,09:31:36,86.43,100,86.58,200,86.505,500
127,0.6000000000000001,0.27,0.33,38.210000000000015,09:31:38,86.42,100,86.58,200,86.515,100
152,0.74,0.21,0.53,48.37000000000002,09:31:48,86.44,200,86.54,200,86.53,100
156,0.48,0.21,0.27,50.20000000000002,09:31:50,86.45,200,86.55,200,86.54,100
175,0.32,0.14,0.18,55.97000000000002,09:31:55,86.44,200,86.58,200,86.58,100
181,0.34,0.17,0.17,57.93000000000002,09:31:57,86.45,100,86.57,100,86.51,100
302,0.39,0.22,0.17,48.61,09:32:48,86.6,100,86.66,200,86.63,200
315,0.3,0.08,0.22,52.58,09:32:52,86.64,200,86.72,200,86.71,100
325,0.25,0.07,0.18,56.56999999999999,09:32:56,86.67,200,86.8,100,86.67,100
332,0.25,0.07,0.18,58.52,09:32:58,86.67,200,86.8,100,86.68,100
338,0.3,0.08,0.22,0.0,09:33:00,86.62,300,86.67,100,86.69,117
343,2.23,1.98,0.25,3.41,09:33:03,86.61,100,86.66,200,86.6277,100
387,0.42000000000000004,0.22,0.2,28.120000000000005,09:33:28,86.66,100,86.79,100,86.77,100
399,0.38,0.21,0.17,31.950000000000006,09:33:31,86.66,100,86.79,200,86.79,100
427,0.41000000000000003,0.17,0.24,42.00000000000001,09:33:42,86.71,100,86.78,200,86.75,100
433,0.26,0.07,0.19,43.81000000000001,09:33:43,86.71,100,86.78,200,86.745,200
458,0.27,0.09,0.18,52.11000000000001,09:33:52,86.73,300,86.79,100,86.7025,100
470,0.41000000000000003,0.19,0.22,56.35000000000001,09:33:56,86.84,100,86.95,300,86.84,100
475,0.32,0.09,0.23,58.21000000000001,09:33:58,86.84,100,86.95,100,86.95,120
480,0.28,0.11,0.17,0.0,09:34:00,86.85,200,86.95,100,86.85,1800
492,0.34,0.14,0.2,4.010000000000001,09:34:04,86.85,200,86.96,1000,86.8501,100
499,0.38,0.19,0.19,6.22,09:34:06,86.85,200,86.95,500,86.9056,100
503,0.44,0.22,0.22,8.04,09:34:08,86.99,100,87.1,300,87.1,148
508,1.78,1.57,0.21,11.239999999999998,09:34:11,87.0,200,87.08,100,87.07,100
509,2.14,1.95,0.19,13.379999999999999,09:34:13,87.01,200,87.11,100,87.09,100
510,0.33,0.11,0.22,13.709999999999999,09:34:13,87.04,200,87.12,100,87.11,100
515,1.4000000000000001,1.06,0.34,21.779999999999998,09:34:21,87.04,100,87.13,100,87.0696,200
516,0.42000000000000004,0.2,0.22,22.2,09:34:22,87.03,100,87.13,100,87.05,100
531,0.51,0.17,0.34,28.27999999999999,09:34:28,87.04,200,87.16,100,87.04,100
546,0.45,0.2,0.25,34.08,09:34:34,86.93,100,87.04,400,86.995,100
551,0.47,0.25,0.22,35.97,09:34:35,86.93,100,87.04,400,86.985,100
561,0.26,0.08,0.18,40.00999999999999,09:34:40,87.04,100,87.17,1000,87.105,100
566,0.33,0.08,0.25,42.08999999999999,09:34:42,87.06,500,87.16,1500,87.2,100
571,0.32,0.07,0.25,44.09999999999999,09:34:44,87.09,100,87.21,200,87.16,100
600,0.35000000000000003,0.08,0.27,54.38999999999999,09:34:54,87.08,200,87.21,300,87.08,100
614,0.38,0.08,0.3,0.0,09:35:00,87.08,100,87.19,200,87.1296,100
621,0.33,0.07,0.26,6.3500000000000005,09:35:06,87.08,200,87.18,400,87.18,124
632,0.29000000000000004,0.07,0.22,18.68,09:35:18,87.1,200,87.15,200,87.12,100
641,0.4,0.18,0.22,22.53,09:35:22,87.18,100,87.24,100,87.21,100
647,0.43000000000000005,0.16,0.27,24.77,09:35:24,87.18,100,87.25,1200,87.24,100
662,0.56,0.29,0.27,30.749999999999996,09:35:30,87.24,200,87.38,100,87.2889,380
667,0.28,0.07,0.21,32.41,09:35:32,87.25,200,87.35,200,87.25,1000
668,0.26,0.07,0.19,32.669999999999995,09:35:32,87.26,300,87.37,200,87.36,100
686,0.6200000000000001,0.28,0.34,39.32000000000001,09:35:39,87.28,300,87.44,700,87.38,100
689,0.28,0.07,0.21,40.66000000000001,09:35:40,87.37,100,87.44,700,87.301,200
695,0.6200000000000001,0.28,0.34,42.92,09:35:42,87.36,200,87.41,200,87.44,400
701,0.26,0.08,0.18,44.800000000000004,09:35:44,87.36,300,87.44,500,87.4,100
707,0.25,0.07,0.18,46.68000000000001,09:35:46,87.38,200,87.44,500,87.4004,100
733,0.35,0.19,0.16,54.79000000000001,09:35:54,87.58,100,87.62,3300,87.59,100
741,0.23,0.07,0.16,56.81000000000002,09:35:56,87.61,200,87.64,100,87.64,100
748,0.4,0.22,0.18,58.740000000000016,09:35:58,87.65,400,87.7,200,87.69,100
751,0.4,0.23,0.17,0.0,09:36:00,87.55,100,87.68,500,87.62,1716
759,0.38,0.21,0.17,2.25,09:36:02,87.53,400,87.66,200,87.55,100
769,0.36000000000000004,0.08,0.28,9.370000000000001,09:36:09,87.54,100,87.64,300,87.584,120
774,2.31,2.11,0.2,14.610000000000001,09:36:14,87.59,200,87.65,100,87.68,100
778,0.39,0.21,0.18,16.39,09:36:16,87.49,100,87.6,300,87.53,100
779,3.7600000000000002,3.33,0.43,20.150000000000002,09:36:20,87.5,300,87.6,400,87.58,100
790,0.38,0.09,0.29,24.490000000000002,09:36:24,87.47,400,87.56,100,87.515,100
795,0.33,0.1,0.23,26.310000000000006,09:36:26,87.48,100,87.55,300,87.52,200
805,0.65,0.28,0.37,30.470000000000006,09:36:30,87.49,400,87.55,200,87.5499,312
810,0.4,0.12,0.28,32.6,09:36:32,87.58,200,87.65,500,87.6,400
828,0.26,0.08,0.18,40.329999999999984,09:36:40,87.51,400,87.64,200,87.63,100
850,0.34,0.08,0.26,50.269999999999996,09:36:50,87.51,200,87.64,200,87.575,100
874,0.45,0.2,0.25,0.0,09:37:00,87.39,100,87.45,100,87.45,100
878,0.5900000000000001,0.07,0.52,2.18,09:37:02,87.42,200,87.56,100,87.56,100
882,0.47000000000000003,0.08,0.39,4.37,09:37:04,87.43,300,87.63,300,87.535,100
901,2.69,2.4,0.29,18.56,09:37:18,87.35,200,87.54,300,87.4572,237
905,0.42000000000000004,0.1,0.32,20.169999999999998,09:37:20,87.38,600,87.53,300,87.43,100
918,0.49,0.14,0.35,26.169999999999998,09:37:26,87.39,100,87.51,300,87.39,100
926,0.53,0.1,0.43,30.270000000000003,09:37:30,87.39,100,87.5,100,87.445,100
931,0.5,0.07,0.43,32.660000000000004,09:37:32,87.34,200,87.41,300,87.375,100
934,0.35000000000000003,0.07,0.28,34.13000000000001,09:37:34,87.41,100,87.44,200,87.425,100
939,0.47000000000000003,0.13,0.34,36.34000000000001,09:37:36,87.4,300,87.44,400,87.42,100
944,0.43,0.08,0.35,38.370000000000005,09:37:38,87.38,100,87.44,400,87.41,100
965,0.42,0.18,0.24,46.14999999999999,09:37:46,87.37,200,87.44,400,87.3951,100
970,0.46,0.2,0.26,48.26999999999999,09:37:48,87.37,200,87.42,100,87.37,100
1002,0.42,0.07,0.35,1.98,09:38:01,87.61,100,87.63,100,87.61,100
1011,0.56,0.27,0.29,6.1800000000000015,09:38:06,87.58,400,87.7,200,87.65,100
1015,1.01,0.75,0.26,8.510000000000002,09:38:08,87.63,300,87.75,1200,87.71,1252
1016,4.37,4.13,0.24,12.880000000000003,09:38:12,87.67,500,87.72,100,87.745,190
1043,0.49,0.08,0.41,26.16,09:38:26,87.66,4100,87.76,200,87.7,100
1047,0.48,0.19,0.29,28.22,09:38:28,87.7,100,87.75,100,87.76,100
1055,0.55,0.24,0.31,32.14,09:38:32,87.72,1200,87.77,200,87.75,200
1059,0.4,0.09,0.31,33.72999999999999,09:38:33,87.72,1500,87.77,300,87.723,1100
1065,0.28,0.07,0.21,35.82999999999999,09:38:35,87.72,2500,87.77,500,87.74,100
1068,0.41000000000000003,0.17,0.24,36.88999999999999,09:38:36,87.72,900,87.77,300,87.7665,100
1071,0.39,0.13,0.26,38.029999999999994,09:38:38,87.72,700,87.78,800,87.78,100
1079,0.45999999999999996,0.15,0.31,41.71999999999999,09:38:41,87.7,100,87.74,100,87.72,100
1099,0.58,0.23,0.35,49.90999999999998,09:38:49,87.59,200,87.7,300,87.695,100
1113,0.51,0.21,0.3,56.069999999999986,09:38:56,87.63,400,87.76,700,87.7227,350
1132,0.47,0.23,0.24,3.74,09:39:03,87.79,500,87.88,200,87.85,100
1135,0.42000000000000004,0.2,0.22,5.6000000000000005,09:39:05,87.8,100,87.88,100,87.87100000000001,100
1137,0.31,0.08,0.23,7.8,09:39:07,87.8,300,87.88,200,87.82,100
1142,0.37,0.18,0.19,9.600000000000001,09:39:09,87.8,300,87.92,400,87.81,100
1149,0.26,0.07,0.19,14.210000000000003,09:39:14,87.82,500,87.88,100,87.8534,340
1152,0.44,0.2,0.24,15.550000000000002,09:39:15,87.82,500,87.89,500,87.89,100
1159,2.5700000000000003,2.24,0.33,21.11,09:39:21,87.69,100,87.79,200,87.8,100
1161,0.37,0.09,0.28,21.900000000000002,09:39:21,87.71,100,87.78,200,87.785,100
1166,0.45,0.13,0.32,23.930000000000003,09:39:23,87.73,200,87.83,200,87.79,100
1172,0.31,0.07,0.24,25.76,09:39:25,87.76,100,87.87,600,87.83,100
1177,0.36,0.15,0.21,27.670000000000005,09:39:27,87.78,300,87.82,200,87.77,100
1193,0.44999999999999996,0.15,0.3,33.860000000000014,09:39:33,87.78,300,87.84,200,87.84,100
1238,0.38,0.19,0.19,51.750000000000036,09:39:51,87.52,200,87.74,300,87.6664,100
1269,2.0100000000000002,1.81,0.2,2.7600000000000002,09:40:02,87.59,200,87.67,200,87.66,100
1277,0.46,0.2,0.26,5.9,09:40:05,87.65,200,87.73,300,87.67,100
1281,1.3,0.91,0.39,8.440000000000001,09:40:08,87.65,100,87.73,400,87.6832,227
1308,0.42,0.18,0.24,23.730000000000004,09:40:23,87.45,200,87.56,200,87.49,100
1313,0.32,0.09,0.23,25.530000000000005,09:40:25,87.44,200,87.51,200,87.51,100
1319,0.49,0.28,0.21,27.800000000000004,09:40:27,87.42,100,87.52,100,87.5,300
1325,0.33,0.08,0.25,29.75,09:40:29,87.4,100,87.48,200,87.48,100
1352,0.44,0.24,0.2,40.019999999999996,09:40:40,87.48,100,87.58,200,87.54,100
1368,0.32,0.07,0.25,45.73999999999999,09:40:45,87.42,100,87.54,400,87.46,100
1372,0.48,0.17,0.31,47.539999999999985,09:40:47,87.44,200,87.54,400,87.495,100
1422,0.4,0.21,0.19,1.98,09:41:01,87.44,1000,87.56,200,87.4946,400
1482,0.45999999999999996,0.24,0.22,28.220000000000006,09:41:28,87.53,200,87.57,300,87.531,120
1555,0.30000000000000004,0.07,0.23,6.95,09:42:06,87.47,100,87.52,200,87.47,100
1566,0.41000000000000003,0.09,0.32,16.470000000000002,09:42:16,87.4,100,87.42,100,87.4022,100
1591,0.39,0.08,0.31,27.979999999999993,09:42:27,87.29,100,87.33,200,87.345,100
1606,0.48,0.22,0.26,34.29999999999999,09:42:34,87.25,200,87.32,300,87.281,340
1618,0.43000000000000005,0.15,0.28,40.029999999999994,09:42:40,87.22,200,87.3,200,87.28,100
1622,0.33,0.07,0.26,41.89999999999999,09:42:41,87.23,100,87.3,200,87.22,100
1654,0.45999999999999996,0.15,0.31,54.08999999999998,09:42:54,87.26,100,87.34,200,87.31,502
1667,0.41000000000000003,0.13,0.28,0.0,09:43:00,87.27,200,87.31,200,87.2856,100
1676,0.54,0.25,0.29,3.8200000000000003,09:43:03,87.33,100,87.42,2100,87.34,100
1680,0.45,0.2,0.25,5.66,09:43:05,87.34,100,87.44,200,87.3989,500
1685,0.29000000000000004,0.07,0.22,7.59,09:43:07,87.31,100,87.35,200,87.335,100
1702,1.5,1.18,0.32,17.550000000000004,09:43:17,87.23,2000,87.31,100,87.275,100
1703,1.58,1.25,0.33,19.130000000000003,09:43:19,87.24,100,87.31,100,87.286,500
1757,0.29000000000000004,0.07,0.22,39.77,09:43:39,87.35,100,87.41,100,87.35,100
1799,0.6,0.24,0.36,55.959999999999994,09:43:55,87.22,100,87.31,100,87.33,200
1815,0.33,0.07,0.26,0.0,09:44:00,87.24,100,87.27,100,87.27,100
1904,0.4,0.2,0.2,40.0,09:44:40,87.23,200,87.29,200,87.245,300
1921,0.41000000000000003,0.17,0.24,45.980000000000004,09:44:45,87.32,200,87.39,1800,87.285,100
2005,0.43,0.07,0.36,30.040000000000006,09:45:30,87.27,100,87.33,100,87.3,100
2041,0.5700000000000001,0.25,0.32,44.12000000000002,09:45:44,87.32,200,87.39,100,87.355,100
2046,0.41000000000000003,0.15,0.26,45.80000000000002,09:45:45,87.31,100,87.38,100,87.32,100
2067,0.47,0.18,0.29,54.210000000000015,09:45:54,87.34,100,87.39,100,87.3561,100
2112,2.15,1.73,0.42,14.58,09:46:14,87.37,100,87.42,300,87.385,100
2115,0.34,0.08,0.26,15.86,09:46:15,87.38,100,87.42,300,87.395,100
2120,0.46,0.14,0.32,22.250000000000004,09:46:22,87.25,200,87.31,300,87.2776,162
2383,0.44,0.26,0.18,3.8000000000000003,09:48:03,87.24,100,87.3,100,87.26,345
2414,3.29,3.03,0.26,20.97,09:48:20,87.21,100,87.24,200,87.2182,1400
2423,0.37,0.14,0.23,23.729999999999997,09:48:23,87.22,300,87.25,200,87.23,200
2490,0.33999999999999997,0.13,0.21,47.94,09:48:47,87.22,100,87.24,100,87.2322,100
2496,0.41000000000000003,0.21,0.2,49.73,09:48:49,87.24,100,87.26,100,87.2492,100
2524,0.51,0.2,0.31,0.0,09:49:00,87.21,100,87.25,100,87.2219,500
2683,3.7800000000000002,3.45,0.33,19.65,09:50:19,87.16,100,87.19,200,87.19,100
2684,0.37,0.17,0.2,20.02,09:50:20,87.1,200,87.14,500,87.14,100
2695,0.28,0.07,0.21,23.7,09:50:23,87.1,100,87.14,500,87.101,179
2767,0.33,0.08,0.25,55.800000000000004,09:50:55,87.12,300,87.17,300,87.1426,231
2853,0.48,0.22,0.26,34.01,09:51:34,87.13,100,87.17,200,87.131,150
2875,0.41000000000000003,0.2,0.21,41.81999999999998,09:51:41,87.12,200,87.17,100,87.15,100
2896,0.30000000000000004,0.07,0.23,49.72999999999998,09:51:49,87.12,200,87.17,300,87.13,100
2932,1.1,0.85,0.25,4.620000000000001,09:52:04,87.14,200,87.2,200,87.1301,900
2939,2.09,1.8,0.29,8.850000000000001,09:52:08,87.15,100,87.2,200,87.175,100
2972,0.25,0.07,0.18,23.880000000000003,09:52:23,87.15,200,87.2,100,87.17,200
3018,0.36,0.07,0.29,40.13,09:52:40,87.21,100,87.26,300,87.235,100
3059,0.47,0.3,0.17,54.230000000000004,09:52:54,87.18,200,87.21,300,87.1926,330
3094,0.26,0.07,0.19,12.389999999999999,09:53:12,87.19,200,87.21,100,87.2019,100
3227,0.39,0.22,0.17,0.0,09:54:00,87.24,600,87.29,300,87.26799999999999,500
3274,0.24000000000000002,0.07,0.17,27.850000000000005,09:54:27,87.24,500,87.29,400,87.2401,388
3429,0.43,0.18,0.25,28.109999999999992,09:55:28,87.1,100,87.14,100,87.115,400
3474,0.31,0.08,0.23,46.02000000000001,09:55:46,87.01,500,87.05,200,87.01,100
3484,0.33,0.07,0.26,50.16000000000002,09:55:50,87.0,100,87.04,200,87.0,100
3494,0.3,0.09,0.21,53.90000000000001,09:55:53,86.97,200,87.04,200,87.0016,121
3504,0.44,0.21,0.23,57.94000000000002,09:55:57,86.97,200,87.03,200,86.98,100
3513,0.42000000000000004,0.23,0.19,1.9,09:56:01,86.96,200,87.02,300,86.99,100
3518,0.91,0.63,0.28,4.27,09:56:04,86.94,200,86.97,200,86.96,200
3519,0.47,0.22,0.25,4.739999999999999,09:56:04,86.93,100,86.96,200,86.94,100
3522,0.33,0.07,0.26,5.89,09:56:05,86.98,100,87.02,200,87.005,100
3527,1.1400000000000001,0.91,0.23,11.21,09:56:11,86.97,100,87.02,200,86.97,100
3543,0.91,0.66,0.25,20.380000000000003,09:56:20,87.03,100,87.08,300,87.03,100
3597,0.38,0.19,0.19,41.92999999999999,09:56:41,87.06,100,87.11,200,87.06,100
3640,0.31,0.13,0.18,55.83,09:56:55,87.06,400,87.12,100,87.065,400
3657,0.38,0.09,0.29,0.0,09:57:00,87.07,100,87.12,200,87.0804,1000
3674,0.26,0.07,0.19,13.08,09:57:13,87.07,100,87.1,600,87.095,100
3688,0.37,0.12,0.25,21.950000000000003,09:57:21,87.04,100,87.09,200,87.059,200
3753,0.28,0.1,0.18,44.019999999999996,09:57:44,87.05,100,87.09,300,87.075,1000
3819,2.66,2.47,0.19,18.900000000000002,09:58:18,87.15,300,87.18,100,87.1734,100
3820,2.8000000000000003,2.64,0.16,21.700000000000003,09:58:21,87.15,500,87.18,100,87.165,100
3903,0.45000000000000007,0.17,0.28,50.120000000000005,09:58:50,87.11,100,87.14,100,87.1237,2229
3959,1.3099999999999998,1.14,0.17,14.76,09:59:14,87.13,100,87.16,100,87.116,100
4071,0.41000000000000003,0.18,0.23,54.11,09:59:54,87.12,100,87.15,300,87.135,300
4112,0.43,0.18,0.25,12.37,10:00:12,87.15,100,87.22,400,87.164,100
4116,1.8800000000000001,1.59,0.29,15.88,10:00:15,87.16,100,87.22,400,87.215,100
4138,0.41000000000000003,0.09,0.32,28.590000000000007,10:00:28,87.25,300,87.29,100,87.2697,100
4141,0.54,0.18,0.36,30.240000000000006,10:00:30,87.25,400,87.29,100,87.29,100
4187,0.71,0.23,0.48,51.09999999999998,10:00:51,87.32,200,87.37,300,87.3699,425
4223,0.41000000000000003,0.18,0.23,13.82,10:01:13,87.32,200,87.34,100,87.32700000000001,600
4360,0.26,0.08,0.18,0.0,10:02:00,87.31,400,87.34,100,87.333,100
4373,5.0600000000000005,4.79,0.27,10.74,10:02:10,87.31,400,87.34,200,87.325,100
4449,0.33,0.14,0.19,41.92,10:02:41,87.31,300,87.33,300,87.3171,100
4519,0.3,0.08,0.22,7.750000000000002,10:03:07,87.35,500,87.39,200,87.3709,100
4536,0.25,0.08,0.17,16.64,10:03:16,87.37,200,87.39,300,87.3895,100
4632,0.4,0.21,0.19,49.8,10:03:49,87.39,300,87.44,200,87.4078,203
4707,0.39,0.11,0.28,16.650000000000002,10:04:16,87.37,100,87.39,200,87.3641,2000
4769,0.5,0.28,0.22,40.63000000000001,10:04:40,87.34,500,87.38,200,87.35700000000001,100
4947,0.8699999999999999,0.69,0.18,8.740000000000002,10:06:08,87.29,300,87.32,100,87.2917,500
5107,0.25,0.08,0.17,19.11,10:07:19,87.24,200,87.27,300,87.2505,1000
5157,0.37,0.17,0.2,37.080000000000005,10:07:37,87.23,200,87.25,200,87.2366,671
5181,0.27,0.08,0.19,45.250000000000014,10:07:45,87.23,300,87.27,300,87.265,500
5273,0.34,0.07,0.27,24.1,10:08:24,87.18,100,87.22,100,87.1981,267
5305,0.48,0.21,0.27,35.99,10:08:35,87.17,100,87.22,400,87.195,100
5338,0.26,0.07,0.19,48.12000000000002,10:08:48,87.19,300,87.22,400,87.205,300
5349,0.30000000000000004,0.07,0.23,52.08000000000001,10:08:52,87.18,200,87.19,500,87.185,100
5379,0.32,0.09,0.23,6.410000000000001,10:09:06,87.16,100,87.19,100,87.1899,114
5401,0.36,0.07,0.29,23.740000000000006,10:09:23,87.21,200,87.25,200,87.2247,100
5546,0.32,0.12,0.2,0.0,10:13:00,87.25,400,87.28,700,87.279,100
5564,0.38,0.18,0.2,12.02,10:13:12,87.28,300,87.3,300,87.2857,1000
5664,0.38,0.21,0.17,52.140000000000015,10:13:52,87.23,200,87.27,300,87.2332,100
5717,1.59,1.33,0.26,0.0,10:14:00,87.23,200,87.26,800,87.2468,100
5843,0.35,0.17,0.18,0.0,10:15:00,87.19,100,87.22,100,87.219,150
6117,0.39,0.2,0.19,39.96,10:16:39,87.14,200,87.17,500,87.1532,200
6133,0.33,0.08,0.25,45.85,10:16:45,87.14,100,87.17,600,87.1595,100
6362,0.48000000000000004,0.28,0.2,16.24,10:19:16,87.17,100,87.19,100,87.1786,100
6454,0.43000000000000005,0.17,0.26,13.840000000000002,10:20:13,87.24,200,87.27,100,87.2602,300
6464,0.55,0.19,0.36,17.990000000000002,10:20:17,87.24,200,87.26,100,87.255,100
6569,0.64,0.28,0.36,16.099999999999998,10:21:16,87.23,200,87.28,400,87.25299999999999,300
6602,0.62,0.1,0.52,34.05999999999999,10:21:34,87.24,300,87.28,300,87.266,200
6814,0.33999999999999997,0.12,0.22,43.78,10:23:43,87.2,200,87.24,200,87.2364,200
6957,0.61,0.25,0.36,49.39000000000002,10:24:49,87.35,200,87.38,300,87.363,600
6987,0.74,0.27,0.47,17.929999999999996,10:25:17,87.33,200,87.36,400,87.34899999999999,100
7159,0.66,0.27,0.39,44.529999999999994,10:26:44,87.53,100,87.57,100,87.57,100
7188,0.36,0.19,0.17,0.91,10:27:00,87.6,200,87.66,500,87.6336,200
7211,0.41000000000000003,0.16,0.25,8.900000000000002,10:27:08,87.6,200,87.65,100,87.61200000000001,300
7217,0.4,0.16,0.24,11.020000000000003,10:27:11,87.6,200,87.65,100,87.625,100
7276,0.29,0.08,0.21,7.260000000000001,10:28:07,87.53,700,87.57,400,87.5592,100
7293,0.25,0.08,0.17,18.029999999999998,10:28:18,87.53,100,87.57,600,87.5468,400
7312,0.39,0.22,0.17,24.06,10:28:24,87.53,100,87.56,600,87.5483,300
7347,0.36,0.07,0.29,36.04999999999999,10:28:36,87.53,100,87.56,700,87.5431,100
7381,0.38,0.17,0.21,48.3,10:28:48,87.52,100,87.53,200,87.525,100
7510,0.45999999999999996,0.24,0.22,39.90000000000001,10:29:39,87.55,100,87.58,200,87.5779,100
7571,0.55,0.24,0.31,0.55,10:30:00,87.56,100,87.58,200,87.565,100
7575,0.41000000000000003,0.08,0.33,2.3600000000000003,10:30:02,87.56,100,87.58,300,87.57700000000001,100
7665,0.45,0.18,0.27,44.07,10:30:44,87.53,900,87.56,400,87.5474,300
7670,0.46,0.2,0.26,46.17,10:30:46,87.51,400,87.56,600,87.545,100
7726,0.32,0.07,0.25,0.0,10:31:00,87.48,100,87.53,300,87.529,250
7840,0.30000000000000004,0.07,0.23,14.610000000000007,10:33:14,87.4,200,87.46,700,87.455,100
8070,0.64,0.08,0.56,0.0,10:35:00,87.42,200,87.44,200,87.42200000000001,1000
8207,0.62,0.09,0.53,44.25999999999998,10:36:44,87.32,100,87.35,200,87.3308,100
8283,0.59,0.08,0.51,33.500000000000014,10:37:33,87.28,200,87.3,200,87.2984,138
8341,1.06,0.76,0.3,12.430000000000001,10:38:12,87.31,200,87.34,400,87.3194,175
8350,0.62,0.27,0.35,20.009999999999998,10:38:20,87.31,200,87.34,400,87.3379,100
8526,0.64,0.17,0.47,35.95,10:40:35,87.48,200,87.5,1100,87.48200000000001,100
8580,2.0,1.43,0.57,9.209999999999999,10:41:09,87.41,200,87.44,300,87.431,2600
8605,0.66,0.2,0.46,28.63,10:41:28,87.38,300,87.4,100,87.3872,500
8621,0.5900000000000001,0.07,0.52,37.99,10:41:37,87.42,200,87.45,300,87.4349,100
8660,0.5900000000000001,0.26,0.33,1.62,10:42:01,87.37,100,87.42,200,87.3765,100
8696,0.7899999999999999,0.21,0.58,27.85,10:42:27,87.35,200,87.4,200,87.351,150
8737,0.63,0.2,0.43,52.08000000000001,10:42:52,87.41,200,87.43,300,87.415,500
8927,0.6499999999999999,0.24,0.41,0.0,10:45:00,87.37,200,87.41,600,87.3881,125
8947,2.3600000000000003,1.84,0.52,18.15,10:45:18,87.34,100,87.38,300,87.3576,675
9030,0.63,0.21,0.42,9.82,10:46:09,87.36,100,87.39,100,87.3724,100
9034,0.5900000000000001,0.26,0.33,12.02,10:46:12,87.36,100,87.39,400,87.3774,300
9065,0.5900000000000001,0.07,0.52,31.83,10:46:31,87.32,1000,87.34,100,87.3425,100
9264,0.6,0.24,0.36,50.01,10:48:50,87.24,600,87.27,400,87.2502,500
9282,0.99,0.55,0.44,0.0,10:49:00,87.25,100,87.28,200,87.2501,200
9308,0.44,0.08,0.36,17.45,10:49:17,87.25,100,87.29,500,87.251,100
9322,0.56,0.19,0.37,25.410000000000004,10:49:25,87.25,200,87.28,200,87.2785,162
9484,0.76,0.22,0.54,23.970000000000006,10:51:23,87.28,200,87.32,200,87.3199,2000
9491,0.62,0.22,0.4,28.390000000000008,10:51:28,87.28,200,87.32,200,87.2948,1450
9494,0.77,0.21,0.56,30.360000000000007,10:51:30,87.29,300,87.34,100,87.315,100
9506,0.5900000000000001,0.27,0.32,37.950000000000024,10:51:37,87.29,100,87.34,300,87.3231,100
9821,1.79,1.23,0.56,11.36,10:57:11,87.54,200,87.57,500,87.541,300
9830,0.61,0.19,0.42,16.189999999999998,10:57:16,87.57,100,87.58,500,87.5756,100
9839,0.5800000000000001,0.07,0.51,23.550000000000004,10:57:23,87.54,100,87.56,200,87.5599,600
9979,0.59,0.08,0.51,41.780000000000015,10:58:41,87.54,100,87.56,300,87.5533,400
9997,0.5700000000000001,0.2,0.37,2.21,10:59:02,87.55,200,87.56,200,87.555,300
10078,0.76,0.35,0.41,54.17000000000003,10:59:54,87.5,200,87.54,200,87.5225,100
10092,4.41,3.87,0.54,5.6,11:00:05,87.52,100,87.54,100,87.5287,110
10155,0.43,0.08,0.35,49.80000000000001,11:00:49,87.43,100,87.46,200,87.4499,100
10232,0.57,0.08,0.49,46.190000000000005,11:01:46,87.43,100,87.49,400,87.465,125
10359,0.56,0.22,0.34,18.16,11:05:18,87.45,100,87.48,400,87.4668,200
10367,0.43,0.13,0.3,22.400000000000002,11:05:22,87.46,200,87.48,300,87.4601,820
10374,0.6,0.17,0.43,26.380000000000003,11:05:26,87.47,100,87.49,100,87.475,200
10377,0.45,0.08,0.37,28.020000000000003,11:05:28,87.47,100,87.49,200,87.4784,1000
10414,0.62,0.23,0.39,0.0,11:06:00,87.49,300,87.52,200,87.5018,500
10417,0.5700000000000001,0.14,0.43,1.78,11:06:01,87.49,300,87.52,200,87.505,100
10506,0.6000000000000001,0.2,0.4,0.0,11:07:00,87.48,200,87.52,1400,87.4976,500
10532,0.63,0.28,0.35,22.61,11:07:22,87.49,400,87.53,200,87.5036,250
10602,0.64,0.22,0.42,0.0,11:08:00,87.52,100,87.54,200,87.53399999999999,1300
11050,0.62,0.08,0.54,2.0100000000000002,11:13:02,87.53,200,87.55,1400,87.5495,100
11193,0.57,0.08,0.49,45.79999999999998,11:14:45,87.55,200,87.58,700,87.5501,100
11247,0.62,0.08,0.54,10.19,11:17:10,87.42,700,87.44,300,87.4201,460
11250,0.63,0.18,0.45,16.81,11:17:16,87.42,700,87.44,300,87.4399,260
11449,0.61,0.13,0.48,31.659999999999997,11:19:31,87.27,200,87.3,200,87.2725,150
11587,4.01,3.41,0.6,16.580000000000002,11:21:16,87.32,300,87.36,600,87.321,2000
11600,0.62,0.1,0.52,25.41000000000001,11:21:25,87.32,300,87.36,600,87.3534,600
11616,0.76,0.07,0.69,37.800000000000004,11:21:37,87.33,200,87.36,100,87.3592,100
11750,0.63,0.17,0.46,7.81,11:23:07,87.39,100,87.42,500,87.405,100
11856,0.61,0.08,0.53,10.019999999999998,11:24:10,87.41,200,87.46,200,87.435,100
12004,0.6,0.08,0.52,15.449999999999998,11:26:15,87.37,200,87.42,400,87.4084,200
12036,0.5599999999999999,0.21,0.35,0.5599999999999999,11:27:00,87.36,200,87.41,200,87.3775,200
12091,7.41,6.91,0.5,20.6,11:29:20,87.33,200,87.36,300,87.3436,200
12148,18.869999999999997,18.13,0.74,25.31,11:30:25,87.31,300,87.35,300,87.3497,3598
12356,0.6000000000000001,0.2,0.4,40.22999999999999,11:32:40,87.31,300,87.35,500,87.3324,100
12379,0.79,0.26,0.53,7.970000000000001,11:33:07,87.35,100,87.36,100,87.3527,300
12459,0.61,0.08,0.53,56.61000000000001,11:33:56,87.32,100,87.34,200,87.3275,100
12529,0.5900000000000001,0.07,0.52,47.750000000000014,11:34:47,87.31,200,87.36,500,87.3105,280
12541,0.76,0.07,0.69,56.11000000000001,11:34:56,87.31,200,87.36,600,87.3204,100
12648,0.75,0.08,0.67,22.78,11:37:22,87.52,300,87.54,100,87.5284,293
12719,1.99,1.45,0.54,11.840000000000002,11:38:11,87.52,300,87.55,200,87.5377,150
12728,0.62,0.12,0.5,23.810000000000006,11:38:23,87.52,400,87.55,1000,87.5489,100
12800,0.63,0.28,0.35,11.450000000000001,11:41:11,87.57,200,87.6,1000,87.585,200
12813,1.57,1.07,0.5,21.990000000000002,11:41:21,87.57,300,87.6,1000,87.5831,500
12891,0.25,0.07,0.18,6.0200000000000005,11:42:06,87.58,200,87.6,900,87.5887,300
12909,3.11,2.79,0.32,16.759999999999998,11:42:16,87.59,1600,87.64,1300,87.615,200
13004,0.39,0.19,0.2,49.800000000000004,11:42:49,87.57,300,87.6,200,87.5897,100
13037,0.75,0.55,0.2,4.07,11:43:04,87.49,100,87.51,600,87.5001,100
13105,0.33,0.08,0.25,39.13000000000001,11:43:39,87.53,200,87.56,200,87.54799999999999,100
13145,0.25,0.07,0.18,0.99,11:45:00,87.51,200,87.53,200,87.5187,200
13745,0.28,0.1,0.18,0.0,11:49:00,87.54,200,87.6,1000,87.5787,200
14103,0.4,0.15,0.25,8.149999999999999,11:51:08,87.49,100,87.51,200,87.4895,1200
14198,0.36,0.19,0.17,0.0,11:52:00,87.49,300,87.52,300,87.5095,100
14737,0.31,0.07,0.24,40.12000000000001,11:55:40,87.53,200,87.55,300,87.5331,382
14955,0.39,0.21,0.18,52.13000000000004,11:56:52,87.53,100,87.55,100,87.53299999999999,300
15206,0.29000000000000004,0.07,0.22,37.11999999999998,11:58:37,87.59,300,87.6,500,87.595,400
15270,0.4,0.17,0.23,9.850000000000001,11:59:09,87.57,200,87.6,300,87.5999,150
15318,0.27,0.07,0.2,31.580000000000016,11:59:31,87.58,100,87.62,300,87.583,1424
15778,0.25,0.07,0.18,20.039999999999992,12:02:20,87.58,200,87.59,200,87.581,240
16194,1.01,0.74,0.27,0.0,12:05:00,87.58,300,87.6,300,87.5817,500
16345,0.24000000000000002,0.07,0.17,0.0,12:06:00,87.5,200,87.54,700,87.5399,114
16587,0.35,0.17,0.18,26.410000000000004,12:07:26,87.51,300,87.54,500,87.5232,100
16621,0.33999999999999997,0.15,0.19,38.34000000000001,12:07:38,87.51,200,87.54,500,87.5226,150
16672,1.38,1.03,0.35,13.86,12:08:13,87.53,200,87.56,200,87.5406,130
16982,0.28,0.09,0.19,15.82,12:10:15,87.55,200,87.58,600,87.5675,889
17054,0.24000000000000002,0.07,0.17,39.839999999999996,12:10:39,87.55,200,87.58,600,87.5768,300
17185,0.35,0.17,0.18,17.03,12:11:17,87.59,300,87.62,200,87.6199,1840
17205,0.24000000000000002,0.07,0.17,22.97,12:11:22,87.6,200,87.62,200,87.6087,300
17343,0.35,0.17,0.18,23.8,12:12:23,87.57,300,87.6,300,87.5912,230
17677,0.32,0.12,0.2,20.319999999999997,12:14:20,87.56,100,87.58,100,87.5727,400
18256,0.25,0.09,0.16,13.680000000000003,12:18:13,87.59,200,87.61,200,87.605,100
18571,0.36,0.19,0.17,0.0,12:20:00,87.6,400,87.64,200,87.626,460
18653,0.41000000000000003,0.21,0.2,33.50000000000001,12:20:33,87.66,100,87.69,300,87.661,300
19035,0.62,0.29,0.33,6.45,12:23:06,87.72,100,87.74,700,87.73,280
19040,3.77,3.48,0.29,11.45,12:23:11,87.72,200,87.74,200,87.7287,200
19158,0.32999999999999996,0.09,0.24,0.0,12:24:00,87.76,600,87.79,900,87.775,300
19177,3.42,3.16,0.26,10.030000000000001,12:24:10,87.74,200,87.78,1000,87.755,300
19182,0.3,0.08,0.22,12.520000000000003,12:24:12,87.72,200,87.75,200,87.735,100
19190,0.35,0.09,0.26,16.630000000000003,12:24:16,87.71,300,87.74,200,87.7377,400
19316,2.4,2.01,0.39,9.86,12:25:09,87.75,300,87.78,500,87.7503,300
19405,0.37,0.13,0.24,49.90999999999999,12:25:49,87.73,300,87.77,300,87.7432,100
19498,0.53,0.28,0.25,34.220000000000006,12:26:34,87.76,400,87.78,300,87.7736,200
19531,0.32,0.08,0.24,45.93,12:26:45,87.79,300,87.81,100,87.7905,400
19600,0.56,0.23,0.33,22.090000000000003,12:27:22,87.79,200,87.82,400,87.7975,200
19632,0.29000000000000004,0.09,0.2,31.87,12:27:31,87.79,100,87.82,300,87.805,100
19713,0.36,0.19,0.17,57.54999999999996,12:27:57,87.77,300,87.8,400,87.7869,100
19720,0.25,0.08,0.17,0.0,12:28:00,87.77,300,87.8,400,87.7999,400
19766,0.41000000000000003,0.24,0.17,22.15,12:28:22,87.75,200,87.78,300,87.765,100
19826,0.27,0.08,0.19,41.77000000000001,12:28:41,87.7,100,87.71,300,87.7003,400
20367,2.97,2.68,0.29,14.75,12:32:14,87.69,200,87.71,200,87.6997,220
20408,0.26,0.07,0.19,29.660000000000014,12:32:29,87.69,200,87.71,200,87.6987,150
20706,0.35,0.19,0.16,30.909999999999997,12:34:30,87.57,300,87.6,700,87.571,200
20776,0.27,0.07,0.2,51.88,12:34:51,87.56,100,87.59,600,87.5764,125
20834,1.12,0.77,0.35,14.850000000000001,12:35:14,87.58,100,87.6,100,87.6025,100
20936,0.55,0.27,0.28,50.23999999999998,12:35:50,87.58,300,87.59,200,87.5889,100
21331,0.27,0.08,0.19,23.809999999999995,12:38:23,87.68,300,87.69,300,87.6851,100
21437,0.23,0.07,0.16,9.100000000000003,12:39:09,87.59,100,87.62,1000,87.6101,235
21587,0.29000000000000004,0.07,0.22,43.88999999999999,12:40:43,87.55,100,87.57,400,87.5667,391
22170,0.38,0.2,0.18,6.199999999999999,12:47:06,87.49,200,87.51,200,87.48100000000001,100
22290,0.28,0.07,0.21,53.770000000000024,12:47:53,87.52,200,87.54,200,87.5309,100
22311,0.34,0.14,0.2,0.34,12:48:00,87.52,200,87.54,300,87.539,900
22337,0.39,0.21,0.18,12.450000000000003,12:48:12,87.52,200,87.53,300,87.5282,100
22556,0.29000000000000004,0.07,0.22,33.80000000000002,12:49:33,87.46,300,87.49,500,87.4799,100
22761,0.36,0.17,0.19,59.880000000000024,12:50:59,87.49,100,87.51,200,87.4987,400
23415,4.83,4.66,0.17,13.780000000000001,12:55:13,87.5,400,87.53,600,87.5003,100
23576,1.53,1.28,0.25,14.64,12:56:14,87.55,300,87.56,200,87.55799999999999,225
23961,0.25,0.08,0.17,33.99999999999998,12:58:33,87.54,100,87.57,300,87.5526,138
24258,0.36,0.18,0.18,49.15000000000002,13:01:49,87.51,100,87.53,200,87.5194,150
24336,0.24,0.08,0.16,27.929999999999986,13:02:27,87.48,200,87.51,300,87.4992,500
24798,0.23,0.07,0.16,18.650000000000002,13:05:18,87.55,200,87.57,300,87.5527,200
25088,0.27,0.09,0.18,16.240000000000002,13:10:16,87.53,300,87.55,600,87.5369,1073
25463,0.43,0.07,0.36,3.9900000000000007,13:13:03,87.59,200,87.61,300,87.5988,175
25500,0.5700000000000001,0.26,0.31,31.150000000000006,13:13:31,87.57,200,87.6,300,87.5943,110
25874,0.5700000000000001,0.07,0.5,47.720000000000006,13:17:47,87.52,200,87.55,500,87.5336,100
26129,0.6,0.25,0.35,40.16000000000002,13:20:40,87.51,100,87.52,200,87.5199,150
26533,1.18,0.23,0.95,24.45,13:25:24,87.54,200,87.56,200,87.54899999999999,255
26703,1.4000000000000001,0.09,1.31,19.409999999999997,13:29:19,87.57,200,87.59,300,87.5818,420
26922,4.1899999999999995,3.02,1.17,0.0,13:34:00,87.57,300,87.6,300,87.5813,345
27012,1.1800000000000002,0.1,1.08,0.0,13:36:00,87.65,500,87.7,700,87.65100000000001,100
27170,1.01,0.19,0.82,27.83,13:39:27,87.66,300,87.69,100,87.675,100
27249,1.0,0.07,0.93,43.190000000000005,13:41:43,87.67,300,87.7,400,87.685,100
27593,0.98,0.09,0.89,50.17,13:48:50,87.58,100,87.59,400,87.5805,500
27656,0.8300000000000001,0.18,0.65,49.61000000000001,13:49:49,87.59,200,87.6,300,87.59100000000001,110
27714,1.3699999999999999,0.23,1.14,0.0,13:51:00,87.5,100,87.52,500,87.5065,262
27717,1.3699999999999999,0.23,1.14,3.99,13:51:03,87.5,100,87.52,500,87.501,209
27726,1.41,0.24,1.17,18.180000000000003,13:51:18,87.5,100,87.52,400,87.5091,100
27792,0.99,0.17,0.82,39.18999999999999,13:52:39,87.49,200,87.51,400,87.4925,256
28035,4.0200000000000005,3.37,0.65,0.0,13:57:00,87.49,100,87.5,200,87.4901,130
28213,0.8200000000000001,0.17,0.65,44.78999999999999,14:00:44,87.46,100,87.49,300,87.4675,100
28344,1.21,0.19,1.02,21.03,14:03:21,87.38,300,87.4,300,87.3887,1000
28475,1.2,0.16,1.04,5.19,14:06:05,87.44,100,87.46,300,87.4484,1000
28565,0.8099999999999999,0.09,0.72,0.0,14:08:00,87.46,100,87.49,300,87.4731,300
28610,0.82,0.09,0.73,53.58,14:08:53,87.44,100,87.45,200,87.4401,100
28764,1.0,0.21,0.79,53.980000000000004,14:11:53,87.47,100,87.49,100,87.4701,159
28893,2.42,1.66,0.76,5.8,14:14:05,87.46,300,87.47,300,87.4626,1000
28945,1.0,0.26,0.74,2.0,14:15:02,87.5,200,87.52,500,87.5028,510
28993,1.02,0.12,0.9,53.81999999999999,14:15:53,87.5,300,87.53,1000,87.5168,1000
29077,0.81,0.14,0.67,34.79,14:17:34,87.48,200,87.5,400,87.4801,450
29192,0.82,0.09,0.73,40.63999999999998,14:19:40,87.42,300,87.44,300,87.421,112
29312,3.42,2.83,0.59,17.99,14:21:17,87.35,100,87.37,500,87.3502,200
29342,0.45,0.07,0.38,36.46,14:21:36,87.34,100,87.35,600,87.3444,1000
29599,1.98,1.47,0.51,14.760000000000002,14:24:14,87.38,100,87.39,200,87.3809,500
29674,1.78,1.3,0.48,0.0,14:25:00,87.37,300,87.39,500,87.3791,109
30007,0.45999999999999996,0.15,0.31,0.0,14:29:00,87.44,200,87.47,100,87.4539,300
30065,0.5900000000000001,0.14,0.45,43.57000000000002,14:29:43,87.43,300,87.47,300,87.4366,978
30205,0.59,0.08,0.51,4.06,14:31:04,87.46,100,87.48,300,87.46700000000001,400
30307,1.56,0.96,0.6,14.37,14:32:14,87.39,100,87.4,800,87.3999,461
30549,0.6,0.13,0.47,7.399999999999999,14:37:07,87.41,400,87.44,300,87.4101,100
30715,0.5900000000000001,0.13,0.46,19.95,14:39:19,87.41,200,87.42,300,87.4167,300
31216,0.62,0.1,0.52,17.639999999999997,14:45:17,87.37,100,87.4,100,87.3749,153
31296,0.78,0.07,0.71,25.970000000000002,14:46:25,87.81,200,87.9,300,87.825,500
31301,0.81,0.17,0.64,29.970000000000002,14:46:29,87.69,100,87.73,200,87.6905,300
31304,0.77,0.23,0.54,31.950000000000003,14:46:31,87.66,200,87.7,100,87.708,1000
31339,0.62,0.08,0.54,56.36000000000001,14:46:56,87.83,100,87.9,100,87.87,100
31341,1.79,1.09,0.7,0.0,14:47:00,87.83,200,87.89,200,87.9,100
31354,0.61,0.14,0.47,12.239999999999998,14:47:12,87.81,100,87.93,400,87.91,100
31359,0.6000000000000001,0.07,0.53,15.249999999999998,14:47:15,87.89,200,88.0,11500,87.98,100
31362,3.39,2.81,0.58,19.84,14:47:19,87.94,300,88.02,100,87.99,100
31363,0.5700000000000001,0.12,0.45,20.41,14:47:20,87.94,100,88.02,400,88.0145,100
31364,0.62,0.24,0.38,21.03,14:47:21,87.94,100,88.02,500,87.956,1000
31368,0.62,0.26,0.36,23.23,14:47:23,87.94,200,88.02,500,88.0136,100
31369,7.77,7.34,0.43,31.0,14:47:31,87.95,200,88.04,200,88.035,300
31370,0.6,0.17,0.43,31.6,14:47:31,87.95,200,88.04,200,88.03,100
31372,0.61,0.2,0.41,32.83,14:47:32,87.96,100,88.04,200,88.0345,100
31379,0.62,0.23,0.39,36.81999999999999,14:47:36,87.96,300,88.04,200,87.9988,100
31383,0.5800000000000001,0.07,0.51,39.19999999999999,14:47:39,87.96,300,88.04,200,88.04,100
31393,0.5700000000000001,0.07,0.5,44.789999999999985,14:47:44,88.03,100,88.07,100,88.07,136
31394,0.43,0.07,0.36,45.219999999999985,14:47:45,88.03,200,88.09,200,88.06,100
31397,0.43,0.07,0.36,46.829999999999984,14:47:46,88.06,100,88.1,400,88.1,100
31405,0.5700000000000001,0.2,0.37,50.999999999999986,14:47:50,88.08,200,88.19,300,88.15,100
31408,0.42,0.07,0.35,52.59999999999999,14:47:52,88.12,200,88.19,300,88.16,100
31412,0.6,0.25,0.35,54.78999999999999,14:47:54,88.12,200,88.19,300,88.1455,1000
31416,0.59,0.24,0.35,57.18,14:47:57,88.12,200,88.19,300,88.18,100
31419,0.58,0.21,0.37,0.0,14:48:00,88.17,100,88.24,100,88.19,100
31423,3.59,3.03,0.56,5.17,14:48:05,88.19,300,88.25,400,88.1701,100
31424,2.6,2.04,0.56,7.77,14:48:07,88.02,200,88.16,300,88.09,100
31431,0.75,0.23,0.52,14.559999999999999,14:48:14,87.82,200,87.86,300,87.86,100
31448,0.5700000000000001,0.07,0.5,26.02,14:48:26,87.79,300,87.9,500,87.865,200
31463,0.44,0.08,0.36,34.05,14:48:34,87.88,100,87.98,200,87.881,400
31471,0.43,0.07,0.36,38.25,14:48:38,87.88,200,87.98,100,87.88,600
31474,0.43,0.08,0.35,39.86000000000001,14:48:39,87.88,100,87.97,700,87.97,100
31478,0.59,0.18,0.41,42.220000000000006,14:48:42,87.88,100,87.97,700,87.925,200
31482,0.43,0.07,0.36,44.25000000000001,14:48:44,87.89,200,87.97,700,87.9287,100
31485,0.6,0.17,0.43,46.00000000000001,14:48:46,87.89,200,87.97,700,87.8976,907
31497,0.43,0.07,0.36,52.24000000000001,14:48:52,87.89,200,87.95,100,87.95,466
31516,0.5700000000000001,0.14,0.43,2.1900000000000004,14:49:02,87.91,100,87.98,100,87.9284,200
31519,0.45,0.14,0.31,3.630000000000001,14:49:03,87.92,100,87.98,200,87.93,100
31523,0.43,0.07,0.36,5.630000000000001,14:49:05,87.92,100,87.97,600,87.92,100
31536,2.4299999999999997,1.93,0.5,20.669999999999998,14:49:20,87.87,400,87.97,800,87.94,100
31541,0.77,0.09,0.68,24.009999999999994,14:49:24,87.87,400,87.95,200,87.9499,200
31553,0.5900000000000001,0.07,0.52,31.829999999999995,14:49:31,87.88,200,87.95,200,87.915,100
31586,0.56,0.11,0.45,50.00000000000001,14:49:50,87.85,300,87.89,200,87.8676,150
31635,0.82,0.23,0.59,30.23,14:50:30,87.83,200,87.86,200,87.845,100
31637,0.6499999999999999,0.08,0.57,31.64,14:50:31,87.84,100,87.86,100,87.8436,349
31640,0.7999999999999999,0.22,0.58,34.01,14:50:34,87.83,300,87.84,200,87.835,100
31684,1.78,1.32,0.46,7.970000000000001,14:51:07,87.68,200,87.73,100,87.705,100
31718,0.6,0.24,0.36,38.19000000000001,14:51:38,87.66,100,87.7,200,87.6627,400
31745,0.62,0.08,0.54,54.40000000000001,14:51:54,87.64,1300,87.67,100,87.655,100
31773,0.44,0.08,0.36,16.060000000000002,14:52:16,87.65,300,87.68,400,87.665,100
31801,0.57,0.09,0.48,33.79000000000001,14:52:33,87.68,200,87.7,700,87.6999,600
31845,0.6399999999999999,0.07,0.57,0.0,14:53:00,87.74,200,87.78,100,87.75200000000001,1000
31853,2.77,2.13,0.64,7.17,14:53:07,87.78,200,87.84,100,87.7892,100
31863,0.96,0.38,0.58,15.75,14:53:15,87.78,100,87.83,400,87.803,1000
31868,0.44999999999999996,0.15,0.3,20.000000000000004,14:53:20,87.76,1000,87.83,500,87.795,100
31949,0.42,0.07,0.35,18.04,14:54:18,87.69,300,87.73,200,87.7299,800
31981,0.76,0.07,0.69,37.98,14:54:37,87.78,100,87.84,300,87.8116,200
32007,0.63,0.14,0.49,56.160000000000025,14:54:56,87.79,100,87.83,300,87.7972,500
32035,0.75,0.25,0.5,17.11,14:55:17,87.8,300,87.84,100,87.815,100
32046,0.6100000000000001,0.07,0.54,25.509999999999998,14:55:25,87.8,300,87.85,400,87.8148,790
32094,0.6499999999999999,0.18,0.47,25.630000000000003,14:56:25,87.7,200,87.74,300,87.704,1700
32232,0.6000000000000001,0.27,0.33,22.819999999999997,14:58:22,87.78,200,87.8,200,87.7939,400
32341,0.57,0.21,0.36,39.400000000000006,14:59:39,87.82,200,87.85,400,87.8458,200
32345,0.5700000000000001,0.07,0.5,41.60000000000001,14:59:41,87.82,200,87.85,400,87.8238,100
32422,0.57,0.16,0.41,32.01,15:00:32,87.78,200,87.82,100,87.7847,500
32441,0.43,0.07,0.36,42.04999999999999,15:00:42,87.78,200,87.82,100,87.7982,190
32488,2.64,1.98,0.66,12.020000000000001,15:01:12,87.77,200,87.79,400,87.7729,100
32508,0.8400000000000001,0.2,0.64,28.209999999999997,15:01:28,87.78,100,87.8,100,87.7809,1000
32514,0.8,0.18,0.62,32.349999999999994,15:01:32,87.78,200,87.81,200,87.8099,331
32543,0.7799999999999999,0.09,0.69,52.550000000000004,15:01:52,87.75,100,87.78,200,87.7699,275
32611,0.7999999999999999,0.22,0.58,0.0,15:03:00,87.69,400,87.73,600,87.7126,113
32657,0.85,0.21,0.64,38.480000000000004,15:03:38,87.66,200,87.7,400,87.6661,100
32682,0.66,0.12,0.54,56.28,15:03:56,87.63,100,87.65,200,87.6242,1200
32772,0.79,0.23,0.56,0.0,15:05:00,87.63,200,87.64,100,87.6345,100
32814,0.83,0.21,0.62,31.870000000000008,15:05:31,87.68,300,87.71,200,87.7099,534
32817,0.8,0.24,0.56,34.190000000000005,15:05:34,87.68,400,87.71,200,87.6936,100
32926,0.64,0.08,0.56,0.0,15:07:00,87.66,100,87.69,200,87.6615,300
32934,1.82,1.03,0.79,13.170000000000002,15:07:13,87.64,300,87.66,100,87.6464,191
33312,0.7899999999999999,0.21,0.58,31.240000000000006,15:11:31,87.71,200,87.74,200,87.7289,500
33463,0.43,0.07,0.36,37.86999999999999,15:13:37,87.72,600,87.75,300,87.7243,500
33537,0.59,0.21,0.38,27.990000000000006,15:14:27,87.76,100,87.77,400,87.7648,3000
33541,0.5800000000000001,0.07,0.51,30.000000000000007,15:14:30,87.77,100,87.79,300,87.7791,250
33571,0.6,0.18,0.42,46.18000000000001,15:14:46,87.76,300,87.79,200,87.7732,225
33598,0.7699999999999999,0.08,0.69,0.0,15:15:00,87.77,200,87.79,400,87.7874,1000
33678,0.61,0.18,0.43,51.79999999999998,15:15:51,87.77,200,87.82,400,87.8026,140
33693,0.5900000000000001,0.07,0.52,0.0,15:16:00,87.77,300,87.82,400,87.79700000000001,182
33791,0.43,0.13,0.3,15.99,15:17:15,87.87,200,87.9,300,87.883,100
33868,4.59,3.97,0.62,9.2,15:18:09,87.85,200,87.87,400,87.869,400
33965,0.61,0.21,0.4,24.009999999999998,15:19:24,87.74,400,87.75,600,87.7468,3000
34021,0.43,0.07,0.36,0.0,15:20:00,87.77,300,87.78,200,87.7752,450
34039,3.02,2.38,0.64,13.77,15:20:13,87.77,300,87.78,300,87.7743,100
34040,0.81,0.16,0.65,14.58,15:20:14,87.77,400,87.78,300,87.7783,840
34133,2.18,1.56,0.62,14.999999999999998,15:21:14,87.77,200,87.78,300,87.7762,208
34311,0.77,0.41,0.36,14.65,15:23:14,87.82,700,87.83,1700,87.8241,880
34399,0.62,0.18,0.44,28.01,15:24:28,87.8,300,87.82,300,87.8105,102
34409,0.59,0.24,0.35,34.24000000000001,15:24:34,87.81,200,87.83,1500,87.8191,240
34481,0.7699999999999999,0.08,0.69,28.129999999999995,15:25:28,87.81,500,87.83,2000,87.8156,631
34614,0.66,0.21,0.45,55.99000000000001,15:26:55,87.84,200,87.85,400,87.8457,228
34763,0.62,0.16,0.46,34.54000000000001,15:28:34,87.84,300,87.85,200,87.8444,143
34781,0.6000000000000001,0.14,0.46,45.92000000000002,15:28:45,87.85,200,87.86,400,87.855,100
34828,0.8200000000000001,0.27,0.55,21.999999999999996,15:29:21,87.85,500,87.86,900,87.8515,100
34986,0.59,0.08,0.51,34.15,15:31:34,87.89,300,87.9,400,87.885,100
35018,0.5900000000000001,0.07,0.52,0.0,15:32:00,87.88,100,87.9,200,87.8891,250
35056,0.6,0.23,0.37,26.0,15:32:26,87.91,400,87.92,100,87.9199,154
35058,0.57,0.08,0.49,27.18,15:32:27,87.91,400,87.92,100,87.911,400
35060,0.5700000000000001,0.07,0.5,28.2,15:32:28,87.91,500,87.92,100,87.9146,183
35115,3.4099999999999997,2.84,0.57,0.0,15:33:00,87.89,200,87.9,500,87.8982,320
35129,0.56,0.13,0.43,11.33,15:33:11,87.87,400,87.88,600,87.8771,100
35157,0.6,0.24,0.36,29.56,15:33:29,87.87,500,87.88,500,87.875,100
35167,0.64,0.08,0.56,35.59,15:33:35,87.85,300,87.86,300,87.8587,113
35190,0.76,0.31,0.45,51.360000000000014,15:33:51,87.83,200,87.84,1300,87.837,100
35242,0.6000000000000001,0.07,0.53,36.19000000000001,15:34:36,87.82,100,87.83,400,87.8246,200
35322,0.59,0.15,0.44,25.660000000000004,15:35:25,87.82,100,87.83,900,87.8235,100
35341,0.62,0.22,0.4,35.89000000000001,15:35:35,87.84,500,87.85,100,87.84100000000001,100
35358,0.58,0.16,0.42,45.470000000000006,15:35:45,87.83,100,87.84,300,87.8346,200
35654,3.38,2.83,0.55,14.0,15:39:14,87.78,3200,87.79,200,87.7899,100
35677,0.5700000000000001,0.07,0.5,27.62,15:39:27,87.8,700,87.81,200,87.8043,405
35820,0.43999999999999995,0.09,0.35,5.040000000000001,15:41:05,87.78,500,87.79,600,87.7853,100
35907,0.76,0.08,0.68,13.6,15:42:13,87.78,900,87.79,700,87.7826,167
36133,0.64,0.08,0.56,47.61000000000003,15:44:47,87.81,500,87.83,400,87.8196,400
36198,0.45,0.11,0.34,27.779999999999998,15:45:27,87.83,800,87.84,800,87.8301,125
36348,0.5900000000000001,0.07,0.52,19.830000000000002,15:47:19,87.85,700,87.86,400,87.8599,102
36426,5.03,4.49,0.54,7.4,15:48:07,87.86,1000,87.87,1700,87.8655,100
36448,0.61,0.23,0.38,25.37999999999999,15:48:25,87.86,1800,87.87,2000,87.8601,129
36490,0.6200000000000001,0.07,0.55,53.79999999999998,15:48:53,87.81,200,87.82,700,87.811,392
36518,0.6,0.17,0.43,13.999999999999998,15:49:13,87.85,200,87.86,300,87.859,2000
36567,0.5599999999999999,0.08,0.48,41.98,15:49:41,87.85,1500,87.86,1100,87.8502,100
36594,0.81,0.07,0.74,4.57,15:50:04,87.82,400,87.83,600,87.8254,150
36699,0.8,0.24,0.56,34.40999999999999,15:51:34,87.86,1100,87.87,900,87.8608,100
36775,0.45,0.07,0.38,36.220000000000006,15:52:36,87.84,600,87.86,1700,87.8525,200
36814,0.5900000000000001,0.13,0.46,3.790000000000001,15:53:03,87.84,1500,87.85,1300,87.8401,100
36824,0.79,0.18,0.61,14.219999999999999,15:53:14,87.83,100,87.84,600,87.8425,100
36829,0.62,0.08,0.54,22.029999999999998,15:53:22,87.82,300,87.84,600,87.8202,108
36877,0.5900000000000001,0.2,0.39,55.629999999999995,15:53:55,87.86,1200,87.87,700,87.863,136
36952,0.6000000000000001,0.07,0.53,46.06000000000002,15:54:46,87.85,700,87.86,1300,87.8501,107
36988,0.6000000000000001,0.07,0.53,14.939999999999998,15:55:14,87.78,300,87.79,800,87.7801,101
37005,0.65,0.22,0.43,28.559999999999995,15:55:28,87.77,100,87.78,700,87.7744,400
37009,0.6499999999999999,0.24,0.41,31.169999999999995,15:55:31,87.77,100,87.78,1100,87.7703,100
37026,0.78,0.3,0.48,42.93999999999999,15:55:42,87.78,200,87.79,200,87.7787,200
37080,0.5800000000000001,0.07,0.51,26.230000000000004,15:56:26,87.77,1700,87.78,500,87.779,115
37186,0.61,0.2,0.41,10.41,15:59:10,87.69,2800,87.7,800,87.6901,145
37222,0.6399999999999999,0.07,0.57,36.370000000000005,15:59:36,87.74,2400,87.75,1600,87.7401,101
