,Total Delay,Request Delay,Saving Delay,Arrival Time,Time,Bid,Bid Size,Ask,Ask Size,Last Price,Last Size
0,0.6499999999999999,0.3,0.35,0.6499999999999999,09:30:00,141.59,200,141.99,100,141.7915,1000
32,0.43,0.21,0.22,12.59,09:30:12,141.64,200,141.99,100,141.7,300
46,0.35000000000000003,0.08,0.27,0.0,09:31:00,141.64,200,141.99,100,141.95,100
80,1.4100000000000001,1.07,0.34,21.630000000000003,09:31:21,141.66,200,142.0,400,141.661,1000
144,0.46,0.18,0.28,44.46000000000002,09:31:44,141.66,500,141.99,100,141.8303,100
152,0.74,0.21,0.53,48.37000000000002,09:31:48,141.66,500,141.99,100,141.98,100
163,0.43,0.24,0.19,52.29000000000002,09:31:52,141.13,200,141.65,100,141.28,100
197,2.11,1.93,0.18,0.0,09:32:00,141.28,100,141.55,100,141.46,1000
202,2.2199999999999998,2.03,0.19,9.8,09:32:09,141.34,200,141.44,100,141.43,100
206,0.24000000000000002,0.07,0.17,10.920000000000002,09:32:10,141.34,200,141.54,100,141.54,100
246,0.36,0.18,0.18,25.039999999999996,09:32:25,141.36,100,141.6,500,141.4476,500
283,0.25,0.09,0.16,37.160000000000004,09:32:37,141.26,100,141.57,100,141.34,100
302,0.39,0.22,0.17,43.41000000000002,09:32:43,141.26,100,141.57,100,141.3957,100
337,0.28,0.08,0.2,0.0,09:33:00,141.16,100,141.57,100,141.26,100
412,0.47000000000000003,0.27,0.2,36.27000000000001,09:33:36,141.06,300,141.29,200,141.1946,500
417,0.39,0.2,0.19,38.180000000000014,09:33:38,141.06,300,141.29,200,141.15,227
486,0.25,0.07,0.18,0.0,09:34:00,141.06,300,141.26,100,141.07,100
527,0.43,0.21,0.22,24.069999999999993,09:34:24,141.06,300,141.25,100,141.1,200
546,0.45,0.2,0.25,31.939999999999994,09:34:31,141.06,300,141.24,100,141.1664,137
617,3.8,3.55,0.25,0.0,09:35:00,141.07,300,141.2,200,141.1462,1000
621,0.33,0.07,0.26,1.52,09:35:01,141.12,300,141.24,100,141.2,100
636,0.43,0.22,0.21,15.759999999999998,09:35:15,141.02,100,141.24,100,141.03,100
733,0.35,0.19,0.16,49.96,09:35:49,140.62,100,140.88,100,140.67,100
748,0.4,0.22,0.18,53.910000000000004,09:35:53,140.62,500,140.88,200,140.64,200
769,0.36000000000000004,0.08,0.28,7.12,09:36:07,140.87,300,141.23,100,140.96,100
774,2.31,2.11,0.2,12.360000000000001,09:36:12,140.88,100,141.17,100,141.13,100
810,0.4,0.12,0.28,30.350000000000005,09:36:30,140.88,300,141.19,200,141.18,100
828,0.26,0.08,0.18,38.079999999999984,09:36:38,140.88,300,141.17,100,141.17,100
901,2.69,2.4,0.29,18.139999999999997,09:37:18,140.93,100,141.18,400,140.99,100
905,0.42000000000000004,0.1,0.32,19.749999999999996,09:37:19,140.74,500,140.89,200,140.9,100
939,0.47000000000000003,0.13,0.34,35.92,09:37:35,140.79,100,140.94,100,140.89,100
975,0.49,0.17,0.32,49.81999999999998,09:37:49,140.8,100,141.11,100,140.93,100
998,0.48,0.21,0.27,0.0,09:38:00,140.8,100,141.09,100,140.955,100
1011,0.56,0.27,0.29,6.1800000000000015,09:38:06,140.8,200,141.09,100,141.08,100
1016,4.37,4.13,0.24,12.880000000000003,09:38:12,140.9,200,141.09,100,140.995,100
1080,0.46,0.23,0.23,42.17999999999999,09:38:42,140.9,100,141.08,200,140.92,100
1090,0.55,0.22,0.33,46.02999999999998,09:38:46,140.9,100,141.07,100,140.985,300
1156,0.27,0.07,0.2,0.0,09:39:00,140.89,100,141.02,100,140.891,1000
1159,2.5700000000000003,2.24,0.33,3.64,09:39:03,140.74,500,140.93,100,140.835,100
1256,0.5800000000000001,0.3,0.28,40.359999999999985,09:39:40,140.81,100,140.99,100,140.849,157
1285,0.43,0.19,0.24,0.0,09:40:00,140.65,1000,140.79,100,140.79,200
1297,0.3,0.08,0.22,7.81,09:40:07,140.54,100,140.78,100,140.66,100
1325,0.33,0.08,0.25,17.81,09:40:17,140.51,200,140.71,100,140.55,100
1346,0.45,0.19,0.26,25.689999999999998,09:40:25,140.51,200,140.71,200,140.69,100
1356,0.29000000000000004,0.07,0.22,29.56,09:40:29,140.58,200,140.76,100,140.72,100
1438,0.28,0.07,0.21,0.0,09:41:00,140.58,100,140.75,100,140.74,100
1523,0.47,0.09,0.38,34.25000000000001,09:41:34,140.74,100,140.87,100,140.75,100
1543,0.42000000000000004,0.22,0.2,0.0,09:42:00,140.74,100,140.87,100,140.753,250
1577,0.48,0.17,0.31,24.02,09:42:24,140.84,200,141.03,100,140.9512,100
1591,0.39,0.08,0.31,29.889999999999993,09:42:29,140.84,200,141.03,100,141.01,100
1606,0.48,0.22,0.26,36.20999999999999,09:42:36,140.74,100,140.9,100,140.774,500
1610,0.42000000000000004,0.19,0.23,37.85999999999999,09:42:37,140.74,100,140.89,100,140.8,100
1618,0.43000000000000005,0.15,0.28,41.93999999999999,09:42:41,140.7,500,140.88,100,140.718,250
1637,0.4,0.18,0.22,49.87999999999999,09:42:49,140.6,1000,140.73,100,140.7,100
1642,0.36,0.07,0.29,51.749999999999986,09:42:51,140.6,1000,140.78,100,140.73,100
1688,0.46,0.26,0.2,0.0,09:43:00,140.6,1000,140.78,100,140.7134,1000
1757,0.29000000000000004,0.07,0.22,29.71,09:43:29,140.6,1000,140.77,100,140.685,100
1778,0.48,0.21,0.27,37.879999999999995,09:43:37,140.6,1000,140.77,100,140.76,100
1815,0.33,0.07,0.26,0.0,09:44:00,140.7,100,140.85,100,140.77,100
1831,0.59,0.35,0.24,9.55,09:44:09,140.7,100,140.84,100,140.84,100
1863,0.37,0.07,0.3,24.059999999999995,09:44:24,140.7,100,140.83,100,140.7736,150
1970,1.2,0.89,0.31,0.0,09:45:00,140.63,200,140.78,200,140.775,100
2005,0.43,0.07,0.36,17.300000000000004,09:45:17,140.67,100,140.77,200,140.65,100
2014,0.5700000000000001,0.26,0.31,21.360000000000003,09:45:21,140.67,200,140.76,200,140.6951,225
2098,0.31,0.08,0.23,0.0,09:46:00,140.76,100,140.87,100,140.83,100
2124,0.31,0.09,0.22,17.919999999999998,09:46:17,140.81,200,140.92,100,140.865,100
2130,0.43,0.18,0.25,20.029999999999998,09:46:20,140.81,200,140.92,100,140.8584,400
2140,0.30000000000000004,0.07,0.23,24.119999999999997,09:46:24,140.81,100,140.91,100,140.82,100
2168,0.45999999999999996,0.21,0.25,34.03,09:46:34,140.81,200,140.91,100,140.86,100
2245,0.37,0.08,0.29,0.0,09:47:00,140.81,200,140.91,100,140.8656,200
2250,0.4,0.21,0.19,1.7200000000000002,09:47:01,140.81,200,140.91,100,140.8662,1000
2259,0.29,0.08,0.21,9.74,09:47:09,140.84,100,140.91,100,140.8806,100
2267,0.36,0.18,0.18,13.77,09:47:13,140.81,200,140.88,100,140.85,100
2289,0.31,0.08,0.23,21.63,09:47:21,140.82,100,140.91,300,140.845,200
2309,0.32999999999999996,0.09,0.24,30.049999999999994,09:47:30,140.72,100,140.83,100,140.81,100
2414,3.29,3.03,0.26,0.0,09:48:00,140.6,11000,140.69,100,140.63,100
2423,0.37,0.14,0.23,2.7600000000000007,09:48:02,140.5,1000,140.57,100,140.5,225
2429,0.25,0.07,0.18,4.87,09:48:04,140.48,100,140.69,200,140.48,100
2447,0.42000000000000004,0.23,0.19,10.93,09:48:10,140.48,100,140.65,100,140.57,100
2489,0.48,0.22,0.26,26.630000000000006,09:48:26,140.48,100,140.6,100,140.5455,100
2528,0.48000000000000004,0.2,0.28,0.0,09:49:00,140.48,100,140.6,100,140.54,100
2542,1.92,1.56,0.36,7.669999999999999,09:49:07,140.48,100,140.6,100,140.51,100
2586,0.54,0.24,0.3,34.10000000000001,09:49:34,140.36,100,140.5,100,140.4,200
2594,0.37,0.07,0.3,37.93000000000001,09:49:37,140.34,100,140.47,100,140.35,100
2599,0.44,0.2,0.24,40.010000000000005,09:49:40,140.35,100,140.46,100,140.45,100
2605,0.43,0.18,0.25,42.22000000000001,09:49:42,140.35,100,140.46,100,140.38,100
2663,0.4,0.07,0.33,0.0,09:50:00,140.35,600,140.46,100,140.434,400
2671,0.44,0.12,0.32,7.13,09:50:07,140.35,600,140.46,100,140.4119,412
2682,0.49,0.22,0.27,12.020000000000001,09:50:12,140.35,600,140.46,100,140.405,500
2684,0.37,0.17,0.2,16.17,09:50:16,140.35,600,140.46,100,140.46,100
2720,0.59,0.24,0.35,29.970000000000006,09:50:29,140.36,100,140.45,100,140.37,100
2748,0.25,0.07,0.18,39.93,09:50:39,140.35,600,140.45,100,140.3961,200
2791,0.26,0.07,0.19,3.920000000000001,09:51:03,140.24,100,140.35,100,140.3,500
2796,0.33,0.13,0.2,7.980000000000001,09:51:07,140.24,100,140.35,100,140.3038,100
2804,0.38,0.16,0.22,13.930000000000001,09:51:13,140.24,100,140.35,300,140.24,200
2807,1.46,1.23,0.23,16.03,09:51:16,140.21,100,140.28,100,140.28,500
2847,0.34,0.07,0.27,31.75,09:51:31,140.2,100,140.28,100,140.25,100
2848,0.33999999999999997,0.09,0.25,32.09,09:51:32,140.21,100,140.28,100,140.26,100
2858,0.29,0.08,0.21,35.86999999999999,09:51:35,140.24,100,140.38,300,140.36,100
2998,0.28,0.09,0.19,0.0,09:52:00,140.26,100,140.38,100,140.32,100
3106,0.75,0.54,0.21,0.0,09:53:00,140.43,200,140.58,100,140.49,100
3111,0.29000000000000004,0.09,0.2,1.59,09:53:01,140.49,100,140.58,100,140.56,100
3121,0.37,0.19,0.18,5.430000000000001,09:53:05,140.5,800,140.58,100,140.58,100
3140,0.34,0.17,0.17,11.440000000000001,09:53:11,140.5,800,140.58,100,140.5363,100
3177,0.43,0.22,0.21,23.62000000000001,09:53:23,140.57,100,140.72,200,140.6,100
3227,0.39,0.22,0.17,0.0,09:54:00,140.52,100,140.67,100,140.62,100
3295,0.27,0.08,0.19,34.02,09:54:34,140.51,200,140.69,200,140.605,100
3384,0.4,0.1,0.3,0.0,09:55:00,140.52,200,140.69,200,140.68,100
3389,1.5,1.26,0.24,4.1899999999999995,09:55:04,140.55,200,140.86,100,140.71,300
3390,2.81,2.46,0.35,7.0,09:55:07,140.56,100,140.85,100,140.705,300
3474,0.31,0.08,0.23,41.72000000000001,09:55:41,140.95,100,141.09,300,140.97,100
3479,0.27,0.07,0.2,43.71000000000002,09:55:43,140.95,100,141.09,300,141.0304,200
3522,0.33,0.07,0.26,0.0,09:56:00,140.74,300,140.96,100,140.8236,200
3821,0.39,0.23,0.16,18.12,09:58:18,140.75,100,140.96,100,140.91,100
3908,0.3,0.09,0.21,48.07,09:58:48,140.76,100,140.96,100,140.8582,100
3967,1.3199999999999998,1.14,0.18,0.0,09:59:00,140.78,200,140.96,100,140.95,200
4034,0.4,0.23,0.17,21.730000000000004,09:59:21,140.93,100,141.05,200,141.06,100
4038,0.47,0.22,0.25,23.580000000000002,09:59:23,140.93,100,141.05,200,141.0093,1000
4145,0.45000000000000007,0.17,0.28,22.06,10:00:22,140.93,100,141.11,100,140.98,100
4169,0.32,0.07,0.25,32.18,10:00:32,140.94,100,141.1,200,140.945,100
4220,0.47,0.23,0.24,8.52,10:01:08,140.97,200,141.11,100,141.04,100
4223,0.41000000000000003,0.18,0.23,13.82,10:01:13,140.97,200,141.1,100,141.035,100
4232,0.42,0.21,0.21,17.64,10:01:17,140.97,200,141.1,100,141.09,100
4324,0.28,0.08,0.2,49.49000000000004,10:01:49,141.09,100,141.3,200,141.17600000000002,300
4353,0.35,0.18,0.17,0.0,10:02:00,141.12,100,141.25,200,141.2008,160
4381,0.76,0.5,0.26,20.900000000000002,10:02:20,141.13,200,141.24,300,141.19,100
4505,0.26,0.07,0.19,3.75,10:03:03,141.15,100,141.26,200,141.2112,100
4576,0.35,0.18,0.17,33.940000000000005,10:03:33,141.16,200,141.26,100,141.23,100
4675,0.32,0.07,0.25,6.370000000000001,10:04:06,141.15,100,141.26,100,141.22,100
4712,0.32,0.08,0.24,22.19000000000001,10:04:22,141.15,100,141.29,100,141.2457,750
4742,0.5700000000000001,0.27,0.3,34.400000000000006,10:04:34,141.17,100,141.3,500,141.243,1898
4778,0.47,0.21,0.26,48.6,10:04:48,141.17,100,141.25,500,141.24,100
4793,0.42000000000000004,0.09,0.33,0.0,10:05:00,141.26,300,141.33,200,141.33,100
4818,0.37,0.17,0.2,11.97,10:05:11,141.26,300,141.33,200,141.3142,100
4822,2.16,1.81,0.35,17.29,10:05:17,141.27,100,141.32,100,141.295,100
4828,0.48,0.23,0.25,19.73,10:05:19,141.32,200,141.5,200,141.45,100
4886,0.39,0.09,0.3,39.829999999999984,10:05:39,141.33,200,141.46,200,141.4018,150
4896,0.30000000000000004,0.07,0.23,43.77999999999997,10:05:43,141.45,300,141.57,300,141.4773,1000
4907,0.42000000000000004,0.22,0.2,47.82999999999997,10:05:47,141.46,100,141.53,100,141.52,100
4912,0.42,0.24,0.18,49.93999999999996,10:05:49,141.47,100,141.53,100,141.48,100
4922,0.39,0.22,0.17,53.61999999999997,10:05:53,141.36,100,141.5,100,141.41,100
4952,2.39,2.14,0.25,0.0,10:06:00,141.36,100,141.46,100,141.469,100
4962,0.31,0.15,0.16,5.13,10:06:05,141.36,100,141.42,100,141.37,100
4976,0.31,0.09,0.22,9.040000000000001,10:06:09,141.21,100,141.35,100,141.36,100
5070,0.37,0.18,0.19,0.0,10:07:00,141.21,100,141.31,200,141.2649,400
5090,3.37,3.18,0.19,11.420000000000002,10:07:11,141.15,100,141.21,200,141.21,100
5107,0.25,0.08,0.17,21.59,10:07:21,141.11,100,141.17,300,141.11,100
5305,0.48,0.21,0.27,35.99,10:08:35,141.12,200,141.24,100,141.185,100
5326,0.33,0.08,0.25,44.09000000000001,10:08:44,141.21,100,141.28,100,141.29,100
5426,0.26,0.08,0.18,0.0,10:09:00,141.17,200,141.27,200,141.2318,100
5455,0.38,0.19,0.19,9.990000000000002,10:09:09,141.17,200,141.3,500,141.27,100
5503,0.5700000000000001,0.37,0.2,12.43,10:12:12,141.03,100,141.14,200,141.0826,100
5561,1.9400000000000002,1.6,0.34,0.0,10:13:00,141.04,100,141.14,300,141.12,100
5608,0.47,0.23,0.24,21.210000000000004,10:13:21,141.04,100,141.14,300,141.0921,100
5614,0.26,0.07,0.19,23.070000000000007,10:13:23,141.04,100,141.14,300,141.0827,1000
5765,0.26,0.07,0.19,5.999999999999999,10:14:05,141.12,100,141.17,300,141.14,100
5830,0.25,0.07,0.18,26.059999999999995,10:14:26,141.14,100,141.17,100,141.16,100
6012,2.58,2.37,0.21,0.0,10:16:00,141.0,200,141.08,100,141.05,261
6191,0.29000000000000004,0.07,0.22,25.960000000000004,10:17:25,140.9,400,140.98,300,140.94,100
6422,0.46,0.2,0.26,38.32,10:19:38,140.79,400,140.89,100,140.889,100
6643,0.5700000000000001,0.24,0.33,21.770000000000003,10:22:21,140.91,100,141.01,100,140.9295,615
6982,0.36,0.09,0.27,13.459999999999997,10:25:13,141.01,100,141.08,200,141.0438,300
7013,0.53,0.1,0.43,29.859999999999996,10:25:29,141.01,100,141.07,100,141.0137,1946
7030,0.44,0.21,0.23,37.75999999999999,10:25:37,141.02,100,141.07,100,141.045,100
7048,0.48,0.12,0.36,45.77999999999998,10:25:45,141.03,100,141.1,100,141.055,100
7080,0.33,0.07,0.26,0.0,10:26:00,141.0,100,141.04,100,141.0,100
7099,0.4,0.08,0.32,14.210000000000003,10:26:14,140.87,100,140.98,100,140.965,100
7108,0.39,0.11,0.28,20.050000000000004,10:26:20,140.87,100,140.97,100,140.875,200
7133,0.46,0.2,0.26,29.98000000000001,10:26:29,140.89,100,140.95,100,140.88,100
7142,0.32,0.07,0.25,33.69000000000001,10:26:33,140.93,100,140.98,100,140.9799,1743
7228,0.27,0.07,0.2,14.980000000000002,10:27:14,140.92,100,140.96,100,140.9381,400
7454,0.28,0.07,0.21,0.0,10:29:00,141.04,100,141.1,300,141.085,300
7723,2.41,1.96,0.45,9.120000000000001,10:31:09,141.16,100,141.24,100,141.155,500
7744,0.44,0.24,0.2,20.080000000000005,10:31:20,141.16,100,141.24,100,141.216,500
7756,0.32,0.11,0.21,24.030000000000005,10:31:24,141.17,100,141.24,100,141.2383,100
7776,0.36,0.12,0.24,32.28,10:31:32,141.19,100,141.34,200,141.25,100
7822,0.29000000000000004,0.12,0.17,8.610000000000003,10:33:08,141.24,100,141.33,200,141.285,100
7998,0.29000000000000004,0.07,0.22,25.930000000000003,10:34:25,141.11,200,141.17,100,141.1358,158
8099,0.57,0.08,0.49,22.009999999999994,10:35:22,141.04,100,141.15,100,141.063,250
8180,0.63,0.08,0.55,0.0,10:36:00,140.92,100,141.1,100,141.02,200
8256,0.6000000000000001,0.28,0.32,17.530000000000005,10:37:17,140.94,100,141.0,100,140.9999,100
8306,0.5700000000000001,0.07,0.5,47.67000000000003,10:37:47,140.86,100,140.9,200,140.87,100
8513,0.61,0.21,0.4,27.74,10:40:27,141.08,200,141.23,200,141.148,100
8548,0.5800000000000001,0.07,0.51,50.07000000000003,10:40:50,141.18,100,141.32,100,141.282,100
8671,0.43999999999999995,0.09,0.35,7.82,10:42:07,141.26,100,141.35,200,141.3104,150
8726,0.45,0.08,0.37,45.71000000000001,10:42:45,141.16,200,141.34,100,141.1833,150
8943,1.17,0.63,0.54,5.38,10:45:05,141.31,100,141.41,100,141.3996,1000
9060,0.76,0.17,0.59,28.19,10:46:28,141.34,100,141.46,100,141.4216,100
9068,0.6100000000000001,0.07,0.54,33.8,10:46:33,141.34,100,141.46,100,141.4081,300
9089,0.5800000000000001,0.07,0.51,48.21000000000001,10:46:48,141.32,200,141.4,200,141.32,100
9143,0.58,0.08,0.5,0.0,10:47:00,141.32,100,141.44,100,141.39,100
9203,4.82,4.37,0.45,0.0,10:48:00,141.4,100,141.47,100,141.44,100
9204,2.38,1.77,0.61,2.38,10:48:02,141.36,100,141.46,100,141.4,100
9256,0.57,0.08,0.49,32.75999999999999,10:48:32,141.31,100,141.45,100,141.3825,100
9308,0.44,0.08,0.36,0.0,10:49:00,141.17,100,141.34,200,141.3,100
10256,135.06,134.46,0.6,0.0,11:04:00,141.46,100,141.5,100,141.5,100
10299,0.59,0.22,0.37,29.939999999999998,11:04:29,141.45,300,141.5,300,141.475,100
10309,0.76,0.08,0.68,36.290000000000006,11:04:36,141.45,300,141.5,300,141.495,100
10355,0.43,0.07,0.36,27.760000000000012,11:05:27,141.41,200,141.49,200,141.47,100
10428,2.45,2.14,0.31,7.99,11:06:07,141.46,200,141.5,200,141.4733,2000
10441,0.62,0.31,0.31,17.38,11:06:17,141.47,100,141.5,200,141.49,100
10531,2.38,1.79,0.59,9.82,11:07:09,141.57,100,141.6,400,141.59,100
10532,0.63,0.28,0.35,10.450000000000001,11:07:10,141.57,100,141.62,100,141.6,9500
10542,0.5700000000000001,0.07,0.5,15.82,11:07:15,141.57,100,141.62,100,141.57,1000
10553,0.56,0.14,0.42,22.040000000000003,11:07:22,141.58,100,141.65,200,141.63,137
10564,0.62,0.17,0.45,28.060000000000006,11:07:28,141.6,100,141.72,100,141.65,100
10594,0.58,0.08,0.5,43.82000000000001,11:07:43,141.64,100,141.75,200,141.69,100
10620,0.58,0.08,0.5,0.0,11:08:00,141.67,100,141.75,200,141.71,100
10638,0.8,0.07,0.73,12.670000000000002,11:08:12,141.67,100,141.75,100,141.74,100
10640,0.85,0.21,0.64,14.260000000000002,11:08:14,141.77,100,141.82,100,141.81,100
10643,0.78,0.28,0.5,16.450000000000003,11:08:16,141.77,100,141.86,100,141.85,100
10651,0.5900000000000001,0.07,0.52,22.420000000000005,11:08:22,141.77,100,141.85,100,141.7701,1000
10656,0.64,0.18,0.46,26.070000000000007,11:08:26,141.78,100,141.86,100,141.82,100
10666,0.59,0.21,0.38,32.06000000000002,11:08:32,141.77,100,141.86,100,141.84,100
10672,0.44,0.07,0.37,35.87000000000001,11:08:35,141.77,100,141.93,100,141.9225,1579
10675,0.5900000000000001,0.07,0.52,38.070000000000014,11:08:38,141.77,100,141.93,100,141.9325,100
10734,0.5700000000000001,0.14,0.43,17.939999999999998,11:09:17,141.81,100,141.91,300,141.88,100
10736,0.44,0.11,0.33,18.98,11:09:18,141.81,100,141.91,300,141.87,100
10802,0.44,0.07,0.37,0.0,11:10:00,141.81,200,141.92,200,141.8469,100
10816,0.5700000000000001,0.07,0.5,7.6000000000000005,11:10:07,141.81,200,141.9,100,141.855,100
10830,0.64,0.18,0.46,15.420000000000002,11:10:15,141.82,100,141.94,300,141.92,100
10843,0.64,0.2,0.44,24.000000000000007,11:10:24,141.82,100,141.94,800,141.93,150
10937,0.5900000000000001,0.27,0.32,41.82000000000002,11:11:41,142.04,100,142.11,600,142.09,100
10940,0.78,0.25,0.53,43.810000000000024,11:11:43,141.99,100,142.15,3700,142.15,100
10946,0.64,0.08,0.56,47.83000000000002,11:11:47,142.0,100,142.14,100,142.0,425
10995,0.77,0.25,0.52,0.0,11:12:00,142.13,100,142.2,100,142.2,100
11022,0.62,0.08,0.54,17.87,11:12:17,142.18,200,142.24,100,142.1896,500
11028,0.8099999999999999,0.24,0.57,22.650000000000002,11:12:22,142.22,100,142.3,200,142.3,100
11038,0.79,0.26,0.53,30.22,11:12:30,142.13,100,142.25,600,142.18,100
11058,0.62,0.08,0.54,0.0,11:13:00,142.05,100,142.16,200,142.16,100
11061,1.84,1.29,0.55,5.0,11:13:05,142.05,100,142.15,100,142.1,140
11065,0.78,0.14,0.64,7.97,11:13:07,142.04,100,142.13,100,142.0428,100
11086,0.79,0.36,0.43,23.599999999999998,11:13:23,142.06,100,142.13,100,142.1055,141
11093,0.6000000000000001,0.14,0.46,27.96,11:13:27,142.07,100,142.13,100,142.07,100
11122,0.61,0.2,0.41,45.57000000000002,11:13:45,142.0,100,142.08,100,142.02,100
11129,0.43,0.07,0.36,1.6199999999999999,11:14:01,141.98,100,142.07,600,142.0254,1500
11141,0.44,0.07,0.37,14.810000000000002,11:14:14,141.99,100,142.07,600,142.0142,200
11182,0.62,0.18,0.44,39.609999999999985,11:14:39,141.93,200,142.02,100,141.9648,100
11197,0.45,0.08,0.37,47.84999999999998,11:14:47,141.93,300,142.0,100,141.94,200
11201,108.41,107.97,0.44,0.0,11:16:00,141.94,200,142.01,100,141.9748,400
11234,0.6,0.08,0.52,0.0,11:17:00,141.94,200,142.0,100,141.9599,100
11246,2.5799999999999996,2.01,0.57,10.200000000000001,11:17:10,142.0,100,142.02,100,142.01,100
11258,0.61,0.2,0.41,22.229999999999997,11:17:22,141.99,100,142.0,200,141.99,100
11268,0.63,0.17,0.46,28.03,11:17:28,141.96,100,142.02,100,141.995,300
11326,0.44,0.12,0.32,0.0,11:18:00,142.04,100,142.07,700,142.06,100
11338,0.44,0.08,0.36,6.400000000000001,11:18:06,142.04,100,142.12,100,142.08,300
11345,0.46,0.07,0.39,14.230000000000002,11:18:14,142.04,100,142.12,100,142.1059,200
11361,0.6100000000000001,0.07,0.54,28.570000000000004,11:18:28,142.04,100,142.12,100,142.0752,400
11364,0.63,0.08,0.55,30.610000000000003,11:18:30,142.08,100,142.14,100,142.12,100
11394,0.5900000000000001,0.07,0.52,50.360000000000014,11:18:50,142.1,100,142.14,100,142.086,222
11416,0.61,0.09,0.52,2.0,11:19:02,142.1,100,142.13,200,142.115,100
11443,0.79,0.17,0.62,25.809999999999995,11:19:25,142.14,200,142.16,100,142.14,100
11454,0.63,0.15,0.48,33.019999999999996,11:19:33,142.12,100,142.13,100,142.13,140
11455,0.62,0.09,0.53,33.63999999999999,11:19:33,142.09,200,142.14,100,142.11,100
11539,0.63,0.14,0.49,25.950000000000003,11:20:25,142.11,100,142.2,100,142.19,100
11566,0.6200000000000001,0.07,0.55,44.08999999999999,11:20:44,142.19,100,142.25,200,142.2225,100
11574,0.79,0.18,0.61,0.0,11:21:00,142.19,100,142.25,200,142.222,200
11577,0.8099999999999999,0.22,0.59,2.18,11:21:02,142.19,100,142.25,200,142.22,100
11580,1.59,1.05,0.54,5.19,11:21:05,142.23,100,142.3,300,142.215,100
11614,0.78,0.07,0.71,34.4,11:21:34,142.18,100,142.24,200,142.2136,500
11616,0.76,0.07,0.69,36.199999999999996,11:21:36,142.18,100,142.24,200,142.1842,100
11684,0.46,0.12,0.34,24.04,11:22:24,142.21,200,142.26,100,142.24,100
11736,0.6100000000000001,0.07,0.54,0.0,11:23:00,142.24,100,142.29,100,142.2435,200
11739,0.83,0.23,0.6,2.42,11:23:02,142.24,100,142.29,100,142.241,100
11775,0.6,0.1,0.5,32.19,11:23:32,142.14,100,142.24,100,142.195,100
11831,0.5900000000000001,0.14,0.45,7.6,11:24:07,142.18,100,142.27,100,142.1909,2000
11839,3.02,2.48,0.54,21.38,11:24:21,142.19,100,142.27,100,142.2263,100
11853,0.66,0.21,0.45,30.220000000000002,11:24:30,142.19,100,142.27,100,142.2319,1000
11920,0.6100000000000001,0.07,0.54,3.8,11:25:03,142.22,100,142.27,100,142.2537,200
11923,0.63,0.08,0.55,5.84,11:25:05,142.22,100,142.27,100,142.245,300
11943,0.64,0.21,0.43,22.04,11:25:22,142.19,100,142.26,100,142.26,100
11949,0.7999999999999999,0.09,0.71,26.24,11:25:26,142.19,200,142.27,100,142.2306,2000
11958,0.61,0.12,0.49,32.25000000000001,11:25:32,142.19,200,142.26,100,142.2214,620
11963,0.6100000000000001,0.07,0.54,35.830000000000005,11:25:35,142.19,200,142.25,100,142.1901,100
11972,0.61,0.18,0.43,42.28,11:25:42,142.17,100,142.24,200,142.205,200
11986,0.77,0.07,0.7,0.0,11:26:00,142.14,200,142.23,200,142.17,100
12000,0.76,0.21,0.55,14.370000000000001,11:26:14,142.14,200,142.22,100,142.213,800
12006,0.6100000000000001,0.07,0.54,19.19,11:26:19,142.15,100,142.25,100,142.23,100
12035,30.98,30.48,0.5,0.0,11:27:00,141.99,100,142.11,300,142.109,100
12059,0.73,0.08,0.65,1.34,11:28:01,142.04,100,142.15,500,142.0913,124
12126,0.76,0.18,0.58,34.75,11:29:34,141.99,100,142.09,100,142.05,100
12128,0.7999999999999999,0.22,0.58,36.169999999999995,11:29:36,141.99,100,142.09,100,142.0272,1000
12141,0.95,0.22,0.73,0.0,11:30:00,142.09,100,142.12,100,142.0901,127
12143,0.8,0.18,0.62,1.6400000000000001,11:30:01,142.09,100,142.13,100,142.1044,500
12153,0.6200000000000001,0.07,0.55,29.26,11:30:29,142.01,100,142.17,300,142.055,100
12182,0.77,0.21,0.56,49.45,11:30:49,142.03,100,142.14,100,142.0896,300
12220,0.61,0.26,0.35,15.99,11:31:15,142.01,100,142.08,100,142.03,100
12237,0.58,0.08,0.5,25.549999999999997,11:31:25,141.99,100,142.05,100,142.04,100
12253,0.61,0.1,0.51,35.540000000000006,11:31:35,141.99,100,142.06,100,142.0306,400
12639,0.62,0.24,0.38,16.83,11:37:16,142.12,100,142.17,100,142.1467,100
12753,0.6200000000000001,0.07,0.55,16.43,11:38:16,142.15,100,142.26,100,142.2087,200
12780,118.2,117.59,0.61,0.0,11:40:00,142.45,200,142.54,300,142.48,100
12834,0.6100000000000001,0.07,0.54,0.0,11:41:00,142.45,300,142.52,100,142.5,100
12840,0.6000000000000001,0.07,0.53,3.6300000000000003,11:41:03,142.45,300,142.54,300,142.45,500
12884,0.26,0.07,0.19,1.6700000000000002,11:42:01,142.41,100,142.5,200,142.41,100
13037,0.75,0.55,0.2,0.0,11:43:00,142.38,100,142.49,100,142.435,100
13040,0.25,0.08,0.17,0.25,11:43:00,142.38,100,142.49,100,142.4,100
13054,4.21,3.98,0.23,10.440000000000001,11:43:10,142.37,100,142.49,100,142.425,100
13118,0.4,0.18,0.22,37.56000000000002,11:43:37,142.38,100,142.49,200,142.4165,1000
13142,84.78,84.59,0.19,0.0,11:45:00,142.32,300,142.4,400,142.34,100
13196,0.23,0.07,0.16,16.71,11:45:16,142.33,100,142.38,100,142.33,100
13215,0.37,0.21,0.16,22.939999999999998,11:45:22,142.17,200,142.33,100,142.28,100
13235,0.54,0.21,0.33,28.949999999999996,11:45:28,142.17,200,142.31,200,142.2176,1000
13251,0.31,0.15,0.16,34.669999999999995,11:45:34,142.25,100,142.31,200,142.31,100
13375,0.28,0.08,0.2,43.23000000000002,11:46:43,142.1,100,142.15,200,142.125,100
13695,0.42000000000000004,0.22,0.2,0.0,11:48:00,142.17,200,142.22,100,142.21,100
13762,0.38,0.22,0.16,21.79,11:49:21,142.09,100,142.17,200,142.1273,200
14014,0.28,0.11,0.17,47.910000000000004,11:50:47,142.02,100,142.08,100,142.041,260
14057,4.28,3.99,0.29,4.99,11:51:04,141.98,600,142.07,100,142.0196,400
14170,0.24000000000000002,0.07,0.17,47.070000000000014,11:51:47,141.96,100,142.03,100,141.96,2500
14192,0.42000000000000004,0.23,0.19,0.0,11:52:00,141.85,200,141.96,100,141.97,100
14215,0.29000000000000004,0.07,0.22,11.91,11:52:11,141.9,200,141.95,300,141.91,100
14305,0.33999999999999997,0.18,0.16,44.00000000000001,11:52:44,141.87,100,141.94,100,141.89600000000002,620
14318,0.27,0.07,0.2,47.77000000000001,11:52:47,141.87,100,141.94,300,141.9,183
14743,0.33,0.08,0.25,0.0,11:55:00,142.24,200,142.34,200,142.27,100
14895,0.37,0.2,0.17,8.18,11:56:08,142.1,200,142.27,100,142.254,239
15066,0.44999999999999996,0.21,0.24,30.139999999999997,11:57:30,142.11,100,142.19,300,142.174,500
15277,0.33999999999999997,0.15,0.19,15.56,11:59:15,142.08,100,142.13,200,142.094,200
16214,0.24000000000000002,0.07,0.17,0.0,12:05:00,142.02,200,142.12,100,142.0804,100
16319,0.26,0.08,0.18,33.97000000000001,12:05:33,141.86,100,141.94,100,141.9026,200
16447,0.54,0.21,0.33,25.38000000000001,12:06:25,141.79,100,141.88,100,141.79,100
16491,0.45000000000000007,0.17,0.28,0.0,12:07:00,141.7,100,141.82,100,141.72,100
16551,0.25,0.07,0.18,29.76,12:07:29,141.66,1900,141.77,200,141.7221,400
16573,0.27,0.08,0.19,37.62000000000002,12:07:37,141.67,100,141.76,100,141.7545,180
16615,0.28,0.07,0.21,51.58000000000003,12:07:51,141.67,100,141.76,100,141.7159,400
16668,1.94,1.76,0.18,0.0,12:08:00,141.58,100,141.7,100,141.67,100
16754,0.27,0.07,0.2,34.38,12:08:34,141.54,100,141.62,100,141.56,100
17023,0.43,0.24,0.19,13.93,12:10:13,141.42,100,141.52,100,141.53,100
17160,0.42,0.24,0.18,4.160000000000001,12:11:04,141.37,100,141.56,100,141.4764,222
17646,0.3,0.09,0.21,15.930000000000003,12:14:15,141.38,100,141.46,200,141.4151,100
17740,0.34,0.08,0.26,50.03000000000002,12:14:50,141.43,100,141.5,200,141.4693,1000
17920,0.55,0.23,0.32,0.0,12:16:00,141.55,100,141.6,100,141.55,100
17952,0.3,0.08,0.22,15.760000000000003,12:16:15,141.57,300,141.64,100,141.61,100
18039,0.4,0.21,0.19,45.78000000000002,12:16:45,141.45,100,141.57,100,141.5142,100
18281,0.24000000000000002,0.07,0.17,0.0,12:18:00,141.47,100,141.55,100,141.5164,500
18444,0.23,0.07,0.16,8.24,12:19:08,141.41,100,141.46,100,141.42,100
18542,0.42000000000000004,0.26,0.16,38.45000000000002,12:19:38,141.43,100,141.5,100,141.493,200
18872,0.28,0.08,0.2,0.0,12:22:00,141.52,200,141.61,100,141.5649,250
18887,0.42000000000000004,0.2,0.22,12.85,12:22:12,141.5,100,141.55,200,141.51,100
18956,0.4,0.22,0.18,37.04,12:22:37,141.44,100,141.52,100,141.4964,400
19293,0.43000000000000005,0.09,0.34,0.0,12:25:00,141.48,100,141.5,100,141.497,1000
19307,0.83,0.48,0.35,6.57,12:25:06,141.46,100,141.5,100,141.498,500
19319,2.81,2.41,0.4,18.87,12:25:18,141.45,400,141.5,200,141.465,500
19427,0.27,0.08,0.19,0.0,12:26:00,141.44,100,141.51,100,141.4806,1000
19442,0.28,0.09,0.19,8.13,12:26:08,141.47,400,141.51,100,141.4903,100
20440,0.35,0.18,0.17,23.89999999999999,12:32:23,141.54,100,141.62,100,141.5755,500
21150,0.39,0.21,0.18,11.960000000000003,12:37:11,141.5,100,141.59,300,141.5609,102
21203,0.4,0.21,0.19,30.100000000000005,12:37:30,141.52,200,141.63,200,141.58,100
21219,0.45999999999999996,0.21,0.25,35.90000000000001,12:37:35,141.56,100,141.65,100,141.6204,1000
21384,0.27,0.08,0.19,0.0,12:38:00,141.57,100,141.65,200,141.6036,6000
21476,0.39,0.23,0.16,20.91,12:39:20,141.62,100,141.71,100,141.6804,700
21699,0.34,0.17,0.17,0.0,12:41:00,141.59,1100,141.66,100,141.64,100
21902,0.26,0.08,0.18,18.080000000000005,12:45:18,141.58,100,141.65,100,141.62,100
22436,0.31000000000000005,0.14,0.17,24.159999999999997,12:48:24,141.67,100,141.77,100,141.73,100
22498,3.1100000000000003,2.95,0.16,0.0,12:49:00,141.71,100,141.76,100,141.731,1000
22503,0.37,0.14,0.23,7.04,12:49:07,141.7,100,141.76,100,141.76,100
22646,0.37,0.18,0.19,0.0,12:50:00,141.72,100,141.78,300,141.7601,100
22724,0.4,0.18,0.22,25.73999999999999,12:50:25,141.77,100,141.84,100,141.77100000000002,104
22839,0.24000000000000002,0.07,0.17,0.0,12:51:00,141.77,300,141.83,100,141.83,100
23018,0.24000000000000002,0.07,0.17,0.0,12:52:00,141.75,200,141.83,200,141.805,100
23119,1.74,1.55,0.19,0.0,12:53:00,141.73,100,141.79,100,141.75,100
23414,1.96,1.76,0.2,0.0,12:55:00,141.82,100,141.9,100,141.86,100
23515,0.44000000000000006,0.27,0.17,36.23999999999999,12:55:36,141.83,200,141.92,400,141.89,100
23658,0.24000000000000002,0.07,0.17,0.0,12:56:00,141.79,100,141.85,100,141.8,100
23878,2.7800000000000002,2.47,0.31,0.0,12:58:00,141.76,100,141.82,100,141.7804,550
24128,4.420000000000001,4.19,0.23,0.0,13:01:00,141.93,100,142.0,100,141.955,100
24441,0.32,0.13,0.19,0.0,13:03:00,141.91,100,141.99,100,141.9156,100
24603,0.32999999999999996,0.15,0.18,0.0,13:04:00,141.92,200,141.98,200,141.921,200
25218,0.41000000000000003,0.2,0.21,0.0,13:11:00,141.92,400,141.95,100,141.9305,100
25234,0.36,0.14,0.22,6.080000000000001,13:11:06,141.92,400,141.97,500,141.922,300
25383,0.38,0.15,0.23,19.350000000000005,13:12:19,141.96,100,142.13,100,142.0144,300
25425,0.53,0.19,0.34,35.80000000000001,13:12:35,141.97,100,142.1,100,142.0733,500
25463,0.43,0.07,0.36,0.0,13:13:00,142.22,200,142.33,100,142.4083,400
25505,0.5700000000000001,0.24,0.33,30.150000000000006,13:13:30,142.17,100,142.35,100,142.221,350
25538,0.61,0.18,0.43,49.940000000000005,13:13:49,142.15,100,142.3,400,142.25,100
25618,0.5900000000000001,0.14,0.45,17.939999999999994,13:14:17,142.26,100,142.38,1000,142.32,100
25625,0.58,0.21,0.37,21.97999999999999,13:14:21,142.26,300,142.38,900,142.36,100
25646,0.63,0.18,0.45,0.0,13:15:00,142.28,200,142.38,700,142.38,100
25662,0.6000000000000001,0.2,0.4,13.950000000000001,13:15:13,142.29,200,142.36,100,142.325,200
25766,0.61,0.18,0.43,14.599999999999998,13:16:14,142.14,200,142.23,100,142.141,180
25845,0.42000000000000004,0.14,0.28,0.0,13:17:00,142.34,100,142.43,100,142.42,100
25905,0.59,0.08,0.51,0.0,13:18:00,142.43,200,142.48,100,142.46,100
25908,3.59,3.17,0.42,5.029999999999999,13:18:05,142.44,200,142.5,300,142.49,400
25923,0.41000000000000003,0.07,0.34,14.2,13:18:14,142.46,100,142.55,100,142.53,317
25948,0.59,0.12,0.47,26.79000000000001,13:18:26,142.47,100,142.6,1600,142.59,100
25955,0.5900000000000001,0.27,0.32,30.800000000000008,13:18:30,142.47,100,142.58,200,142.57,100
25969,0.58,0.08,0.5,38.410000000000004,13:18:38,142.47,100,142.58,900,142.58,100
25984,0.44,0.14,0.3,0.0,13:19:00,142.44,200,142.51,300,142.47,100
25989,0.41000000000000003,0.09,0.32,2.41,13:19:02,142.44,200,142.51,300,142.4988,702
25997,0.8,0.2,0.6,6.620000000000001,13:19:06,142.44,100,142.5,100,142.44,100
26105,0.57,0.08,0.49,12.159999999999998,13:20:12,142.48,100,142.52,100,142.52,100
26112,0.5900000000000001,0.07,0.52,16.169999999999998,13:20:16,142.48,200,142.56,100,142.51,100
26119,0.63,0.18,0.45,20.029999999999998,13:20:20,142.48,200,142.56,100,142.56,100
26176,0.6,0.24,0.36,4.25,13:21:04,142.52,100,142.61,200,142.54,100
26205,0.45,0.07,0.38,24.06,13:21:24,142.53,100,142.55,400,142.55,100
26216,0.61,0.24,0.37,30.429999999999996,13:21:30,142.53,100,142.63,100,142.63,100
26264,3.04,2.57,0.47,0.0,13:22:00,142.55,100,142.7,1000,142.65,100
26270,0.42,0.07,0.35,4.18,13:22:04,142.65,200,142.75,600,142.7,200
26291,0.59,0.08,0.51,16.18,13:22:16,142.65,200,142.74,200,142.66,100
26293,0.59,0.17,0.42,17.349999999999998,13:22:17,142.65,200,142.79,400,142.74,200
26294,0.44,0.08,0.36,17.79,13:22:17,142.66,100,142.79,500,142.79,100
26313,0.5900000000000001,0.07,0.52,27.980000000000008,13:22:27,142.66,200,142.76,400,142.7589,250
26317,0.72,0.3,0.42,30.180000000000007,13:22:30,142.66,200,142.76,400,142.71,100
26335,0.5800000000000001,0.07,0.51,40.010000000000005,13:22:40,142.66,300,142.74,100,142.73,100
26342,0.6000000000000001,0.2,0.4,44.02000000000001,13:22:44,142.66,300,142.79,200,142.77,100
26354,0.41,0.11,0.3,0.0,13:23:00,142.69,200,142.84,600,142.76,100
26358,0.42000000000000004,0.08,0.34,2.01,13:23:02,142.69,200,142.83,100,142.81,100
26364,3.4000000000000004,2.66,0.74,8.629999999999999,13:23:08,142.64,200,142.8,200,142.68,100
26428,0.46,0.08,0.38,54.25000000000002,13:23:54,142.66,100,142.71,100,142.67,100
26432,0.64,0.19,0.45,56.65000000000003,13:23:56,142.68,100,142.75,100,142.72,100
26454,0.77,0.07,0.7,0.0,13:24:00,142.69,100,142.75,900,142.7251,700
26480,0.5700000000000001,0.07,0.5,17.810000000000002,13:24:17,142.69,200,142.74,100,142.69,100
26498,1.2200000000000002,0.13,1.09,36.77,13:24:36,142.71,100,142.77,300,142.75,193
26531,1.1800000000000002,0.08,1.1,42.00000000000001,13:25:42,142.75,100,142.81,100,142.8,200
26552,0.99,0.13,0.86,0.0,13:26:00,142.71,400,142.75,500,142.7321,100
26595,0.99,0.13,0.86,48.57000000000002,13:26:48,142.73,100,142.78,300,142.78,100
26624,1.02,0.07,0.95,29.650000000000002,13:27:29,142.76,100,142.88,800,142.85,100
26626,1.21,0.08,1.13,32.04,13:27:32,142.79,100,142.91,200,142.88,100
26627,1.01,0.07,0.94,33.05,13:27:33,142.83,200,142.94,100,142.93,100
26629,1.0,0.13,0.87,35.239999999999995,13:27:35,142.84,100,142.94,100,142.94,100
26638,1.0,0.07,0.93,45.21,13:27:45,142.87,100,142.96,100,142.96,100
26645,1.3699999999999999,0.16,1.21,53.61000000000001,13:27:53,142.92,300,143.08,100,143.07,100
26647,1.4200000000000002,0.09,1.33,56.46000000000001,13:27:56,142.93,200,143.12,100,143.09,100
26649,4.59,3.5,1.09,0.0,13:28:00,142.95,100,143.12,100,143.11,100
26650,1.2,0.18,1.02,1.2,13:28:01,143.05,100,143.17,100,143.17,100
26652,1.4,0.23,1.17,3.8,13:28:03,143.05,500,143.19,200,143.19,100
26653,1.4100000000000001,0.13,1.28,5.21,13:28:05,143.06,200,143.18,100,143.1311,100
26656,1.6,0.74,0.86,9.41,13:28:09,143.07,200,143.21,400,143.1127,500
26657,1.3599999999999999,0.38,0.98,10.77,13:28:10,143.12,100,143.21,100,143.12,100
26661,1.18,0.19,0.99,15.379999999999999,13:28:15,143.04,200,143.12,100,143.08,100
26673,1.02,0.13,0.89,29.01,13:28:29,143.08,100,143.17,100,143.13,100
26680,1.21,0.18,1.03,37.030000000000015,13:28:37,143.07,100,143.16,500,143.18,100
26682,1.1800000000000002,0.07,1.11,39.41000000000002,13:28:39,143.07,100,143.15,500,143.14,100
26683,1.21,0.24,0.97,40.62000000000002,13:28:40,142.99,500,143.08,100,143.01,100
26687,1.38,0.14,1.24,45.630000000000024,13:28:45,142.94,100,143.04,300,142.99,100
26699,1.4100000000000001,0.07,1.34,0.0,13:29:00,142.81,100,142.98,100,142.98,5551
26702,3.01,1.71,1.3,8.600000000000001,13:29:08,142.81,100,142.95,100,142.8788,200
26713,1.3599999999999999,0.23,1.13,22.970000000000006,13:29:22,142.81,100,143.0,300,143.0,100
26714,1.24,0.27,0.97,24.210000000000004,13:29:24,142.81,200,142.98,300,142.97,100
26735,1.4000000000000001,0.07,1.33,0.0,13:30:00,142.98,200,143.01,100,142.995,100
26739,1.37,0.08,1.29,6.160000000000001,13:30:06,143.03,100,143.13,1000,143.06,100
26750,1.4,0.2,1.2,20.349999999999998,13:30:20,143.0,200,143.11,100,143.02,100
26751,1.03,0.07,0.96,21.38,13:30:21,142.95,100,143.0,100,142.9846,100
26831,1.23,0.18,1.05,0.0,13:32:00,142.89,200,142.95,200,142.9184,500
26859,1.3800000000000001,0.07,1.31,40.38,13:32:40,142.84,300,142.87,100,142.8604,150
26860,1.4,0.18,1.22,41.78,13:32:41,142.82,100,142.86,100,142.84,100
27021,1.3800000000000001,0.08,1.3,20.379999999999995,13:36:20,142.6,200,142.71,200,142.64,100
27106,1.19,0.17,1.02,0.0,13:38:00,142.63,200,142.68,200,142.6532,243
27139,1.18,0.2,0.98,44.77999999999999,13:38:44,142.63,300,142.68,200,142.6644,106
27212,0.99,0.18,0.81,0.99,13:41:00,142.46,100,142.56,200,142.4601,400
27220,1.37,0.07,1.3,10.39,13:41:10,142.46,100,142.56,200,142.5596,600
27647,0.8200000000000001,0.07,0.75,36.010000000000005,13:49:36,142.49,200,142.53,100,142.5236,500
27649,0.81,0.14,0.67,37.800000000000004,13:49:37,142.49,200,142.53,100,142.5124,180
27726,1.41,0.24,1.17,0.0,13:51:00,142.46,100,142.51,100,142.4925,600
27879,0.99,0.25,0.74,0.99,13:54:00,142.48,100,142.56,400,142.5092,1400
27959,1.1800000000000002,0.25,0.93,35.809999999999995,13:55:35,142.42,200,142.48,200,142.4399,300
27984,1.0,0.07,0.93,3.1900000000000004,13:56:03,142.36,100,142.41,100,142.39,100
28006,0.82,0.13,0.69,23.39,13:56:23,142.26,200,142.32,100,142.2609,180
28030,0.98,0.24,0.74,0.0,13:57:00,142.26,100,142.31,100,142.2931,1000
28033,4.21,3.56,0.65,6.01,13:57:06,142.26,200,142.31,100,142.285,100
28034,0.97,0.07,0.9,6.9799999999999995,13:57:06,142.35,200,142.44,100,142.35,100
28087,3.61,2.59,1.02,0.0,13:58:00,142.31,100,142.38,300,142.3408,500
28090,2.0,1.04,0.96,4.39,13:58:04,142.32,100,142.37,200,142.37,100
28391,1.01,0.08,0.93,26.960000000000004,14:04:26,142.33,100,142.38,100,142.355,200
28595,0.98,0.24,0.74,9.19,14:08:09,142.31,200,142.37,100,142.3377,100
28661,1.21,0.08,1.13,38.78,14:09:38,142.27,100,142.32,100,142.29,100
28746,0.82,0.08,0.74,37.43,14:11:37,142.39,100,142.45,300,142.43,200
28766,0.81,0.15,0.66,55.78000000000001,14:11:55,142.43,200,142.5,100,142.4902,100
28772,1.02,0.2,0.82,0.0,14:12:00,142.43,100,142.5,100,142.4763,180
28797,0.8200000000000001,0.07,0.75,28.239999999999995,14:12:28,142.43,100,142.49,200,142.4301,110
29108,1.3699999999999999,0.24,1.13,0.0,14:18:00,142.5,200,142.57,100,142.5396,180
29450,0.57,0.21,0.36,16.8,14:22:16,142.35,300,142.41,200,142.3716,1500
29929,0.7999999999999999,0.1,0.7,0.0,14:28:00,142.34,200,142.38,100,142.365,200
30403,0.8300000000000001,0.15,0.68,37.47,14:33:37,142.27,200,142.33,200,142.2916,700
30485,104.82,104.3,0.52,0.0,14:36:00,142.22,100,142.26,100,142.2463,200
30610,0.96,0.18,0.78,0.0,14:38:00,142.1,200,142.18,100,142.1432,100
30612,1.0,0.2,0.8,1.84,14:38:01,142.1,200,142.18,300,142.1525,1000
30618,4.17,3.55,0.62,10.26,14:38:10,142.1,200,142.17,100,142.135,100
30626,1.98,1.22,0.76,17.990000000000002,14:38:17,142.1,200,142.17,300,142.1308,180
30890,0.8300000000000001,0.28,0.55,0.0,14:41:00,142.11,100,142.2,100,142.1686,220
30956,0.6200000000000001,0.07,0.55,18.209999999999997,14:42:18,142.11,200,142.18,100,142.1453,350
31225,0.61,0.24,0.37,31.840000000000003,14:45:31,142.1,1000,142.13,100,142.1132,200
31379,0.62,0.23,0.39,25.189999999999998,14:47:25,142.0,300,142.05,200,142.0328,1000
31419,0.58,0.21,0.37,0.0,14:48:00,141.89,100,141.95,200,141.9351,500
31589,0.43,0.07,0.36,41.41,14:49:41,141.95,200,142.0,100,141.965,200
31770,0.98,0.53,0.45,0.0,14:52:00,141.99,100,142.08,100,142.015,500
31892,0.59,0.23,0.36,9.200000000000001,14:53:09,142.0,200,142.08,100,142.0403,158
31969,0.62,0.08,0.54,17.029999999999998,14:54:17,142.13,300,142.2,100,142.185,200
32065,0.61,0.08,0.53,5.420000000000001,14:56:05,142.2,400,142.25,200,142.225,100
32209,4.4,3.81,0.59,10.25,14:58:10,142.22,300,142.28,200,142.2334,2000
32935,0.8400000000000001,0.18,0.66,8.620000000000001,15:07:08,142.13,200,142.17,100,142.1527,200
33011,0.8099999999999999,0.08,0.73,16.27,15:08:16,142.21,200,142.25,100,142.2238,200
33166,1.63,1.18,0.45,0.0,15:10:00,142.29,400,142.34,100,142.315,300
33205,0.59,0.15,0.44,30.990000000000002,15:10:30,142.28,100,142.33,100,142.305,200
33253,0.63,0.17,0.46,1.83,15:11:01,142.28,100,142.33,100,142.3031,450
33338,0.62,0.13,0.49,0.0,15:12:00,142.28,200,142.34,100,142.3116,100
33751,0.77,0.18,0.59,30.529999999999998,15:16:30,142.33,200,142.42,100,142.3804,180
33791,0.43,0.13,0.3,0.43,15:17:00,142.33,200,142.36,100,142.345,100
33898,0.6,0.08,0.52,10.799999999999999,15:18:10,142.27,200,142.31,100,142.293,600
34076,0.59,0.18,0.41,15.999999999999996,15:20:15,142.25,300,142.28,200,142.265,100
34128,0.96,0.35,0.61,15.98,15:21:15,142.24,200,142.29,100,142.2601,100
34207,0.5700000000000001,0.14,0.43,0.0,15:22:00,142.25,300,142.29,200,142.253,100
34210,1.98,1.49,0.49,2.99,15:22:02,142.25,300,142.29,200,142.2508,100
34287,4.17,3.56,0.61,7.0,15:23:07,142.12,200,142.2,200,142.1893,2500
34484,0.5900000000000001,0.07,0.52,30.149999999999995,15:25:30,142.29,200,142.35,100,142.3315,700
34872,2.22,1.55,0.67,0.0,15:30:00,142.48,100,142.54,100,142.5155,350
35160,0.61,0.23,0.38,37.59,15:33:37,142.35,100,142.4,300,142.3501,141
35236,0.72,0.19,0.53,32.56,15:34:32,142.27,200,142.29,300,142.2767,150
35354,0.6,0.17,0.43,35.010000000000005,15:35:35,142.35,200,142.38,400,142.3635,200
35540,0.61,0.14,0.47,47.69000000000001,15:37:47,142.36,100,142.41,100,142.3612,300
35658,0.44,0.08,0.36,0.0,15:39:00,142.42,300,142.45,100,142.4452,1060
35857,0.42,0.12,0.3,33.63000000000001,15:41:33,142.44,200,142.48,200,142.4626,100
35860,0.56,0.2,0.36,35.21000000000001,15:41:35,142.43,100,142.45,100,142.4447,1000
36577,0.61,0.23,0.38,55.57000000000001,15:49:55,142.23,400,142.3,200,142.2986,3907
36653,0.84,0.23,0.61,54.22000000000002,15:50:54,142.22,100,142.25,700,142.235,100
36674,2.0100000000000002,1.35,0.66,15.209999999999997,15:51:15,142.21,400,142.23,200,142.2114,200
36857,0.77,0.07,0.7,42.01,15:53:42,142.31,100,142.32,200,142.3199,101
36860,0.6499999999999999,0.08,0.57,44.239999999999995,15:53:44,142.3,700,142.32,300,142.3128,100
36997,0.78,0.17,0.61,23.750000000000004,15:55:23,142.31,200,142.32,100,142.3299,102
37017,0.6,0.08,0.52,37.37,15:55:37,142.29,200,142.3,300,142.2999,150
37035,0.77,0.09,0.68,49.74,15:55:49,142.28,100,142.29,400,142.2899,102
37138,0.61,0.23,0.38,0.0,15:57:00,142.22,100,142.24,200,142.2399,127
37153,0.6200000000000001,0.07,0.55,12.240000000000002,15:57:12,142.22,200,142.25,1000,142.2499,104
37167,0.79,0.17,0.62,26.220000000000006,15:57:26,142.32,100,142.35,100,142.335,100
37213,0.5900000000000001,0.19,0.4,29.980000000000004,15:59:29,142.36,300,142.38,100,142.3735,100
37228,0.6399999999999999,0.07,0.57,40.39000000000001,15:59:40,142.34,400,142.36,100,142.375,100
37231,0.6399999999999999,0.07,0.57,42.59,15:59:42,142.33,200,142.35,200,142.3314,151
37236,0.5900000000000001,0.14,0.45,45.95000000000001,15:59:45,142.29,300,142.32,500,142.3011,1000
