,Total Delay,Request Delay,Saving Delay,Arrival Time,Time,Bid,Bid Size,Ask,Ask Size,Last Price,Last Size
0,0.6499999999999999,0.3,0.35,0.6499999999999999,09:30:00,72.8,500,72.94,100,72.93,100
69,0.42,0.21,0.21,10.05,09:31:10,72.83,100,72.92,100,72.91,100
77,1.79,1.43,0.36,16.86,09:31:16,72.84,400,72.95,100,72.855,100
94,0.27,0.07,0.2,24.190000000000005,09:31:24,72.84,700,72.94,100,72.85,100
186,0.29,0.08,0.21,0.0,09:32:00,72.85,800,72.9,100,72.9,100
302,0.39,0.22,0.17,48.61,09:32:48,72.85,1100,72.94,200,72.86,100
344,0.36,0.18,0.18,0.0,09:33:00,72.87,800,72.94,100,72.905,100
350,3.75,3.46,0.29,5.42,09:33:05,72.87,700,72.94,100,72.87,100
370,0.66,0.28,0.38,18.32,09:33:18,72.82,200,72.84,100,72.885,100
375,0.32,0.15,0.17,20.150000000000002,09:33:20,72.72,400,72.79,200,72.73,100
393,0.35,0.18,0.17,26.1,09:33:26,72.74,400,72.79,300,72.74,200
440,0.45,0.25,0.2,42.420000000000016,09:33:42,72.7,200,72.78,100,72.71,100
452,0.26,0.07,0.19,46.18000000000001,09:33:46,72.69,100,72.76,200,72.69,100
463,0.28,0.07,0.21,50.2,09:33:50,72.69,100,72.76,200,72.76,100
480,0.28,0.11,0.17,0.0,09:34:00,72.69,100,72.75,200,72.72,100
508,1.78,1.57,0.21,11.239999999999998,09:34:11,72.7,100,72.75,500,72.7,100
561,0.26,0.08,0.18,40.00999999999999,09:34:40,72.71,400,72.8,100,72.75,100
625,2.72,2.35,0.37,14.980000000000002,09:35:14,72.68,100,72.74,100,72.68,100
701,0.26,0.08,0.18,44.800000000000004,09:35:44,72.76,100,72.8,200,72.8,100
759,0.38,0.21,0.17,0.0,09:36:00,72.74,500,72.77,200,72.755,100
805,0.65,0.28,0.37,28.220000000000006,09:36:28,72.77,500,72.8,200,72.785,100
809,0.42,0.12,0.3,29.950000000000006,09:36:29,72.83,300,72.89,100,72.83,100
814,0.5800000000000001,0.19,0.39,32.25,09:36:32,72.81,300,72.88,100,72.84,100
860,0.29,0.08,0.21,52.029999999999994,09:36:52,72.81,200,72.88,100,72.81,100
926,0.53,0.1,0.43,28.090000000000003,09:37:28,72.82,100,72.87,100,72.82,100
939,0.47000000000000003,0.13,0.34,34.160000000000004,09:37:34,72.81,100,72.87,100,72.8434,700
998,0.48,0.21,0.27,0.0,09:38:00,72.84,300,72.93,200,72.89,286
1135,0.42000000000000004,0.2,0.22,0.0,09:39:00,72.84,1900,72.89,100,72.865,100
1277,0.46,0.2,0.26,0.0,09:40:00,72.87,500,72.89,300,72.88,100
1560,2.34,2.03,0.31,0.0,09:42:00,72.9,200,72.94,300,72.92,100
1715,0.32,0.08,0.24,3.8599999999999994,09:43:03,72.94,300,72.98,100,72.98,500
1725,0.36,0.09,0.27,7.85,09:43:07,72.95,300,72.98,100,72.96,100
1736,0.6000000000000001,0.27,0.33,12.33,09:43:12,72.96,200,72.99,200,72.975,100
1741,0.4,0.08,0.32,13.950000000000001,09:43:13,72.96,200,72.98,400,72.97,200
1757,0.29000000000000004,0.07,0.22,19.919999999999998,09:43:19,72.98,200,72.98,100,72.99,100
1939,0.3,0.08,0.22,5.81,09:44:05,72.94,200,72.97,300,72.95,100
1972,1.42,1.15,0.27,2.02,09:45:02,72.92,100,72.94,300,72.94,100
1977,1.44,1.19,0.25,6.029999999999999,09:45:06,72.92,100,72.95,100,72.935,100
2110,0.37,0.1,0.27,8.35,09:46:08,72.97,300,73.0,1500,73.0,200
2215,0.39,0.21,0.18,52.060000000000024,09:46:52,73.0,200,73.03,200,73.01,1354
2221,0.44,0.22,0.22,54.36000000000003,09:46:54,73.02,300,73.06,100,73.03,100
2227,0.25,0.07,0.18,0.0,09:47:00,73.04,100,73.08,200,73.055,100
2233,0.25,0.07,0.18,2.02,09:47:02,73.07,100,73.12,300,73.08,200
2239,0.28,0.07,0.21,4.04,09:47:04,73.08,400,73.12,300,73.06,100
2257,4.91,4.57,0.34,15.370000000000001,09:47:15,73.09,200,73.15,100,73.11,100
2343,0.5900000000000001,0.27,0.32,48.38999999999999,09:47:48,73.09,300,73.14,100,73.15,942
2378,0.44,0.21,0.23,0.0,09:48:00,73.11,100,73.14,100,73.125,100
2423,0.37,0.14,0.23,21.68,09:48:21,73.12,200,73.13,100,73.13,100
2429,0.25,0.07,0.18,23.79,09:48:23,73.12,200,73.18,500,73.1275,100
2533,0.51,0.15,0.36,0.0,09:49:00,73.17,200,73.19,300,73.18,100
2538,0.37,0.08,0.29,2.16,09:49:02,73.15,500,73.17,100,73.16,100
2550,2.28,1.94,0.34,16.67,09:49:16,73.15,500,73.18,100,73.17,100
2577,0.4,0.07,0.33,28.16,09:49:28,73.15,500,73.18,200,73.1691,1000
2654,0.33,0.08,0.25,2.22,09:50:02,73.19,100,73.22,200,73.21,100
2663,0.4,0.07,0.33,6.07,09:50:06,73.18,400,73.2,300,73.2,100
2671,0.44,0.12,0.32,13.200000000000001,09:50:13,73.18,400,73.2,200,73.19,100
2673,0.45,0.12,0.33,14.040000000000001,09:50:14,73.17,100,73.18,200,73.175,100
2677,0.45999999999999996,0.21,0.25,16.03,09:50:16,73.15,300,73.16,200,73.1797,100
2712,0.5,0.27,0.23,32.290000000000006,09:50:32,73.13,1000,73.14,300,73.14,100
2716,0.67,0.22,0.45,34.120000000000005,09:50:34,73.07,100,73.1,200,73.09,100
2756,0.34,0.07,0.27,53.85000000000002,09:50:53,73.07,300,73.12,200,73.105,500
2928,0.42000000000000004,0.19,0.23,0.0,09:52:00,73.09,300,73.16,200,73.095,100
3085,0.29000000000000004,0.09,0.2,2.16,09:53:02,73.13,500,73.2,500,73.165,100
3266,0.43000000000000005,0.26,0.17,23.950000000000006,09:54:23,73.17,400,73.23,200,73.23,100
3274,0.24000000000000002,0.07,0.17,26.040000000000003,09:54:26,73.18,300,73.23,200,73.22,100
3439,0.28,0.08,0.2,32.17999999999999,09:55:32,73.19,400,73.22,200,73.205,100
3518,0.91,0.63,0.28,2.37,09:56:02,73.13,700,73.14,200,73.135,200
3724,0.56,0.27,0.29,27.21999999999999,09:57:27,73.09,200,73.11,600,73.1,100
3729,0.25,0.07,0.18,29.22999999999999,09:57:29,73.08,100,73.09,100,73.085,100
3795,0.33999999999999997,0.12,0.22,0.0,09:58:00,73.03,300,73.07,100,73.05,100
3817,0.25,0.09,0.16,15.98,09:58:15,73.06,100,73.09,100,73.07,100
3845,0.37,0.2,0.17,30.03000000000001,09:58:30,73.06,200,73.09,200,73.07300000000001,200
4138,0.41000000000000003,0.09,0.32,26.470000000000006,10:00:26,73.11,100,73.12,100,73.12,200
4256,0.29000000000000004,0.09,0.2,14.02,10:01:14,73.06,200,73.09,100,73.075,100
4818,0.37,0.17,0.2,16.070000000000004,10:05:16,73.02,300,73.04,500,73.02,100
5528,0.35,0.12,0.23,22.22000000000001,10:12:22,72.95,400,72.96,300,72.955,100
5830,0.25,0.07,0.18,49.82000000000002,10:14:49,72.91,300,72.93,300,72.921,114
6261,0.6,0.18,0.42,54.17000000000004,10:17:54,73.01,200,73.04,500,73.015,100
6352,0.29000000000000004,0.07,0.22,12.509999999999998,10:19:12,73.01,300,73.04,300,73.005,100
6547,0.34,0.07,0.27,4.069999999999999,10:21:04,73.09,400,73.13,200,73.1132,100
6551,0.47000000000000003,0.08,0.39,5.989999999999998,10:21:05,73.09,400,73.13,200,73.1215,500
6803,0.38,0.17,0.21,35.330000000000005,10:23:35,73.17,200,73.21,100,73.1836,1000
6875,0.44,0.14,0.3,0.0,10:24:00,73.17,300,73.21,200,73.1973,100
6944,0.45,0.14,0.31,29.82,10:24:29,73.19,300,73.21,100,73.2086,403
7205,0.24000000000000002,0.07,0.17,6.880000000000001,10:27:06,73.17,500,73.19,300,73.1701,300
7595,0.31,0.07,0.24,11.490000000000002,10:30:11,73.22,400,73.25,300,73.24,100
7605,0.3,0.08,0.22,19.43,10:30:19,73.23,500,73.25,300,73.2492,500
8162,1.2,0.77,0.43,12.979999999999999,10:36:12,73.24,400,73.26,300,73.25,100
8174,0.76,0.17,0.59,20.19,10:36:20,73.27,200,73.28,100,73.27,100
8177,0.8300000000000001,0.19,0.64,22.410000000000004,10:36:22,73.27,300,73.28,100,73.28,100
8277,0.63,0.25,0.38,23.76,10:37:23,73.25,300,73.27,600,73.26,100
8472,0.7699999999999999,0.08,0.69,37.180000000000014,10:39:37,73.25,500,73.28,300,73.265,100
8511,0.7999999999999999,0.08,0.72,23.98,10:40:23,73.28,200,73.31,500,73.3,100
8628,0.6,0.18,0.42,42.21,10:41:42,73.24,400,73.27,100,73.255,200
8945,0.44,0.08,0.36,15.199999999999998,10:45:15,73.23,600,73.24,100,73.225,100
9185,0.6100000000000001,0.07,0.54,0.0,10:47:00,73.2,200,73.21,200,73.185,100
9459,0.5800000000000001,0.14,0.44,0.0,10:51:00,73.17,400,73.19,300,73.1898,100
9724,0.43999999999999995,0.09,0.35,0.0,10:54:00,73.14,200,73.18,300,73.1796,200
9766,0.46,0.07,0.39,6.6899999999999995,10:56:06,73.15,800,73.18,700,73.1699,700
9879,0.59,0.15,0.44,47.740000000000016,10:57:47,73.22,900,73.25,200,73.235,100
10256,135.06,134.46,0.6,0.0,11:03:00,73.28,700,73.31,200,73.2999,190
10318,0.77,0.23,0.54,0.0,11:04:00,73.28,500,73.3,300,73.29,100
10338,0.8200000000000001,0.07,0.75,6.01,11:05:06,73.25,500,73.27,300,73.2521,500
10355,0.43,0.07,0.36,21.17000000000001,11:05:21,73.22,400,73.23,300,73.215,100
10359,0.56,0.22,0.34,23.35000000000001,11:05:23,73.21,200,73.23,600,73.2195,148
10734,0.5700000000000001,0.14,0.43,19.809999999999995,11:09:19,73.17,400,73.19,700,73.17699999999999,350
10827,0.57,0.09,0.48,19.399999999999995,11:10:19,73.16,300,73.18,600,73.161,100
10866,0.43000000000000005,0.09,0.34,43.37000000000001,11:10:43,73.15,400,73.16,300,73.1501,100
10937,0.5900000000000001,0.27,0.32,36.42000000000001,11:11:36,73.13,200,73.15,400,73.1346,700
10978,0.56,0.07,0.49,4.37,11:12:04,73.12,100,73.15,200,73.1326,200
11109,0.5800000000000001,0.07,0.51,26.159999999999997,11:13:26,73.09,200,73.11,700,73.0905,100
11476,0.95,0.35,0.6,32.35,11:19:32,73.04,400,73.06,300,73.053,1000
11484,0.6,0.18,0.42,37.790000000000006,11:19:37,73.04,300,73.06,300,73.04,100
11642,0.64,0.19,0.45,17.79,11:21:17,73.05,300,73.08,100,73.065,100
12148,18.869999999999997,18.13,0.74,27.08,11:30:27,73.2,400,73.23,100,73.2225,900
12480,0.59,0.08,0.51,10.16,11:34:10,73.16,300,73.18,300,73.1712,400
12582,0.5800000000000001,0.18,0.4,8.96,11:36:08,73.13,300,73.16,100,73.145,100
12819,0.61,0.21,0.4,6.210000000000001,11:41:06,73.19,500,73.2,100,73.1975,100
13103,0.47000000000000003,0.08,0.39,30.370000000000005,11:43:30,73.16,400,73.19,200,73.1805,100
13738,0.30000000000000004,0.14,0.16,0.0,11:49:00,73.13,300,73.15,100,73.1301,100
14484,0.38,0.2,0.18,36.46,11:53:36,73.02,500,73.07,300,73.045,100
15307,0.3,0.08,0.22,27.740000000000013,11:59:27,73.05,500,73.08,400,73.0797,100
16345,0.24000000000000002,0.07,0.17,0.0,12:06:00,73.09,500,73.11,100,73.1034,100
16514,4.23,3.96,0.27,15.46,12:07:15,73.04,400,73.07,200,73.0697,100
19035,0.62,0.29,0.33,0.0,12:23:00,73.06,500,73.08,800,73.0668,500
20869,0.56,0.24,0.32,1.12,12:35:01,73.1,600,73.11,500,73.1075,100
21463,0.24000000000000002,0.07,0.17,16.89,12:39:16,72.99,200,73.03,400,73.0032,107
21786,149.10999999999999,148.89,0.22,0.0,12:43:00,73.02,300,73.06,400,73.025,200
21837,0.26,0.08,0.18,0.0,12:44:00,73.02,300,73.05,500,73.035,100
24902,0.26,0.08,0.18,0.0,13:06:00,73.06,400,73.09,1000,73.0825,400
25235,3.9499999999999997,3.57,0.38,0.0,13:11:00,73.05,200,73.07,700,73.0575,100
25869,0.6,0.21,0.39,7.36,13:17:07,73.08,500,73.1,400,73.0875,100
25984,0.44,0.14,0.3,0.0,13:19:00,73.07,700,73.09,300,73.0784,200
26131,0.76,0.33,0.43,28.820000000000007,13:20:28,73.08,100,73.09,300,73.0775,100
27134,1.19,0.3,0.89,39.199999999999996,13:38:39,72.99,600,73.0,800,72.9901,140
27192,1.1800000000000002,0.07,1.11,46.55,13:39:46,72.98,300,72.99,100,72.9815,1000
27204,1.1900000000000002,0.07,1.12,2.3900000000000006,13:40:02,72.98,300,72.99,300,72.9801,181
27252,1.04,0.13,0.91,46.620000000000005,13:41:46,72.98,600,73.0,300,72.985,100
27365,1.2,0.21,0.99,0.0,13:44:00,72.98,800,72.99,700,72.9875,100
27491,1.1900000000000002,0.07,1.12,44.209999999999994,13:46:44,72.97,200,72.98,700,72.9765,444
27566,1.19,0.33,0.86,4.42,13:48:04,72.94,300,72.96,300,72.9599,237
27971,1.3900000000000001,0.09,1.3,0.0,13:56:00,72.89,600,72.9,800,72.8901,112
28117,1.38,0.14,1.24,47.15000000000001,13:58:47,72.83,200,72.86,200,72.845,100
28149,1.19,0.13,1.06,23.57,13:59:23,72.83,200,72.85,300,72.8412,747
28177,1.38,0.19,1.19,0.0,14:00:00,72.82,500,72.85,400,72.8348,100
28458,1.2,0.15,1.05,10.209999999999999,14:05:10,72.88,800,72.91,1000,72.895,1000
28461,1.04,0.21,0.83,13.82,14:05:13,72.88,800,72.91,1000,72.8801,100
28757,0.81,0.07,0.74,47.580000000000005,14:11:47,72.87,800,72.88,400,72.8775,100
28868,0.97,0.23,0.74,0.0,14:13:00,72.87,500,72.88,700,72.875,100
28951,0.8200000000000001,0.07,0.75,0.0,14:15:00,72.88,1000,72.89,300,72.881,138
29131,1.17,0.24,0.93,38.78000000000001,14:18:38,72.83,500,72.86,300,72.8502,100
29168,1.1800000000000002,0.09,1.09,0.0,14:19:00,72.83,700,72.86,400,72.8402,200
29338,0.61,0.2,0.41,9.829999999999998,14:21:09,72.79,500,72.81,800,72.7901,100
29393,0.43,0.07,0.36,0.0,14:22:00,72.79,300,72.81,800,72.79,100
29863,0.57,0.08,0.49,22.779999999999998,14:27:22,72.83,300,72.84,1000,72.835,100
29877,0.61,0.21,0.4,30.599999999999998,14:27:30,72.82,500,72.83,900,72.8299,371
30007,0.45999999999999996,0.15,0.31,0.0,14:29:00,72.81,100,72.84,300,72.825,100
30875,0.95,0.37,0.58,0.0,14:41:00,72.8,500,72.81,1200,72.805,100
30949,0.5900000000000001,0.07,0.52,8.02,14:42:08,72.79,400,72.8,900,72.795,200
31109,0.79,0.27,0.52,0.0,14:44:00,72.78,200,72.79,900,72.78,100
32109,0.59,0.21,0.38,0.0,14:57:00,72.79,300,72.8,400,72.7988,100
32360,0.61,0.26,0.35,41.960000000000036,14:59:41,72.79,500,72.8,800,72.7975,100
32534,0.61,0.18,0.43,30.22,15:01:30,72.8,100,72.83,700,72.815,100
32706,0.76,0.07,0.69,16.13,15:04:16,72.8,500,72.81,900,72.8001,100
33138,0.44,0.14,0.3,26.03,15:09:26,72.82,600,72.83,500,72.8275,100
33307,0.7799999999999999,0.08,0.7,42.57000000000001,15:11:42,72.82,400,72.84,300,72.8286,205
33516,0.59,0.15,0.44,0.0,15:14:00,72.81,500,72.82,500,72.8146,1000
33689,0.43,0.07,0.36,0.0,15:16:00,72.8,400,72.81,700,72.8066,334
33950,0.59,0.09,0.5,0.0,15:19:00,72.8,600,72.82,400,72.813,200
34143,0.62,0.2,0.42,13.479999999999999,15:21:13,72.81,1100,72.82,500,72.8175,300
34330,0.78,0.07,0.71,32.38,15:23:32,72.83,900,72.84,500,72.8375,200
34488,0.6,0.19,0.41,21.82,15:25:21,72.84,800,72.86,600,72.8532,500
34552,3.8000000000000003,3.24,0.56,14.559999999999999,15:26:14,72.85,500,72.86,900,72.8501,100
34568,0.61,0.23,0.38,24.569999999999993,15:26:24,72.85,1200,72.86,900,72.8575,300
35139,0.6100000000000001,0.07,0.54,25.419999999999998,15:33:25,72.81,900,72.82,700,72.8166,1000
35177,0.58,0.08,0.5,49.57,15:33:49,72.8,600,72.82,300,72.8136,350
35333,0.44,0.07,0.37,29.510000000000005,15:35:29,72.82,900,72.84,600,72.839,450
35554,0.77,0.17,0.6,0.0,15:38:00,72.84,1200,72.85,200,72.8475,200
35723,0.5900000000000001,0.27,0.32,52.01000000000001,15:39:52,72.84,600,72.85,300,72.8423,100
36076,5.37,4.93,0.44,0.0,15:44:00,72.79,300,72.8,700,72.791,100
36155,0.57,0.09,0.48,0.0,15:45:00,72.78,600,72.79,500,72.7801,100
36226,0.5800000000000001,0.07,0.51,46.40000000000001,15:45:46,72.78,800,72.79,800,72.7848,100
36346,0.44,0.07,0.37,16.450000000000003,15:47:16,72.74,800,72.75,500,72.7401,111
36384,0.5900000000000001,0.13,0.46,39.41000000000004,15:47:39,72.74,1000,72.75,500,72.7499,133
36405,0.58,0.09,0.49,51.650000000000055,15:47:51,72.74,1100,72.75,900,72.745,100
36511,2.06,1.54,0.52,14.410000000000004,15:49:14,72.71,500,72.73,400,72.7243,575
36539,0.64,0.23,0.41,33.63,15:49:33,72.72,500,72.73,500,72.725,100
36594,0.81,0.07,0.74,4.57,15:50:04,72.73,800,72.74,200,72.735,100
36617,0.61,0.18,0.43,25.790000000000013,15:50:25,72.74,400,72.75,600,72.7475,100
36669,0.6100000000000001,0.07,0.54,9.559999999999999,15:51:09,72.73,600,72.74,200,72.7375,100
36678,0.62,0.09,0.53,17.58,15:51:17,72.73,800,72.74,200,72.7399,109
36819,0.76,0.08,0.68,10.01,15:53:10,72.72,1400,72.73,400,72.7281,1500
36901,0.77,0.07,0.7,12.17,15:54:12,72.75,900,72.77,600,72.77,100
36911,0.6,0.24,0.36,19.62,15:54:19,72.77,300,72.78,100,72.775,100
37176,0.75,0.29,0.46,1.9700000000000002,15:59:01,72.78,1600,72.79,1500,72.7856,100
